3142 4774
361 459 414 528 m
440 454 651 525 vaanmu
677 457 781 524 ac‘r.
807 456 862 540 11,
889 454 980 523 ma.
1006 457 1080 523 111.
1205 458 1252 551 49

193 577 316 647 multis
337 576 381 648 ab
409 577 476 647 isto
502 576 624 669 ejectis
652 579 801 646 veniret.
825 572 946 644 Fecit³
967 590 1008 645 ut
1031 575 1253 647 decumanus

192 691 447 788 Nymphonem
468 704 634 786 negaret,
655 713 699 759 ex
722 688 840 760 edicto
861 688 922 759 illo
943 689 1128 785 praeclaro,
1154 691 1255 788 quod

193 801 329 871 nullam
344 800 388 870 ad
403 800 507 869 aliam
524 824 622 883 rem,
640 799 707 868 nisi
722 796 767 868 ad
783 795 992 892 hujusmodi
1011 814 1166 894 quaestus
1180 823 1256 896 per-

194 907 345 993 tinebat,
368 931 561 978 numerum
579 907 747 1003 jugerum
768 903 969 1003 professum
984 928 1071 978 esse.
1086 908 1256 1006 Nympho

194 1043 306 1114 quum
330 1042 367 1088 se
389 1016 497 1087 vellet
521 1040 626 1113 aequo
645 1015 805 1110 judic'm‘*
833 1012 1047 1100 defendere,
1073 1017 1139 1085 iste
1163 1018 1258 1087 viros

169 1186 175 1196 ,
194 1127 351 1223 optimos
375 1138 647 1222 recuperatores
666 1123 746 1212 dat,
767 1109 933 1195 eumdem
953 1123 1055 1194 illum
1076 1124 1258 1197 medicum

194 1229 429 1304 Cornelium⁵
447 1233 504 1327 (is
525 1248 578 1303 est
600 1233 846 1304 Artemidorus
860 1238 1039 1331 Pergaeus,
1058 1237 1120 1330 qni
1142 1236 1179 1304 in
1195 1260 1259 1305 sna

193 1347 307 1441 patria
332 1342 406 1413 dnx
431 1343 489 1412 isti
517 1341 702 1438 quondam
731 1357 766 1414 et
790 1345 958 1439 magister
982 1340 1026 1412 ad
1052 1340 1255 1439 despolian-

195 1449 307 1523 dnm⁶
334 1454 457 1524 Dianae
481 1452 659 1549 templum
683 1450 793 1546 fuit),
815 1468 851 1523 et
872 1454 1071 1549 aruspicem
1096 1451 1257 1522 Volusia-

195 1587 305 1647 num,
332 1576 368 1632 et
395 1562 579 1632 Valerium
607 1584 818 1657 praeconem.
844 1561 1035 1659 Nympho,
1064 1576 1259 1659 autequam

196 1673 303 1769 plane
317 1672 513 1758 constitit⁷‚
533 1669 804 1741 condemnatur.
825 1671 984 1761 Quanti?
1001 1671 1150 1742 lortasse
1164 1697 1261 1769 quae·

197 1782 284 1850 ritis.
311 1779 417 1849 Nulla
445 1793 521 1850 erat
545 1777 651 1850 edicti
676 1804 785 1877 poena
812 1794 919 1851 certa.
946 1770 1153 1853 Frumenti8
1183 1784 1260 1879 ejus

196 1891 334 1974 omnis,
353 1889 451 1986 quod
468 1891 505 1959 in
525 1890 615 1959 areis
631 1903 731 1960 esset.
752 1893 809 1961 Sic
826 1892 1006 1986 Apronius
1021 1889 1257 1978 decumanus,

198 2024 272 2069 non
302 1999 491 2070 decumam
519 1998 694 2086 debitam,
729 2022 803 2069 non
832 1999 1052 2070 frumentum
1080 2016 1260 2072 remotum

198 2123 307 2204 atque
326 2106 501 2195 celatum,
526 2107 588 2179 sed
612 2109 719 2178 tritici
745 2123 882 2205 septem
904 2109 1015 2179 millia
1038 2108 1263 2180 medimnum

198 2243 242 2288 ex
261 2217 489 2314 Nymphonis
509 2218 749 2304 arationibus,
767 2218 873 2288 edicti
888 2241 1014 2314 poena,
1032 2243 1107 2288 non
1122 2219 1260 2289 redem-

200 2329 332 2424 ptionis
354 2328 475 2424 aliquo
497 2328 577 2424 jure
598 2327 703 2399 tollit.

246 2439 358 2506 XXII.
368 2437 532 2508 Xenonis
543 2441 688 2508 Meneni
700 2448 724 2522 ¹,
735 2435 948 2509 nobilissimi
962 2437 1130 2527 hominis,
1140 2442 1261 2512 uxoris

199 2545 332 2616 fundus
353 2560 428 2616 erat
447 2546 580 2616 colono
598 2545 757 2616 locatus:
780 2547 949 2636 colonus,
973 2547 1261 2643 quoddecuma·

199 2680 331 2725 norum
345 2657 494 2751 injurias
509 2654 601 2726 ferre
616 2681 691 2726 non
706 2671 866 2752 poterat,
881 2681 923 2727 ex
938 2680 1023 2753 agro
1040 2653 1259 2753 profugerat.

200 2770 329 2836 Verres
347 2767 384 2834 in
403 2769 593 2836 Xenonem
615 2764 793 2859 judicium
819 2765 929 2836 debat
953 2764 1043 2835 illud
1067 2789 1174 2835 suum
1197 2767 1260 2837 da-

201 2876 417 2944 mnatorium
429 2886 444 2917 ²
460 2875 504 2945 de
519 2872 686 2971 jugerum
706 2874 938 2972 professione.
948 2880 1053 2945 Xeno
1063 2877 1109 2945 ad
1124 2901 1162 2947 se
1181 2900 1262 2973 per-

201 2983 316 3052 tinere
334 2983 509 3079 negabat:
529 2980 682 3054 fundum
699 2982 877 3054 elocatum
893 3008 969 3054 esse
982 2982 1133 3054 dicebat.
1148 2981 1265 3054 Dabat

201 3133 317 3182 omnibus
336 3132 425 3195 quibus
442 3134 584 3198 colligendi,
610 3151 707 3183 conrer·
751 3135 1266 3197 Men.Grut.Lamb.Desj.Sobemendant,

201 3212 274 3261 vendi
293 3222 350 3260 eunt
371 3211 465 3260 fructur
479 3214 611 3260 ornavisset
635 3212 709 3277 (gell.
753 3215 999 3279 utmcepimur,loeo
1013 3218 1221 3279 ullergrmenurn.

193 3290 386 3356 fariunaloir).
791 3294 815 3342 6.
828 3293 899 3340 Mulit
911 3295 1005 3341 Erneet.
1021 3293 1216 3360 dispoliandum,
1230 3305 1267 3341 at-

238 3371 262 3419 3.
275 3371 347 3418 Fecit.
367 3370 469 3419 curavit
486 3368 573 3418 Verres
587 3382 614 3418 ut
626 3375 711 3435 Apro·
756 3371 879 3434 queinlra,
889 3373 932 3429 Π,
941 3388 981 3431 no,
988 3371 1167 3436 dispoliantur.
1175 3374 1265 3422 J.V.L.

202 3451 257 3496 niue
278 3448 436 3497 contenderet
455 3449 629 3513 Nymphonem
651 3459 712 3513 quot
793 3465 817 3510 7.
835 3449 954 3499 Constitit.
969 3451 1068 3511 Planum
1080 3452 1170 3499 lectum
1183 3462 1268 3512 est,eu

15 3532 16 3541 ¹
100 3532 105 3545 '
201 3539 279 3576 meet
296 3527 611 3591 jugermoudeulerrere.
756 3544 847 3577 nocens
860 3540 994 3589 arataeo
1007 3546 1087 3578 revera
1097 3533 1210 3594 jugerum
1223 3547 1269 3578 uu·

143 3652 149 3661 ,
238 3617 262 3665 4.
272 3608 353 3671 AEquo
357 3607 463 3673 judicio.
473 3608 611 3655 Siculorum
618 3607 712 3670 legibue
757 3623 850 3654 merum
862 3609 994 3673 professus.

203 3686 348 3734 constituto.
361 3685 420 3732 Vid.
431 3702 486 3749 eup.
498 3689 534 3745 11,
552 3683 593 3735 ιδ.
778 3687 818 3733 ll.
832 3687 964 3734 Frumenti.
989 3686 1160 3749 subintellige,
1178 3685 1268 3733 coude-

238 3765 262 3815 5.
282 3764 427 3816 Cornelium.
442 3768 544 3814 Patroni
562 3767 600 3814 eui
622 3781 714 3814 nomen
759 3775 864 3819 muatur,
879 3765 945 3826 quod
959 3766 1134 3829 superposuit
1144 3764 1256 3828 scriptor.

203 3845 243 3893 ille
253 3858 387 3909 sumpserat
397 3861 411 3892 e
423 3845 539 3894 Cornelio
551 3847 627 3892 Verre
639 3846 665 3891 iu
683 3844 714 3891 ll-
793 3844 878 3889 xxu.
893 3842 1086 3890 1.Menenr'.Ab
1100 3840 1160 3888 urbe
1173 3842 1270 3903 Meuia,

202 3926 323 3972 bertetem
338 3924 482 3973 vindicatus.
496 3925 536 3973 Cf.
548 3924 592 3971 inl.
606 3924 646 3970 28.
657 3923 717 3971 Non
757 3937 833 3985 graece
856 3918 940 3968 Metui.
962 3922 1052 3967 Xenon
1066 3918 1170 3968 fundum
1183 3923 1226 3985 qni
1240 3923 1271 3971 ed

205 4018 235 4050 ex
246 4005 376 4065 Pergamo,
395 4003 502 4050 Minoris
512 4004 578 4051 Aeiae
591 4000 662 4057 urbe,
675 4000 718 4048 sed
762 4016 862 4049 uxorem
875 3998 1024 4064 pertinebat,
1037 3999 1129 4047 colono
1138 3999 1271 4050 locaverat.

207 4082 298 4145 Perga,
311 4080 461 4146 Pamphylia
474 4082 568 4145 oppido
581 4114 589 4135 ,
601 4079 718 4127 oriundus
798 4096 823 4126 a.
833 4077 1030 4126 Damnaturium.
1044 4079 1102 4140 Quo
1115 4094 1213 4128 neeesse
1224 4091 1275 4128 erat

206 4170 268 4215 erut,
283 4171 309 4206 nt
320 4172 421 4223 apparet
431 4177 522 4224 supro,
543 4160 567 4217 l,
579 4173 621 4206 ao.
635 4160 718 4221 ltaque
763 4167 881 4206 aratorem
894 4158 1018 4215 damnari,
1030 4169 1053 4205 et
1066 4158 1168 4206 involvi.

305 4248 346 4313 ll.
375 4264 484 4323 capra
497 4257 626 4349 ntum..
1061 4248 1065 4255 “
1156 4248 1178 4326 l,
