3054 4772
478 415 870 485 ARGUMENTUM.
1124 415 1197 512 629

177 551 270 617 pturae
283 548 394 595 ortam:
409 536 488 614 quod
502 549 596 599 umen
608 537 703 595 minus
713 555 800 614 quam
813 535 885 597 illud
897 535 1019 597 alterum
1031 536 1195 614 probabili-

178 636 243 695 tatis
260 623 355 693 babet.
377 638 462 693 Hune
477 634 606 693 codicem
625 635 748 693 contulit
765 634 834 691 olim
852 632 971 695 Gabriel
984 638 1125 703 Faernus,
1150 636 1196 695 vir

177 743 298 809 propter
311 730 518 802 eruditionem,
539 750 719 807 acumenque
735 730 858 808 ingenii,
873 731 918 791 rel
933 730 962 787 in
976 729 1129 808 splendido
1143 732 1195 790 illo

176 829 322 886 literarum
334 846 396 887 aevo
410 827 647 905 conspiciendus:
666 828 691 885 is
704 846 760 904 pro
772 846 853 885 more
867 826 1005 904 temporis
1018 828 1087 885 satis
1104 828 1196 905 pepli-

174 937 275 1001 genter
287 924 324 981 de
338 922 437 982 codiee
450 924 589 1000 loquitur,
610 922 692 1000 cujus
713 936 808 981 tamen
824 922 934 1000 insigne
948 922 1074 999 pretium
1086 924 1195 1001 optime

173 1022 364 1101 intelligebat,
384 1023 614 1100 antiquissimum
635 1023 711 1081 eninr
728 1022 856 1100 appellat
869 1035 955 1099 atque
969 1023 1054 1085 unice
1072 1021 1109 1083 ad
1134 1022 1196 1100 ejus

173 1120 371 1181 auctoritatem
387 1133 543 1196 provocat,
565 1117 594 1177 id
617 1138 685 1179 vero
707 1118 813 1179 docere
829 1117 937 1179 oblitus
949 1131 1006 1190 est,
1029 1132 1142 1178 ceteros
1158 1139 1195 1177 ex

172 1216 223 1274 illo
234 1216 271 1275 ad
287 1237 377 1275 unum
393 1237 492 1277 omnes
508 1218 706 1296 transcriptos,
719 1230 806 1294 atque
817 1217 854 1279 ad
867 1236 935 1275 eum
947 1228 1129 1295 comparatos
1141 1237 1196 1295 pro

171 1311 263 1371 nihilo
279 1311 429 1370 habendos
441 1333 513 1371 esse.
532 1312 612 1372 Idem
627 1333 731 1390 porro,
744 1332 834 1390 quum
850 1332 910 1370 non
922 1331 1037 1391 semper
1052 1314 1122 1373 satis
1134 1313 1195 1371 dis-

172 1407 315 1485 tingueret
330 1407 406 1465 inter
421 1427 456 1466 ea
470 1427 536 1484 quae
547 1408 577 1464 in
592 1407 692 1467 codice
709 1409 818 1486 legeret
834 1421 864 1467 et
884 1427 918 1465 ea
933 1428 998 1486 quae
1008 1407 1070 1486 ipse
1081 1409 1196 1467 inveni·

172 1517 234 1574 ret,
259 1516 392 1581 posteros
420 1523 638 1581 nonnumquam
665 1505 790 1563 incertos
815 1504 953 1582 reliquit3
977 1524 1072 1582 neque
1100 1505 1195 1563 varias

172 1601 309 1660 lectiones
326 1620 427 1660 omnes
440 1602 583 1660 enotavit:
599 1601 677 1661 unde
688 1602 795 1661 lactum
810 1616 871 1671 est,
891 1615 923 1659 ut
933 1601 1067 1692 pluribus
1081 1603 1111 1660 in
1125 1601 1195 1663 locis

171 1697 324 1756 emendata
335 1698 443 1757 codicis
460 1697 583 1756 lectione
597 1717 760 1757 careamus:
774 1717 839 1774 quae
858 1717 904 1756 res
926 1718 972 1756 me
987 1699 1145 1776 permovit,
1162 1712 1195 1756 ut

169 1794 246 1852 illius
264 1795 417 1872 archetypi
433 1795 571 1852 lectiones
583 1794 678 1853 varias
693 1794 724 1851 in
742 1793 799 1851 b'oc
819 1794 966 1852 volumine
983 1814 1193 1872 proponerent,

169 1891 294 1950 exclusis
318 1904 414 1949 tanmn
432 1891 544 1949 mendis
567 1888 797 1961 horridioribus,
813 1909 939 1967 quorum
961 1889 1071 1951 infinita
1093 1890 1194 1949 multi-

169 1987 258 2059 tudo,
273 2007 338 2065 quae
349 1986 387 2047 ub
402 1988 485 2045 initio
499 1989 697 2047 necessitatem
713 1987 887 2047 emendandi
903 1987 1080 2063 imposuerat
1094 1987 1195 2063 primis

168 2072 330 2143 editoribus
343 2103 403 2143 non
413 2083 498 2143 nimis
509 2084 618 2154 doctis,
632 2084 822 2145 temeritatem
834 2084 908 2141 ultra
922 2081 1040 2140 modum
1051 2082 1142 2141 auxit.

206 2186 304 2258 Atque
324 2181 381 2239 boc
397 2181 587 2259 fragmentum
609 2201 699 2258 quum
719 2179 757 2237 ab
776 2180 859 2239 initio
879 2181 967 2256 longe
987 2179 1097 2256 majore
1113 2193 1194 2254 parte

167 2276 256 2337 totius
268 2277 407 2336 credonis
418 2277 581 2345 deliciatur,
599 2275 687 2334 aliam
696 2274 902 2343 deminutionis
914 2274 1056 2351 speciem,
1067 2294 1134 2351 quae
1149 2288 1193 2333 ta-

166 2392 232 2431 nten
248 2374 318 2439 [alsa
330 2386 387 2445 est,
401 2374 433 2433 in
447 2373 542 2431 medio
558 2372 691 2451 praefert,
708 2370 760 2431 ubi
777 2370 933 2430 adnotatur
948 2371 1066 2433 «omnia
1083 2369 1119 2431 de
1136 2373 1191 2431 cri-

166 2469 242 2527 mine
260 2469 388 2541 vinario,
406 2467 444 2527 de
463 2467 541 2526 bello
553 2467 782 2539 Vocontiorum,
797 2466 833 2537 de
848 2466 1037 2544 dispositione
1051 2466 1190 2527 hiberno-

166 2585 251 2634 rum,
266 2564 403 2625 deesses:
420 2584 545 2641 quorum
564 2564 683 2641 quidem
700 2567 827 2641 capitum
848 2563 924 2625 tituli
945 2565 975 2621 in
995 2563 1192 2640 antiquissimo

165 2661 266 2720 codiee
278 2661 369 2721 minio
381 2661 482 2738 scripti
494 2675 570 2719 sunt.
581 2669 620 2731 at
634 2682 671 2723 ne
685 2661 761 2720 forte
777 2659 929 2719 credamus
942 2649 1081 2720 desidiam
1099 2659 1190 2719 libra-

166 2758 203 2815 rii
225 2757 336 2815 cladem
360 2758 477 2827 secisse,
503 2758 687 2817 transilientis
706 2776 772 2834 quae
794 2755 907 2817 homini
931 2755 1050 2813 indocto
1073 2756 1189 2815 taedium

166 2868 328 2923 moverent,
349 2853 446 2915 obstat
459 2857 585 2933 primum
598 2855 717 2933 quidem
732 2851 909 2913 incredibilis
924 2853 1050 2913 hominis
1069 2866 1173 2930 stupor
1181 2876 1191 2927 3

164 2952 231 3028 qui,
246 2971 336 3030 quum
348 2952 408 3010 sine
423 2952 483 3009 ullo
496 2972 582 3011 sensu
593 2951 691 3009 omnia
705 2949 861 3020 scriberet,
875 2947 1017 3025 ejusmodi
1028 2948 1189 3009 rationibus

165 3062 242 3107 certe
257 3068 316 3106 non
331 3048 513 3107 movebatur:
529 3048 650 3118 deinde,
667 3061 698 3105 ut
720 3045 912 3104 concedamus
932 3046 994 3103 lieri
1011 3046 1140 3123 potuisse
1156 3058 1189 3104 ut

164 3158 312 3207 antaeum
327 3144 417 3215 alius,
440 3144 491 3221 qui
508 3164 567 3205 sure
581 3142 768 3201 delectationi
780 3140 945 3215 laboraret,
965 3140 995 3201 id
1009 3140 1065 3201 sibi
1078 3141 1189 3220 permi-

162 3241 251 3313 serit3
266 3261 286 3299 a
298 3244 330 3301 C.
341 3241 435 3299 Plinio
447 3239 564 3316 juniore
578 3239 683 3317 (Epist.
697 3243 723 3310 l,
738 3258 787 3307 oo,
804 3244 834 3311 7)
849 3237 1000 3309 docemur,
1019 3237 1187 3297 Ciceronem

163 3338 281 3415 saepius,
294 3357 359 3415 que
373 3338 458 3415 plene
474 3336 607 3407 dixisset,
625 3336 655 3395 in
674 3333 830 3395 scribendo
854 3334 945 3395 titulis
968 3346 1081 3393 tantum
1099 3354 1188 3412 argu-

163 3449 326 3497 mentorum
342 3433 491 3495 indicasse.
503 3438 576 3495 Nam
591 3433 671 3512 quod
685 3434 735 3491 ille
747 3431 862 3491 nonnisi
873 3433 1038 3493 orationum
1055 3452 1110 3510 pro
1124 3436 1189 3491 Mu·

164 3552 240 3590 raena
254 3547 282 3590 et
293 3551 348 3609 pro
358 3535 473 3591 Vareno
487 3530 655 3591 nominatim
671 3529 848 3600 meminerit,
862 3526 914 3586 ubi
929 3527 958 3585 id
975 3528 1082 3587 lactum
1099 3514 1187 3599 esset,

161 3646 231 3685 sanc
251 3626 280 3684 id
299 3645 360 3683 non
379 3624 476 3687 obstat
495 3624 650 3703 quominus
671 3622 749 3685 idem
762 3623 799 3679 de
814 3622 877 3681 aliis
888 3622 1011 3681 valuisse
1025 3620 1185 3681 credamus.

162 3723 234 3799 Quis
248 3722 339 3792 enim,
353 3724 512 3800 prasertim
525 3741 617 3799 quum
627 3720 665 3779 ad
679 3720 804 3779 amicmn
814 3717 1077 3797 scribit,‚exempla
1091 3718 1187 3779 omnia

162 3820 192 3879 iu
205 3818 373 3898 hujusmodi
388 3839 419 3876 re
431 3819 603 3896 conquirat?
623 3817 678 3877 Sed
690 3816 827 3895 quoniam
841 3815 871 3873 in
883 3814 962 3873 huuc
974 3816 1071 3877 locum
1081 3814 1186 3888 incidi,

162 3915 241 3973 baud
254 3916 354 3975 inutile
367 3936 430 3975 esse
441 3915 557 3973 videtur
569 3934 704 3981 monere,
720 3915 815 3971 locum
826 3912 908 3971 ittun
919 3911 1004 3970 Plinii
1013 3931 1051 3969 ne
1060 3910 1098 3971 ab
1108 3913 1187 3990 opti-

165 4012 218 4070 mis
235 4012 354 4088 quidem
368 4013 553 4072 Muraenianae
569 4010 778 4089 interpretibus
797 4023 827 4067 ct
837 4009 946 4069 criticis
959 4007 1186 4067 animadversum

164 4127 233 4167 esse.
251 4113 292 4168 Ea
310 4111 385 4171 enim
405 4111 505 4171 mutila
528 4110 559 4167 in
580 4107 728 4167 codicibus
752 4125 901 4184 superesse
920 4104 1101 4185 perlubetur,
1115 4125 1186 4183 pro-
