3200 4768
321 376 394 452 266
641 381 753 469 nr.
781 381 1066 452 nicanorus

319 501 484 597 cupiam:
506 522 600 596 opus
624 514 679 570 est
703 525 777 571 non
796 501 913 571 solum
938 503 1105 597 ingenio,
1126 522 1255 572 verum
1277 505 1384 575 etiam

320 607 472 680 artificio
488 607 646 705 quodam
665 610 846 706 singulari.
863 614 986 681 Unum
1003 609 1073 680 hoc
1087 615 1222 681 crimen
1241 612 1386 685 videtur

321 743 418 805 esse,
437 732 472 788 et
491 742 511 788 a
532 743 591 788 me
613 743 681 816 pro
706 744 782 790 uno
805 724 966 818 ponitur,
984 719 1030 791 de
1045 723 1227 793 Mercurio
1243 722 1383 819 Tynda·

317 832 462 899 ritano:
484 829 587 927 plura
607 843 712 916 sunt;
731 830 794 901 sed
811 856 852 902 ea
871 855 946 928 quo
963 846 1069 927 pacto
1088 831 1329 928 distinguere,
1344 858 1385 905 ac

318 962 482 1036 separare
504 939 657 1036 possim,
680 941 814 1013 nescio.
833 946 895 1012 Est
918 941 1154 1038 pecuniarum
1176 955 1384 1038 captarum,

318 1048 421 1146 quod
450 1052 592 1145 signum
619 1073 640 1120 a
665 1051 769 1120 sociis
794 1052 954 1147 pecuniae
981 1048 1123 1145 magnae
1145 1050 1309 1137 sustulit;
1330 1065 1386 1121 est

317 1159 539 1256 peculatus²,
559 1156 659 1255 quod
681 1158 826 1256 publice
848 1159 976 1256 populi
997 1161 1138 1229 romani
1160 1159 1317 1254 signum,
1336 1156 1384 1230 de

318 1268 438 1368 praeda
466 1268 625 1338 hostium
652 1284 819 1366 captum,
842 1271 1003 1366 positum
1030 1268 1251 1364 imperatoris
1268 1268 1383 1338 nostri

319 1380 489 1465 nomine,
506 1404 581 1449 non
598 1377 776 1449 dubitavit
797 1378 954 1467 auferre,
976 1393 1030 1451 est
1051 1378 1262 1473 majestatis,
1282 1377 1384 1474 quod

316 1489 459 1586 imperii
474 1490 587 1559 nostri
602 1489 724 1585 gloriae
741 1515 937 1586 rerumque
951 1503 1132 1587 gestarum
1148 1502 1385 1558 monumenta

317 1612 477 1669 evertere
495 1613 603 1696 atque
619 1616 802 1697 asportare
819 1626 926 1672 ausus
943 1615 1015 1685 est3
1035 1615 1088 1671 est
1105 1598 1265 1687 sceleris,
1285 1598 1385 1694 quod

315 1706 506 1801 religiones
523 1709 694 1781 maximas
711 1710 873 1797 violavit3
892 1725 945 1781 est
968 1708 1209 1795 crudelitatis,
1228 1707 1330 1805 quod
1347 1710 1385 1779 in

315 1816 501 1888 hominem
517 1823 771 1902 innocentem,
787 1823 823 1888 in
838 1820 976 1889 socium
991 1834 1157 1890 nostrum
1170 1832 1279 1914 atque
1295 1821 1384 1888 amiss

318 1953 420 2016 cum,
439 1954 573 2000 novum
593 1953 634 1999 ac
649 1930 827 2026 singulare
845 1930 1013 2027 supplicii
1029 1954 1144 2026 genus
1160 1920 1383 2025 excogitavit.

366 2038 460 2110 lllud
482 2040 672 2137 veroquid
688 2042 753 2128 sit,
774 2042 847 2136 jaso
865 2064 941 2110 non
960 2065 1056 2137 queo
1071 2040 1211 2125 ‹licere3
1229 2062 1304 2134 quo
1320 2063 1385 2108 no·

319 2151 417 2220 mine
436 2149 613 2247 appellem
626 2147 653 2237 ³,
668 2152 810 2237 nescio,
826 2149 926 2246 quod
944 2152 981 2220 in
995 2153 1035 2220 C.
1051 2150 1232 2220 Marceltil
1254 2161 1381 2219 statua.

319 2259 417 2351 Quid
431 2275 485 2330 est
498 2259 593 2332 hoc?
611 2276 836 2358 patronusne
851 2258 952 2355 quod
966 2259 1066 2330 erat?
1079 2258 1175 2348 Quid
1191 2258 1292 2328 tum?
1310 2282 1385 2354 quo

318 2367 355 2439 id
370 2371 530 2466 spectat?
546 2385 667 2440 utrum
686 2395 725 2440 ea
745 2395 801 2441 res
820 2370 863 2441 ad
879 2394 1006 2467 opem,
1021 2394 1065 2439 an
1085 2368 1130 2438 ad
1148 2368 1385 2438 calamitatem

319 2478 504 2548 clientium
526 2493 634 2574 atque
651 2478 836 2575 hospitum
855 2481 972 2551 valere
993 2478 1173 2550 debebat?
1190 2503 1235 2548 an
1254 2492 1294 2548 tu
1313 2477 1384 2547 hoc

321 2588 548 2674 ostenderes,
562 2602 686 2659 contra
698 2591 769 2658 vim
787 2604 884 2661 tuam
897 2593 934 2660 in
950 2592 1111 2689 patronis
1126 2585 1279 2687 praesidii
1293 2585 1384 2655 nihil

321 2700 419 2770 esse?
433 2701 522 2789 Quis
536 2696 630 2771 hoc⁵
645 2725 718 2770 non
735 2701 967 2798 intelligeret,
980 2705 1018 2771 in
1031 2697 1189 2797 improbi
1198 2696 1384 2796 praesentis

319 2813 472 2910 imperio
489 2811 664 2907 majorem
681 2836 757 2881 esse
773 2812 862 2897 vim,
879 2835 988 2908 quam
1006 2815 1041 2880 in
1059 2810 1241 2880 bonorum
1258 2805 1384 2877 absen-

317 2923 409 2990 tium
429 2922 654 3018 patrocinio?
672 2926 728 2992 An
751 2918 864 2993 vero⁶
881 2946 925 2992 cx
944 2919 1015 2992 hoc
1035 2920 1096 2991 illa
1115 2935 1176 2990 tua
1195 2917 1384 3014 singularis

318 3022 539 3125 significatur
555 3016 766 3118 insolentia,
787 3030 975 3129 superbia,
993 3030 1243 3101 contumacia?
1261 3032 1383 3099 Detra-

353 3246 377 3280 a.
386 3234 432 3280 Est
434 3233 573 3296 peculatus.
581 3235 628 3282 ch
634 3235 705 3284 locus
713 3238 830 3301 ostendit,
909 3248 934 3296 a.
949 3239 1023 3304 Quod
1034 3238 1059 3287 in
1074 3238 1099 3288 C.
1114 3237 1227 3286 Marcelli
1236 3248 1325 3286 statua.
1339 3239 1384 3286 Sn-

315 3310 376 3375 quid
388 3312 451 3359 inter
463 3312 587 3375 peculatus
599 3326 623 3363 et
640 3317 828 3379 repetundarum
872 3310 948 3362 blud-
967 3309 1184 3375 1⁸5⁶‚f110wmtl'e
1199 3320 1241 3356 ⁸¹¹²
1254 3310 1383 3372 &pamm

314 3392 406 3439 σι’ἰωοη
424 3391 529 3438 intersit.
551 3391 758 3458 llloteneturqui
777 3413 827 3444 rem
872 3390 977 3455 deligari
981 3390 1125 3455 jamri&-
1135 3388 1201 3450 Quid
1213 3387 1259 3434 1¹⁰⁶
1267 3391 1320 3434 05⁶?
1333 3388 1383 3436 Cur

313 3470 400 3535 populi
410 3471 518 3527 romani,
531 3470 579 3518 hoc
592 3488 662 3528 vero,
672 3474 715 3537 qui
727 3490 777 3521 rem
786 3491 825 3523 ω.
871 3470 902 3518 ad
912 3469 960 3516 lroc
971 3469 1123 3531 potissimum
1134 3467 1244 3516 Marcelli
1257 3477 1333 3514 statua
1347 3476 1385 3513 est

314 3551 408 3598 ciorum
421 3562 447 3597 et
459 3549 646 3613 provincialium
660 3555 755 3601 avertit.
871 3547 981 3597 delecta?
995 3574 1030 3583 —
1043 3550 1175 3596 Patronus.
1196 3548 1286 3595 Siciliae
1301 3558 1385 3612 patro·

348 3630 374 3678 3.
387 3630 440 3693 Quo
454 3628 552 3676 nornine
565 3631 693 3694 appellem.
708 3635 829 3697 Frequen·
872 3627 963 3675 ciuium
975 3626 1145 3675 Marcellorum
1163 3642 1222 3691 gens
1236 3636 1384 3692 susceperat.

311 3718 349 3756 ter
360 3709 420 3757 illud
433 3710 537 3757 oratoris
555 3708 686 3759 artificium
699 3715 826 3776 occurrit,
909 3712 932 3760 5.
948 3710 1006 3774 Quis
1017 3710 1071 3759 lior.
1081 3711 1128 3760 Sed
1142 3713 1178 3758 vel
1188 3709 1280 3774 absque
1291 3711 1332 3758 illa
1345 3722 1385 3757 toa

311 3802 362 3849 quo
384 3804 434 3836 rem
456 3791 590 3853 graviorem
614 3790 699 3841 efficit.
722 3793 828 3839 Videtur
870 3791 897 3838 in
909 3791 1039 3838 Marcellos
1053 3791 1149 3853 injuria,
1159 3790 1214 3854 quis
1228 3800 1264 3837 est
1276 3789 1319 3853 qni
1333 3802 1385 3834 non

310 3866 375 3912 enim
390 3868 426 3929 ite
436 3870 532 3917 sceleris
541 3870 709 3935 magnitudine
721 3873 826 3928 territus,
870 3869 1031 3933 intelligeret,
1042 3880 1089 3917 etc.

310 3952 340 3989 ut
353 3959 441 3992 nomen
454 3949 525 3996 etiam
538 3951 561 3995 ei
575 3942 700 4014 imponere
719 3965 769 3996 non
783 3966 825 3996 ra·
905 3950 931 3997 6.
954 3952 994 3995 An
1008 3966 1079 3996 vero.
1096 3950 1185 3996 Nonne
1202 3956 1283 3994 antem
1302 3944 1385 4008 potius

256 4022 259 4033 ¹
304 4016 403 4075 lssttet
412 4023 646 4090 hecenpectstlone
652 4029 764 4089 judicum
775 4030 825 4076 ani·
867 4044 900 4076 ex
915 4028 965 4075 boc
980 4039 1024 4077 tuo
1039 4029 1104 4077 laeto
1117 4028 1274 4092 designatur,
1293 4035 1384 4091 quanta

240 4168 252 4203 d
305 4114 360 4147 moe
372 4101 449 4163 magis
460 4103 486 4150 in
501 4120 569 4152 reum
584 4106 704 4177 accendit.
870 4106 1027 4156 ineritsnimi
1040 4107 1076 4155 tui
1089 4106 1249 4171 impudentia.
