3054 4772
278 418 488 491 ‘ORATIO
512 419 616 488 PRO
641 416 698 486 Μ’.
722 420 967 488 FONTEIO.
1092 418 1163 504 643

98 557 194 615 certe
212 541 302 612 nihil
324 554 445 639 potest
467 562 544 610 esse
562 538 775 611 detractum.
802 541 864 610 Sin
883 540 993 636 aliqui
1013 539 1163 612 domum

25 662 26 671 ’
100 654 279 734 tulerunt,
301 674 346 721 ex
368 674 496 720 eorum
517 672 616 736 area,
633 673 653 719 e
673 661 739 719 ra9
741 701 798 720 .....

25 804 26 817 1
129 804 132 813 .
150 813 213 833 .....
238 765 401 832 Deorum
428 757 693 856 hominumque
718 757 846 831 fidem!
880 764 980 832 testis
1010 786 1084 832 non
1108 764 1163 832 in-

25 906 26 929 t
99 875 243 943 venitur
255 879 288 914 ¹⁰
310 872 348 940 in
368 867 530 939 ducentis
543 876 573 912 ¹¹
598 882 635 940 et
656 871 776 940 tricies
795 871 958 941 sestertio
977 880 1018 941 ¹².
1047 875 1165 962 Quam

100 980 296 1053 multorum
321 977 537 1050 hominum?
557 993 809 1050 sexcentorum
828 976 858 1023 ¹³
881 979 1046 1078 amplius.
1072 982 1162 1071 Qui·

98 1091 168 1164 bus
180 1094 216 1162 in
231 1092 336 1163 terris
348 1103 491 1187 gestum
506 1090 693 1187 negotium
709 1090 784 1161 esti
802 1089 883 1179 illo,
896 1089 979 1170 illo,
997 1092 1163 1187 inquam,

25 1223 27 1265 τ
99 1203 201 1292 loeo,
226 1226 337 1299 quem
368 1198 497 1271 videtis
517 1202 559 1271 ¹⁴.
584 1204 694 1270 Extra
717 1198 930 1270 ordinemne
952 1196 982 1243 ¹⁵
1011 1204 1166 1298 pecunia

25 1368 28 1377 ’
98 1394 232 1444 expensum
258 1375 357 1424 serebat.
383 1376 514 1422 Possumus
535 1374 611 1437 igitur
692 1391 732 1424 rr.
754 1374 870 1422 Ducentis
888 1385 913 1421 et
929 1374 1035 1423 triciens.
1054 1378 1090 1425 Ut
1108 1377 1168 1427 elibi

98 1455 216 1521 suspicari
233 1454 294 1519 quid
306 1455 355 1503 bon
369 1454 426 1501 loeo
439 1453 535 1500 intersit
548 1453 612 1500 inter
654 1474 668 1494 ι
678 1455 812 1501 sestertium
821 1453 910 1512 vicies,
920 1453 1052 1517 quingente
1062 1454 1136 1504 millis
1144 1479 1168 1515 n,

99 1538 190 1585 solvere
203 1545 227 1583 et
242 1535 318 1593 dare,
336 1531 509 1580 modoeomm
521 1547 613 1579 memo-
654 1532 690 1579 sic
706 1532 827 1581 hocloco
844 1534 879 1581 ita
897 1534 1000 1596 protulit
1017 1550 1064 1599 pro
1082 1536 1120 1583 bis
1139 1549 1166 1585 et
1191 1567 1195 1575 -

98 1632 137 1664 res
153 1617 228 1663 simus
245 1628 300 1677 quse
312 1613 340 1660 in
350 1612 395 1659 beo
404 1628 430 1659 re
439 1622 481 1659 aut
494 1612 542 1676 ipsi
553 1610 613 1658 laei-
654 1610 741 1659 tn‘eies.
758 1637 794 1648 -
810 1612 973 1661 Numerormu
990 1614 1165 1663 adverbialium

99 1706 163 1758 mus,
169 1704 210 1742 eut
216 1693 248 1740 ab
253 1693 307 1741 aliis
314 1689 367 1739 fieri
374 1689 484 1756 quotidie
493 1689 610 1737 videmus.
654 1688 792 1738 terminatio
807 1690 884 1737 inens
896 1707 968 1754 quum
977 1693 1069 1741 Murius
1078 1694 1167 1742 Victo·

99 1773 180 1823 Modo
192 1771 257 1819 enim
267 1771 376 1828 minum,
385 1785 461 1835 quum
474 1769 504 1817 de
512 1767 612 1817 homiue
653 1771 721 1818 sinus
736 1785 762 1834 p.
775 1770 858 1832 stop,
871 1779 951 1818 tenere
961 1757 1047 1829 jubet,
1061 1773 1088 1819 iu
1101 1773 1168 1838 opti·

25 1886 26 1907 r
99 1868 181 1902 sermo
193 1851 283 1900 esteui
300 1849 420 1910 debetur,
439 1848 612 1907 mododutur,
654 1850 700 1898 mis
722 1850 859 1914 quibusque
881 1850 1020 1897 orationum
1037 1850 1165 1900 oodiuibus

100 1932 201 1995 negotio
210 1929 312 1978 scilieet.
327 1929 412 1991 Neque
423 1939 503 1976 temen
512 1938 611 1975 conteu-
657 1939 776 1977 servatur.
790 1931 863 1979 Nus.

25 2052 27 2057 ,
100 2010 156 2059 dum
170 2007 325 2069 rejiciendam
339 2006 490 2054 esseborum
503 2005 611 2054 vocabu·
692 2024 732 2055 ru.
753 2006 868 2054 Ducentri
878 2019 902 2055 et
922 2007 1000 2054 tricies
1014 2025 1034 2055 s.
1055 2009 1090 2056 Ut
1105 2009 1166 2058 alibi

25 2072 27 2079 ,
99 2089 180 2137 lorum
197 2085 398 2151 signiliretiouem
412 2096 562 2133 consuetam.
581 2084 612 2132 lrl
654 2087 715 2137 H·S.
724 2085 815 2144 vicies,
825 2086 956 2149 quingente
967 2086 1056 2142 millia,
1068 2087 1104 2135 sie
1116 2088 1166 2136 hoe

99 2179 166 2217 certe
184 2166 336 2215 verissimum
354 2175 402 2222 eat,
421 2165 466 2212 rite
494 2164 613 2211 institutis
653 2164 710 2213 loeo
722 2163 825 2227 protulit
834 2177 881 2227 pro
892 2162 949 2211 «bis
962 2174 987 2211 et
996 2164 1077 2213 tricies
1086 2165 1165 2233 (niro.

100 2247 189 2296 tabulis
206 2245 276 2293 nullo
295 2243 370 2292 modo
387 2241 440 2291 lieri
456 2243 566 2307 potuisse
584 2253 612 2289 ut
654 2243 793 2305 6,191,ooo
806 2242 881 2307 sr.)»

25 2372 26 2385 ,
99 2329 187 2376 lateret
210 2326 231 2372 si
257 2323 318 2388 quid
343 2322 479 2370 detrucntm
503 2321 608 2370 suisset:
693 2322 733 2368 13.
752 2322 931 2369 Sescentorum.
954 2322 1057 2371 Membr.
1077 2325 1166 2374 vitiose

99 2407 180 2457 omnis
195 2414 276 2471 eutem
295 2401 470 2465 interpolatio,
486 2414 612 2464 compara·
653 2411 827 2458 sescentorum,
840 2400 944 2464 utapud
952 2402 1081 2450 Gruterum
1091 2420 1166 2463 nxrr,

25 2530 26 2535 ,
99 2487 167 2534 tione
186 2486 311 2540 instituta,
331 2480 509 2529 evidentissime
527 2494 612 2542 urgue-
656 2480 686 2536 5,
699 2478 838 2526 sestustsic
853 2477 945 2542 ubique
957 2480 1063 2544 vulgetis
1076 2482 1165 2547 lingute

25 2546 26 2557 i
98 2565 186 2613 betur:
202 2570 350 2626 quapropter
359 2561 405 2607 rite
419 2556 506 2606 confici
519 2557 613 2605 tabulae
654 2557 791 2606 rudimenta
802 2560 828 2604 in
841 2559 991 2622 antiquitatis
1001 2563 1166 2611 monumentis

99 2642 133 2691 sd
150 2655 303 2689 communem
320 2637 449 2687 utilitatem
467 2634 611 2700 pertinebat.
655 2636 827 2701 conspicimus.
840 2638 913 2687 Nm.

25 2772 26 2779 χ
99 2720 250 2784 -Qnoa'us,
263 2718 333 2784 quoi,
345 2717 459 2769 Ciceroni
466 2717 521 2779 jure
534 2714 613 2763 viudi-
693 2724 735 2772 rt.
756 2716 943 2779 Quemnddetis.
959 2718 1056 2767 Scilicet
1070 2720 1096 2767 in
1110 2722 1166 2769 soto

25 2786 26 2797 ¹
100 2812 179 2849 eatur.
192 2800 266 2848 Nm.
496 2821 502 2833 ·
655 2807 728 2859 atque
745 2796 838 2844 aererio.
856 2796 919 2843 Nam
934 2812 965 2844 ex
983 2798 1031 2844 hoo
1048 2798 1121 2860 loeo,
1139 2811 1165 2847 et

138 2894 163 2941 9.
178 2880 245 2925 Area
257 2893 272 2924 e
283 2892 341 2925 ra..¹
354 2878 413 2925 line
423 2876 457 2923 ita
470 2874 542 2923 dirisi
555 2875 613 2938 quia
654 2875 699 2923 illo
717 2875 758 2938 qui
774 2874 858 2939 paullo
876 2875 938 2922 iufra
955 2888 1006 2934 est,
1024 2888 1096 2940 atque
1114 2879 1163 2926 alio

99 2973 158 3005 eroa
168 2957 200 3005 ad
211 2973 262 3006 mm
271 2956 434 3021 pecuniariam
443 2955 542 3019 proprie
556 2971 612 3018 per·
654 2970 725 3018 quem
739 2953 773 3002 ibi
787 2954 885 3001 efferam
900 2970 929 3002 ex
949 2971 1003 3019 esp.
1019 2974 1035 3003 ,ι
1044 2972 1054 3002 ι
1071 2959 1165 3006 oratio-

25 3012 27 3105 ἰ
100 3037 177 3097 tinet,
197 3051 276 3100 neque
288 3034 423 3098 intelligere
437 3049 537 3098 possum
550 3034 613 3098 quid
654 3031 708 3091 nis,
718 3032 808 3096 colligo
817 3034 902 3080 Romu
911 3046 1056 3095 quaesturam
1064 3037 1165 3098 gessisse

25 3174 26 3177 Ἴ
100 3120 151 3167 boo
163 3118 220 3166 loeo
230 3117 276 3165 sibi
285 3116 455 3173 velitatum,
467 3129 611 3178 quamquam
655 3114 794 3171 Fonteium,
808 3114 877 3173 cujus
887 3113 992 3160 rationes
1002 3114 1129 3163 seeumto'r
1138 3118 1164 3164 iu

25 3190 26 3201 ¹
100 3199 264 3246 musonem
281 3195 346 3260 apud
367 3196 508 3244 fieeronem
525 3192 612 3240 lectum
655 3190 740 3239 serario
750 3202 861 3238 excutere
874 3203 975 3255 poterat.
988 3192 1061 3241 Nus.

29 3286 34 3293 ”
100 3279 175 3326 fuisse
192 3277 291 3325 Nonius
309 3272 443 3338 signifloet,
457 3276 484 3332 I,
504 3288 571 3334 270,
588 3282 613 3320 et
693 3273 733 3320 15.
747 3274 828 3319 Extra
837 3272 956 3322 ordinem.
970 3274 1044 3320 Extra
1053 3273 1164 3323 ordinem

25 3348 26 3425 J
99 3356 216 3407 librarius
228 3355 383 3420 diphthongo
394 3370 417 3401 τε
428 3368 553 3417 perperam
568 3367 613 3414 po·
655 3352 757 3431 pepunia
769 3350 841 3399 detur
858 3367 913 3414 quse
926 3368 977 3399 non
991 3369 1005 3400 ι
1018 3368 1100 3401 mense
1113 3369 1163 3401 nu·

25 3430 26 3437 ¹
100 3435 182 3484 nenda
207 3434 335 3498 aliquoties
360 3437 499 3481 ernverit:
524 3430 613 3478 deinde
654 3442 776 3480 meretur:
790 3431 993 3479 etenimemensr
1003 3431 1101 3496 publiea
1113 3433 1163 3482 sol·

100 3531 182 3572 sero,
198 3514 256 3578 quia
272 3524 361 3578 preter
377 3511 452 3560 verba
471 3510 572 3560 eradere
589 3521 612 3558 et
655 3511 726 3559 vebat
735 3521 841 3574 qnsestor
850 3509 861 3575 (
868 3526 913 3573 pro
922 3512 1016 3569 Flacco,
1026 3528 1048 3559 ο.
1062 3512 1112 3575 ¹9)
1121 3547 1129 3574 ,
1139 3524 1164 3560 et

100 3593 245 3655 eradicare,
259 3607 362 3656 qunque
375 3590 406 3639 ab
421 3591 451 3638 iis
465 3590 611 3663 deriventur,
653 3592 800 3639 iterationes
808 3589 967 3659 erigebantur
977 3602 1004 3639 ut
1014 3591 1166 3640 demonstra-

25 3666 26 3675 *
101 3672 240 3721 nullnsunt
253 3670 284 3719 de
302 3669 390 3735 quibus
404 3670 506 3733 eogitari
519 3668 611 3734 possit;
657 3680 749 3718 retura
764 3679 863 3729 senatu,
880 3669 1036 3729 oonsulibus,
1054 3671 1167 3734 pretori·

25 3814 27 3821 y
100 3764 177 3815 utque
187 3753 297 3815 proferto
306 3764 338 3796 ue
349 3748 379 3796 de
389 3746 428 3796 bis
439 3748 546 3811 quidem.
559 3745 614 3810 Syl·
658 3751 719 3807 bus,
731 3749 824 3797 solvere
834 3749 927 3808 jussum
941 3764 992 3796 esse
1005 3760 1165 3812 questum,

100 3829 159 3879 lehn
171 3846 201 3877 ra
210 3832 288 3893 prime
299 3827 401 3888 alicujus
411 3827 517 3874 nominis
528 3825 613 3885 fuerin
658 3839 801 3893 aqnaestore
809 3844 915 3876 mensam
927 3842 934 3878 τ
946 3830 972 3876 iu
985 3845 1032 3892 qua
1045 3846 1089 3889 re,
1104 3831 1168 3880 sieut

25 3894 26 3919 ³
102 3907 242 3957 rationibus
252 3908 320 3957 verbi
333 3908 416 3971 gratia.
429 3906 504 3954 Nus.
658 3908 747 3967 hodie,
760 3908 842 3957 multis
853 3908 930 3956 literis
942 3924 1005 3973 opus
1017 3917 1076 3959 eret.
1095 3909 1167 3958 Simi-

25 3974 27 3997 '
124 4002 182 4035 ·ro.
201 3988 247 4035 MS
264 3987 410 4045 inveneitur,
431 3997 459 4035 ut
476 3986 526 4034 fere
544 3985 570 4033 in
589 4000 617 4032 ea
660 3987 717 4036 liter
726 3998 819 4048 autem,
834 3988 933 4052 quando
942 3988 1031 4052 privati
1044 3999 1111 4037 extre
1125 4005 1168 4038 or·

25 4056 29 4077 ’
102 4069 189 4122 litera,
202 4082 277 4130 quum
291 4066 449 4130 producitur,
465 4064 549 4132 eoget',
563 4063 618 4115 ‹tet-
661 4067 743 4115 dinem
757 4068 884 4133 pecuniam
899 4067 955 4115 dare
970 4066 1085 4116 dicuutur
1102 4067 1169 4133 (pro

102 4157 162 4219 fat,
176 4157 224 4196 ete.
238 4150 264 4197 J.
272 4148 304 4196 V.
316 4149 343 4195 b.
661 4147 786 4207 Cluentio,
796 4162 818 4196 u.
834 4148 864 4196 31
877 4162 883 4196 ε
897 4147 1031 4196 «Iudicem
1042 4147 1170 4211 pecuniam

991 4235 1048 4315 41.
