3116 4774
307 341 379 430 464
655 341 1032 414 aecumenica.

346 466 428 526 inire.
448 462 558 522 Mirum
580 474 677 521 autem
696 482 758 521 esse
778 484 831 523 cur
851 485 935 524 suurn
956 478 1104 524 auctorem
1122 484 1182 525 non
1206 465 1371 533 nominent,

345 583 433 642 quem
451 560 551 619 dicant
563 572 665 618 contra
678 562 822 620 Caecinam
833 563 952 636 sentire,
968 582 1015 637 27·
1039 567 1103 621 Jam
1115 563 1216 620 Cicero
1228 575 1325 621 narrat
1337 582 1370 621 se

342 661 468 738 aliquem
479 662 584 717 sctum
594 658 778 730 convenisse,
793 672 825 718 ut
836 660 981 739 opinatur,
995 660 1076 718 illum
1090 660 1196 737 ipsum,
1209 679 1268 736 qno
1280 658 1370 719 AEbu·

347 758 403 817 tius
417 769 446 814 et
459 756 526 814 Piso
540 767 658 813 auctore
671 767 799 813 utantur.
815 759 888 814 Eum
908 755 964 815 sibi
984 753 1168 834 respondisse
1182 775 1243 813 rem
1257 769 1287 814 et
1302 776 1369 813 sen-

346 856 465 919 tentiam
479 852 611 933 praetoris
631 871 699 910 cum
711 852 832 912 Caecinae
852 872 938 912 cansa
953 853 1063 926 faoere;
1088 851 1180 912 verbo
1195 865 1290 910 autem
1303 872 1369 911 eum

345 946 463 1014 excludi
470 973 479 1024 3
495 947 615 1008 averbo
628 960 726 1007 autem
738 969 798 1007 non
809 968 895 1028 posse
911 948 1016 1008 recedi.
1030 948 1178 1027 Adjecisse
1191 963 1286 1007 tamen
1304 969 1370 1007 enm

346 1051 432 1132 qnasi
442 1046 610 1108 consolandi
622 1047 667 1105 sui
680 1058 780 1119 causa3
793 1046 865 1106 nihil
879 1066 954 1120 esse,
968 1046 1047 1126 quod
1062 1047 1181 1106 Caecinae
1192 1067 1277 1105 causa
1289 1045 1369 1105 tabo

347 1161 443 1220 raret;
461 1144 530 1223 quia
545 1143 623 1202 enim
637 1157 745 1222 prator
757 1142 957 1216 interdixerit,
982 1156 1014 1201 ut
1027 1143 1140 1201 Caecina
1152 1143 1231 1202 unde
1244 1141 1370 1220 dejectus

346 1259 437 1317 esset,
451 1263 487 1302 eo
497 1242 706 1312 restitueretur,
719 1238 872 1299 AEbntium
884 1240 935 1317 qui
947 1224 1073 1299 fateatur
1083 1241 1181 1318 aliquo
1192 1260 1229 1299 ex
1238 1240 1303 1299 loco
1316 1238 1370 1296 de-

343 1345 452 1422 jectum
466 1359 527 1398 esse
541 1337 701 1405 Caecinam,
713 1355 773 1396 non
784 1337 914 1415 potuisse
921 1335 1000 1414 justa
1012 1338 1168 1416 sponsione
1182 1336 1371 1408 contendere,

348 1460 379 1500 se
399 1437 541 1497 Cacinam
556 1432 726 1492 restituisse.
753 1437 798 1493 Ex
812 1432 867 1493 hac
883 1434 971 1513 igitur
983 1435 1111 1507 ratione,
1135 1432 1217 1512 cujus
1236 1435 1297 1513 ipse
1311 1451 1369 1490 non

348 1534 436 1595 modo
446 1535 642 1602 inventorem,
656 1530 707 1589 sed
719 1550 756 1589 ne
771 1530 958 1610 probatorem
971 1531 1089 1608 quidem
1100 1550 1162 1590 esse
1173 1529 1370 1609 profitebatur,

348 1633 449 1691 Cicero
463 1641 566 1688 contra
581 1626 732 1686 AEbutium
751 1627 897 1706 disputat,
914 1628 1096 1706 ostenditque
1114 1628 1170 1687 hac
1185 1648 1302 1707 quoque
1321 1647 1371 1685 ra·

346 1730 424 1787 tione
444 1727 587 1785 naeinam
601 1744 718 1784 causam
737 1744 818 1783 suam
835 1723 976 1782 obtinere.
1000 1725 1032 1784 si
1050 1727 1126 1783 enim
1144 1745 1204 1784 non
1224 1725 1262 1783 sit
1279 1744 1316 1782 ex
1334 1743 1370 1781 eo

348 1822 414 1881 loco
427 1819 574 1897 dejectus,
592 1839 652 1896 quo
664 1817 831 1897 prohibitus
844 1819 880 1876 sit
898 1819 1051 1891 accedere3
1065 1831 1095 1877 at
1109 1839 1145 1878 ex
1164 1839 1200 1877 eo
1220 1838 1281 1878 esse
1295 1817 1370 1896 deje-

349 1932 427 1979 ctum
437 1961 446 1992 ,
458 1936 518 1996 quo
532 1916 698 1987 accesserit,
713 1914 791 1974 unde
804 1915 924 1994 fugerit,
939 1928 970 1974 et
980 1916 1003 1974 si
1015 1929 1123 1995 praetor
1136 1935 1195 1974 non
1211 1915 1373 1974 distinxerit

346 2017 462 2085 lom,
485 2033 544 2092 quo
557 2013 701 2072 crociam
719 2011 833 2070 restitui
844 2009 961 2089 juberet
976 2026 1006 2070 et
1024 2012 1137 2071 restitm
1147 2012 1284 2089 jusserit,
1311 2032 1372 2068 non

344 2133 407 2174 esse
422 2131 489 2171 eum
502 2131 540 2169 ex
555 2109 672 2168 decreto
688 2111 868 2181 restitutum,
890 2110 994 2171 28-31.
1015 2114 1080 2168 Jam
1095 2110 1151 2168 alia
1169 2109 1283 2168 Pisonis
1295 2107 1372 2166 ratio

346 2211 497 2282 refellitur,
509 2228 567 2287 qua
580 2227 649 2266 usus
663 2205 784 2279 dixerat,
797 2225 864 2264 eum
875 2205 961 2283 dejici
971 2227 1066 2286 posse,
1077 2208 1129 2284 qui
1142 2220 1204 2266 tum
1218 2204 1372 2286 possideat,

347 2309 398 2387 qui
410 2326 470 2365 non
482 2302 629 2384 possideat
641 2305 722 2362 nullo
736 2303 825 2362 modo
837 2322 931 2382 posse.
946 2305 1050 2362 Cicero
1065 2303 1191 2363 ostendit
1204 2305 1331 2382 primum
1342 2304 1374 2361 in

347 2404 405 2463 hoc
417 2403 552 2462 Pisonem
564 2398 689 2478 sibiipsi
707 2417 886 2478 repugnare3
901 2399 1006 2458 deinde
1022 2399 1053 2457 in
1068 2399 1201 2478 praetoris
1218 2399 1375 2459 interdicto

348 2499 476 2558 additam
487 2515 547 2554 non
558 2513 621 2553 esse
635 2494 805 2571 formulam,
814 2499 842 2553 si
844 2498 1009 2572 possederit
1020 2498 1148 2566 Coecnn·
1156 2496 1280 2574 denique
1291 2497 1374 2554 illum

247 2594 251 2601 '
346 2595 442 2673 ipsam
464 2590 605 2663 fundum,
623 2590 731 2669 quode
743 2603 861 2669 agatur,
883 2593 1027 2653 cecinam
1037 2592 1105 2670 jure
1117 2591 1295 2672 possedisse,
1322 2593 1372 2651 3a.

347 2695 497 2749 Postremo
520 2699 720 2766 argumentum
744 2688 875 2761 Pisonis,
891 2690 972 2768 quod
987 2689 1183 2750 Volaterranis
1197 2689 1296 2748 civitae
1310 2690 1375 2767 lege

347 2785 481 2849 Cornelia
495 2785 583 2846 Sullae
594 2784 729 2863 adempta
740 2784 794 2856 sit,
809 2784 850 2843 ita
864 2786 986 2854 refutat,
1001 2798 1033 2844 ut
1044 2785 1147 2844 doceat
1162 2806 1216 2845 neo
1227 2785 1374 2844 civitatem
1479 2858 1485 2867 ¹

347 2886 382 2945 iis
397 2883 465 2962 jure
483 2882 572 2942 adimi
593 2881 738 2962 potuisse,
759 2881 919 2958 praesertim
941 2902 1031 2960 quum
1051 2882 1131 2942 Sulla
1151 2883 1214 2962 ipse
1232 2883 1264 2941 in
1283 2884 1374 2960 legem

346 2983 429 3042 istam
445 2980 650 3058 adscripserit:
662 2980 689 3037 si
705 2978 838 3055 quiajos
852 2998 909 3035 non
928 2994 1002 3037 esset
1014 2982 1111 3057 rogari
1123 2979 1185 3052 ejus
1202 2999 1238 3037 ea
1257 2984 1319 3057 lege
1332 2981 1376 3036 ni-
1463 2972 1467 2979 ’

345 3080 436 3136 hilum
452 3090 601 3153 rogatum
619 3087 648 3133 et
663 3088 804 3153 praterea
821 3075 900 3136 Sulla
916 3075 971 3135 hac
984 3076 1047 3156 lege
1059 3095 1120 3135 non
1134 3077 1284 3136 sumulerit
1301 3095 1375 3135 nexa
1457 3084 1463 3160 j
1480 3084 1490 3157 ἰ

345 3188 432 3252 atque
444 3173 631 3243 hereditates
645 3172 749 3230 33-35.
1454 3172 1465 3187 ”
1473 3154 1491 3247 'J

382 3273 520 3329 Extrema
532 3268 664 3327 oratione
677 3268 790 3327 Caecina
797 3268 946 3345 judicibus
958 3289 975 3329 a
989 3269 1126 3350 dignitate
1142 3271 1374 3341 commendatur,
1469 3260 1493 3311 *-

346 3381 376 3428 et
387 3366 594 3446 argumentata
603 3368 820 3425 confirmatione
829 3381 950 3428 tractata
960 3368 1088 3428 breviter
1096 3384 1277 3449 repetuntur,
1287 3372 1332 3429 36.
1450 3376 1455 3383 ’

384 3470 518 3526 Ceterum
531 3464 594 3523 hec
607 3463 701 3522 oratio
713 3462 816 3523 habita
827 3479 871 3525 est
882 3468 995 3526 actione
1011 3467 1109 3541 tertia,
1123 3482 1311 3547 posteaquam
1322 3466 1373 3544 ju-

347 3565 439 3638 dices,
459 3581 549 3641 quum
562 3559 618 3621 sibi
635 3581 697 3620 rem
711 3562 842 3623 nondum
858 3565 969 3642 liquere
983 3566 1239 3640 pronuntiassent,
1253 3564 1298 3625 bis
1312 3585 1374 3625 am-

348 3664 519 3742 pliaverant

386 3764 454 3833 Quo
465 3776 542 3817 anno
553 3755 653 3817 habita
668 3758 723 3829 sit,
739 3757 818 3816 haud
830 3757 899 3816 satis
913 3770 1035 3816 constat.
1051 3763 1152 3837 Neque
1165 3780 1235 3819 vero
1245 3760 1276 3818 in
1289 3778 1376 3840 quem

346 3876 454 3915 annum
465 3870 591 3935 praetura
600 3860 631 3914 P.
644 3854 807 3916 Dolabellae
818 3853 962 3928 inciderit,
976 3857 1156 3935 exploratum
1166 3857 1316 3916 habemus.
1324 3861 1377 3914 Ve-

345 3952 463 4010 risimile
477 3967 571 4013 umen
583 3956 683 4013 estrei
700 3960 736 4013 A.
743 3958 780 4011 U.
789 3957 821 4010 C.
834 3953 910 4026 684,
922 3952 967 4011 rel
981 3968 1057 4011 anno
1071 3955 1218 4030 sequenti,
1234 3955 1377 4014 Caecinam

347 4065 364 4104 a
376 4047 515 4106 Cicerone
530 4049 680 4108 defensum
694 4068 765 4106 esse.

672 4167 1012 4204 ...φ-η...-
