3148 4780
323 403 395 488 418
646 395 696 463 Μ.
720 393 760 459 Τ.
787 382 1070 458 CICERONIS

371 524 488 593 Etiam
514 511 606 587 illud
631 507 802 610 prrecidas
829 505 931 591 licet,
959 516 1012 588 te,
1040 497 1142 597 quod
1168 493 1389 594 supplicium

322 656 426 705 more
445 628 623 723 majorum
641 621 855 717 sumpseris,
871 613 1064 709 securique
1082 605 1322 707 percensetis,
1337 603 1393 674 id·

324 745 422 817 circo
436 765 457 812 a
473 761 532 809 me
550 739 589 806 in
607 734 745 805 crimen
760 742 799 799 et
814 723 984 798 invidiam
1001 721 1135 791 vocari.
1152 720 1238 789 Non
1256 716 1294 786 iu
1307 737 1391 811 sup

323 854 455 953 pliclo⁷
483 848 620 920 crimen
643 862 766 913 meum
785 838 955 919 vertimr3
976 856 1053 903 non
1070 852 1139 927 ego
1159 826 1279 898 securi
1296 847 1393 920 nego

327 979 551 1058 quemquam
570 949 667 1023 feriri
683 947 835 1032 debere3
854 968 929 1016 non
947 965 1014 1038 ego
1030 952 1168 1011 metum
1185 961 1228 1007 ex
1245 960 1288 1006 re
1300 932 1393 1004 mili·

326 1073 419 1155 tari,
445 1089 523 1137 non
552 1062 779 1133 severitatem
808 1053 968 1151 imperii,
999 1073 1076 1121 non
1100 1068 1245 1145 poenam
1270 1041 1393 1140 flagitii

328 1181 409 1254 tolli
434 1177 516 1249 dico
541 1184 735 1270 oportere:
760 1163 876 1236 fateor
893 1172 969 1232 non
989 1157 1102 1231 modo
1118 1157 1158 1227 in
1177 1155 1311 1240 socios,
1327 1150 1395 1223 sed

329 1292 438 1365 etium
451 1289 489 1357 in
503 1286 600 1357 cives
614 1277 820 1373 militesque
832 1286 993 1358 nostros,
1008 1289 1167 1366 persepe
1181 1287 1259 1336 esse
1271 1285 1396 1334 serere

329 1425 372 1473 ac
389 1396 622 1471 vehementer
641 1386 873 1458 vindicatum.
894 1384 1016 1472 Quare
1034 1376 1111 1449 haec
1132 1397 1283 1473 quoque
1303 1395 1396 1471 pre·

331 1509 507 1583 terminas
522 1503 616 1575 licet.

379 1622 437 1689 LI.
458 1619 535 1710 Ego
559 1608 704 1707 culpam
724 1629 799 1677 nou
820 1605 858 1672 iu
877 1598 1076 1682 nauarchis,
1091 1594 1157 1667 sed
1177 1597 1215 1664 in
1235 1608 1273 1665 te
1289 1589 1398 1664 fuine

335 1728 565 1810 demonstro3
580 1736 618 1792 te
633 1719 749 1817 pretio
767 1713 900 1785 milites
915 1710 1142 1806 remigesque
1158 1704 1334 1778 dimisisse
1347 1726 1399 1773 ar-

335 1861 434 1937 guo:
458 1835 528 1906 hoc
553 1826 723 1907 nauarchi
750 1823 882 1919 reliqui
911 1821 1057 1906 dicunt;
1081 1817 1161 1888 hoc
1184 1815 1400 1887 Netinorum

334 1946 509 2022 foederata
530 1942 652 2015 civitas
674 1933 821 2035 Publice
843 1931 950 2018 dicit3
969 1929 1041 2002 hoc
1057 1926 1310 2012 Herbitenses,
1330 1921 1402 1992 hoc

335 2052 587 2138 Amestratini,
610 2048 682 2123 hoc
706 2049 910 2130 Ennenses‚
932 2041 1005 2111 hoc
1027 2040 1286 2135 Agyrinenses,
1305 2037 1403 2130 Tyn·

336 2164 489 2239 daritani
512 2160 679 2260 publice¹
707 2154 855 2240 dicunt3
882 2166 968 2225 tuns
994 2148 1155 2245 denique
1178 2146 1298 2234 testis,
1318 2156 1404 2216 tuus

338 2278 546 2374 imperator,
565 2284 653 2341 tuus
668 2266 799 2363 hospes
819 2263 1032 2334 Cleomenes
1055 2257 1127 2328 hoc
1148 2254 1255 2344 dicit,
1272 2277 1349 2327 sese
1364 2239 1406 2322 ln

339 2402 475 2458 terram
495 2403 573 2453 esse
593 2397 797 2472 egressum,
814 2374 870 2443 uti
890 2368 1077 2466 Pachyno,
1095 2390 1116 2437 e
1136 2364 1298 2436 terrestri
1315 2384 1405 2460 prae·

340 2491 455 2579 sidio,
474 2488 605 2558 milites
623 2482 825 2579 colligeret,
845 2504 939 2578 quos
959 2480 999 2552 in
1020 2473 1173 2549 naribus
1190 2470 1406 2545 collocaret:

340 2596 442 2696 quod
458 2608 555 2667 certe
570 2617 647 2665 nou
664 2589 827 2679 lecisset,
846 2592 875 2663 si
893 2613 999 2662 suum
1014 2607 1209 2657 numerum
1221 2603 1331 2653 naves
1344 2579 1409 2651 hu·

341 2707 495 2781 herent:
511 2726 553 2774 ea
565 2715 620 2774 est
634 2701 732 2773 euim
746 2699 840 2771 ratio
852 2700 1107 2771 instructarum
1125 2705 1409 2789 ornatrmmque

342 2819 511 2901 nuvium,
534 2826 576 2885 ut
599 2835 676 2887 non
700 2808 813 2881 modo
837 2808 979 2907 plures,
1002 2803 1067 2879 sed
1088 2828 1136 2879 ne
1154 2801 1313 2901 sffiguli²
1332 2800 1412 2900 qui·

343 2926 428 2999 dem
444 2925 584 3023 possint
603 2917 781 2992 accedere.
798 2918 890 2989 Dioo
906 2929 1097 3014 preterea,
1116 2913 1197 2987 illos
1213 2917 1313 3013 ipsos
1328 2910 1410 2984 reli·

345 3030 464 3133 quos³
494 3045 622 3102 nautas
654 3027 771 3114 lame,
803 3041 912 3124 atque
942 3026 1064 3124 iuopia
1094 3047 1218 3095 rerum
1245 3022 1410 3094 omnium

346 3238 414 3303 quael
425 3236 507 3284 eleale
520 3234 659 3300 prodirem
671 3236 749 3284 securi
761 3234 857 3300 percuti
899 3234 926 3283 ln
938 3229 1321 3296 commemorassemus
1333 3225 1413 3291 vindl-

344 3312 762 3382 jussusrseforsmdslmm,
783 3326 858 3377 qum
900 3308 1413 3370 sumreusrerommsssm
1517 3288 1520 3297 '

347 3411 394 3465 pro
411 3392 579 3443 rorulentis
597 3391 663 3456 tpud
681 3391 790 3453 iudices,
811 3406 858 3457 pro
902 3386 1324 3456 dstn,tib.1‚onp.1o‚etaltl.

346 3477 445 3528 fflorum
462 3471 540 3521 suun
559 3472 631 3521 etim
650 3470 718 3537 apud
736 3481 761 3520 te
778 3470 860 3520 velers
937 3472 977 3518 u.
995 3485 1017 3517 r.
1035 3469 1144 3518 Publice.
1157 3467 1187 3517 Id
1203 3475 1253 3528 est,
1266 3465 1415 3531 perlegeres

350 3555 446 3607 debuit.
903 3564 961 3599 roos
983 3548 1070 3597 mimos
1093 3548 1236 3597 auctoritare
1254 3543 1365 3612 publiea.
1380 3569 1416 3582 —

386 3652 411 3699 7.
427 3634 483 3684 Non
501 3632 526 3683 iu
548 3629 673 3698 supplicio.
689 3628 748 3680 Non
767 3646 814 3697 ego
834 3642 861 3682 te
907 3626 1246 3694 mmmpmutesupn
1258 3639 1314 3690 esp.
1327 3624 1370 3682 34.

349 3731 452 3776 noento,
474 3713 544 3781 quusi
568 3722 652 3762 eoum
672 3710 739 3778 leger
764 3711 862 3771 leoerls,
941 3706 1029 3756 med
1039 3724 1071 3757 ne
1082 3705 1183 3773 singuli.
1197 3700 1417 3767 Nonnunquirlem

351 3793 420 3857 quod
438 3794 544 3859 aliquem
562 3792 640 3842 menri
662 3791 864 3857 pmcusmris-
905 3786 970 3836 ultre
982 3787 1050 3837 hunc
1063 3779 1419 3850 umnerurnquilnill'mvl·

353 3870 465 3935 Nonogn
475 3872 564 3921 securi.
574 3871 624 3920 Ubi
637 3862 750 3936 ergo'lex
762 3873 863 3931 Poscit,
905 3866 1005 3918 burm.

353 3963 408 4011 qu·
425 3964 521 3998 secures
536 3966 550 3997 ι
568 3951 659 3999 civium
672 3949 809 4001 conlelbus
824 3964 864 3997 re·
945 3949 970 3996 3.
981 3945 1105 4011 Reliquus.
1117 3942 1182 4007 in,
1199 3941 1286 3992 ceteris
1298 3937 1420 3996 ffimluls,

354 4024 483 4074 movebat?
501 4028 588 4077 Porci:
605 4029 645 4076 lex
663 4040 692 4077 er
710 4026 865 4091 Sempronia,
908 4034 1073 4074 manserunt
1084 4023 1112 4072 ln
1123 4021 1235 4072 mvlbus.
1249 4046 1285 4058 -
1297 4021 1350 4067 Aur
1365 4034 1421 4066 om·

353 4102 419 4152 clres
431 4103 530 4167 quidm
540 4107 568 4156 ln
580 4105 660 4162 Urbe,
673 4115 700 4152 nt
711 4118 764 4152 nou
776 4102 866 4152 milites
908 4120 961 4153 nes.
971 4105 1023 4152 Aut
1037 4102 1099 4152 nulli
1113 4101 1210 4167 culpem
1227 4101 1292 4165 fug:
1304 4096 1421 4163 migrari
