3142 4774
283 358 327 428 28
603 361 651 427 Μ.
677 361 715 426 Τ.
742 360 1019 428 CICERONIS

328 484 388 549 lx.
419 482 554 549 Eorum
585 481 767 567 omnium,
796 483 860 576 qui
888 480 1076 550 decumani
1101 482 1334 570 vocabantur,

279 592 448 687 princeps
463 602 537 659 erat
549 592 593 679 Q.
610 589 669 659 ille
678 592 878 686 Apronius,
890 614 1000 686 quem
1012 587 1158 660 ridetis:
1175 590 1220 661 de
1233 592 1336 686 cujus

279 696 508 797 improbitate
520 698 710 795 singulari,
723 701 1010 796 gravissimarum
1023 698 1242 796 legationum
1255 725 1328 803 que

276 810 430 879 rimonia
440 820 465 895 ¹,
478 809 636 879 audistis.
651 808 847 906 Adspicite,
855 809 1012 904 judices,
1026 809 1165 881 vultum
1181 808 1337 882 hominis

279 933 315 990 et
345 917 571 1015 adspectum3
600 932 706 989 etex
734 942 776 989 ea
802 922 1050 1007 coutumacia,
1077 943 1185 1016 quam
1213 919 1272 989 hic
1297 924 1337 990 in

277 1025 427 1124 perditis
446 1025 556 1098 rebus
577 1032 728 1111 retinet,
749 1028 830 1099 illos
855 1028 957 1120 ejus²
979 1029 1125 1126 spiritus
1144 1029 1337 1100 sicilienses

278 1159 369 1232 quos
391 1135 500 1206 fuisse
520 1138 672 1233 putetis,
692 1139 844 1233 cogitate
866 1162 908 1207 ac
927 1137 1176 1209 recordamini.
1199 1140 1264 1207 Hic
1284 1152 1337 1208 est

278 1249 481 1344 Apronius,
501 1270 610 1341 quem
628 1249 667 1316 in
686 1249 869 1343 provincia
885 1260 961 1318 tota
974 1251 1123 1336 Verres,
1145 1271 1259 1343 quum
1275 1272 1338 1316 un-

279 1356 390 1451 dique
417 1357 656 1452 nequissimos
683 1354 849 1427 homines
874 1357 1130 1453 conquisisset,
1161 1370 1196 1427 et
1222 1380 1337 1453 quum

279 1468 356 1562 ipse
380 1488 502 1535 seeum
530 1468 585 1536 sui
613 1465 745 1536 similes
768 1464 926 1537 duxisset
946 1489 1022 1536 non
1042 1488 1169 1563 parum
1188 1464 1338 1550 multos,

279 1575 461 1669 nequitia,
479 1573 820 1662 luxuria,andacia,
840 1578 895 1646 sui
917 1576 1138 1646 simillimum
1153 1572 1337 1670 judicarit.

278 1687 404 1778 Itaque
418 1685 505 1753 istos
518 1686 611 1754 inter
625 1708 662 1755 se
675 1684 842 1782 perbrevi
857 1699 1038 1780 ternpore,
1061 1711 1136 1755 non
1151 1710 1209 1755 res
1219 1682 1246 1771 ³,
1261 1708 1337 1755 nou

279 1790 389 1877 ratio,
408 1814 485 1859 non
508 1791 772 1885 commendatio
795 1792 934 1889 aliqua,
953 1793 1016 1864 sed
1038 1793 1239 1864 studiorum
1259 1807 1336 1863 tur·

280 1899 409 1996 pitudo
426 1899 694 1998 similitudoque
714 1902 912 1995 conjunxit.
930 1904 1049 1973 Verris
1068 1927 1187 1973 mores
1204 1907 1337 1999 impro-

281 2006 349 2078 bos
377 2009 611 2106 impurosque
638 2012 780 2081 nostis:
808 2009 934 2108 fingite
964 2008 1086 2099 vobis,
1110 2013 1140 2081 si
1167 2014 1338 2108 potestis,

281 2116 460 2215 aliquem,
478 2123 541 2216 qui
562 2122 601 2191 in
620 2120 791 2194 omuibus
812 2123 888 2193 istis
906 2121 1014 2193 rebus
1034 2121 1159 2220 parad
1175 2124 1338 2192 omnium

198 2230 200 2234 '
281 2225 497 2322 flagitiorum
517 2228 666 2303 nefarias
681 2230 846 2303 libidines
860 2256 936 2303 esse
948 2232 1082 2330 possit:
1099 2233 1129 2301 is
1143 2232 1210 2320 erit
1223 2235 1337 2329 Apro·

282 2338 364 2406 nius
383 2337 460 2422 ille3
481 2343 565 2434 qui,
584 2354 626 2409 ut
637 2344 714 2436 ipse
728 2365 803 2411 non
820 2340 937 2412 solum
952 2342 1044 2427 vita,
1059 2339 1122 2412 sed
1137 2343 1243 2411 etiam
1259 2364 1337 2410 cor·

283 2468 371 2541 pore
390 2459 498 2543 atque
514 2452 600 2519 orel
615 2447 807 2545 significat,
820 2453 993 2521 immensa
1006 2449 1125 2545 aliqua
1138 2472 1269 2546 vorago
1285 2463 1338 2519 est

283 2552 348 2626 ac⁵
363 2579 493 2653 gurges
513 2558 682 2628 vitiorum
696 2559 1033 2655 turpitudinumque
1049 2560 1223 2630 omnium.
1235 2561 1340 2626 Hunc

283 2668 321 2734 in
338 2664 507 2737 omnibus
525 2668 673 2766 stupris,
693 2667 792 2737 hunc
809 2668 848 2737 in
864 2665 1030 2738 fanorum
1044 2664 1338 2764 expilationibus,

282 2772 381 2844 hunc
397 2777 436 2844 iu
454 2779 607 2872 impuris
625 2778 795 2847 conviviis
810 2779 1010 2875 principem
1028 2776 1241 2863 adhibebat3
1260 2789 1338 2853 tan·

284 2899 429 2981 tamque
459 2884 617 2957 habebat
646 2910 790 2957 morum
820 2886 1017 2957 similitudo
1045 2886 1339 2979 conjunctionem

319 3038 365 3084 11.
381 3053 403 3084 1.
418 3036 581 3099 Querimont'a.
598 3039 638 3086 Sic
650 3040 746 3089 Gruter.
764 3050 789 3088 et
832 3038 940 3088 rentibus
961 3038 1032 3087 rebus
1054 3039 1118 3098 suia,
1140 3039 1167 3087 iu
1188 3039 1268 3087 Sicilia
1287 3053 1340 3084 ver-

284 3117 343 3163 Eru.
356 3117 523 3164 ceterieMSS
544 3118 789 3180 ·querimonias»·.—
831 3117 937 3167 sabatur.
1066 3168 1070 3175 ,

284 3194 396 3242 Herelius
410 3194 513 3243 malebat
525 3195 665 3254 adeersum,-
676 3213 732 3244 naua
745 3197 790 3245 ad·
868 3199 892 3245 3.
905 3199 962 3245 Non
973 3213 1018 3246 res.
1039 3199 1124 3261 Neque
1141 3196 1247 3253 utilitas,
1260 3210 1341 3258 neque

283 3273 413 3337 spicere...
435 3274 575 3340 adspectum
591 3275 615 3322 ei
631 3275 697 3324 baud
709 3276 788 3340 place·
829 3276 957 3337 judicium.
979 3277 1088 3325 Graevius
1108 3274 1244 3337 iutelligit:
1262 3289 1341 3336 neque

285 3351 376 3400 hiem
385 3352 411 3398 iu
417 3346 512 3400 Catiliu.
522 3354 558 3400 tv
567 3353 676 3401 similiter
685 3353 788 3404 dicitur:
832 3356 981 3418 negotiatio,
999 3369 1077 3415 neque
1093 3352 1215 3399 rationum
1228 3367 1294 3400 eura.
1304 3379 1340 3388 -

287 3454 299 3473 a
309 3433 424 3479 Versatur
440 3431 498 3478 mibi
513 3443 570 3479 aute
588 3432 672 3481 oculor
689 3434 790 3496 Cethegi
832 3436 970 3482 Studiorum
983 3430 1124 3479 similitudo.
1134 3432 1173 3479 Sic
1185 3448 1231 3497 pro
1243 3432 1340 3481 Clueut.

263 3540 266 3546 ·
287 3510 443 3575 adspectum.
456 3510 564 3557 Pertinet
573 3522 652 3559 autern
665 3512 748 3559 vultus
759 3511 791 3559 ad
834 3535 847 3555 ι
856 3514 970 3576 Magnam
980 3512 1028 3557 ritu
1041 3511 1113 3559 babet
1129 3511 1161 3558 ad
1178 3512 1340 3577 compingen-

287 3589 457 3652 oeabpeoen
474 3588 506 3635 ad
522 3598 596 3636 totam
612 3589 722 3653 corporis
735 3606 790 3654 epe·
835 3593 878 3640 das
898 3591 1014 3638 amicitias
1034 3589 1171 3638 studiorum
1194 3606 1222 3638 ac
1247 3601 1340 3638 uaturae

286 3671 356 3718 ciem.
366 3670 451 3732 ltaque
461 3666 544 3731 paullo
556 3678 612 3732 poet
621 3669 711 3717 dieitur
721 3685 791 3718 acor·
836 3669 968 3719 similitudo
977 3689 998 3714 ιο.

287 3762 349 3811 pore
365 3758 437 3812 atque
448 3763 490 3794 ore
502 3744 621 3810 siguificat
628 3768 652 3796 a.
872 3755 899 3803 4.
910 3753 990 3811 Atque
999 3763 1048 3795 ore.
1057 3746 1131 3810 Quod
1139 3759 1268 3810 utrumque
1274 3748 1300 3795 iu
1310 3762 1340 3795 eo

324 3842 350 3874 a.
362 3827 421 3874 Illos
437 3826 496 3889 ejus.
506 3827 546 3876 Sic
561 3828 640 3874 omnis
655 3826 719 3876 edita
734 3828 793 3875 ecri-
836 3838 931 3876 vastum
941 3837 985 3875 est.

288 3915 377 3968 ptaque
395 3903 476 3953 lectio.
495 3905 636 3965 lambiunt,
648 3906 702 3955 illos
719 3907 794 3954 etiam
873 3902 897 3955 5.
909 3905 949 3953 Al.
961 3917 1021 3961 auta
1031 3905 1072 3953 sed
1081 3905 1153 3953 babet
1165 3921 1196 3952 ac
1204 3904 1342 3953 vetusliber

288 3981 392 4046 spiritus.
404 3984 490 4029 Senma
503 3994 555 4031 eet:
574 3984 686 4048 Cogitate
703 3993 793 4045 quauta
836 3984 933 4043 Ursini3
946 3984 1018 4047 idque
1028 3995 1093 4032 recte
1105 3984 1197 4049 placuit
1207 3985 1307 4033 Murato
1317 3995 1342 4031 et

290 4061 362 4110 luerit
381 4061 484 4110 hominia
502 4063 626 4126 superbia,
644 4078 733 4126 quum,
751 4061 792 4112 flo·
836 4063 941 4113 Gravia.
950 4066 974 4113 J.
986 4066 1017 4112 V,
1028 4065 1055 4112 L.
1209 4062 1218 4075 “
