3148 4780
340 449 410 543 39a
649 449 698 515 Μ.
724 449 762 519 τ.
789 447 1082 521 creanours

337 568 431 652 sola,
455 583 537 664 post
571 567 762 641 hominum
795 569 1026 653 memoriam,
1048 590 1125 641 occ
1157 564 1329 655 naribus,
1360 571 1395 638 vi

338 703 380 750 ac
400 677 632 754 multitudiue
653 679 783 751 invasit
811 700 921 773 :quae
943 680 982 751 in
1006 701 1051 749 eo
1072 678 1152 774 ipso
1178 691 1308 772 portu,
1325 677 1395 751 loci

338 795 450 889 ipsius
479 806 681 890 portusque
703 806 851 872 natura,
878 794 970 860 ricta
1000 803 1109 884 atque
1138 800 1303 883 superata
1332 802 1394 859 est

336 901 402 971 Hic
420 903 576 998 primurn
599 923 686 996 opes
709 897 806 975 illius
824 900 976 973 civitatis
997 899 1118 984 victae,
1150 899 1394 985 comminuta,

265 1056 268 1061 ,
335 1009 583 1107 depressaeque
616 1022 701 1079 sunt
722 1035 731 1079 ι
755 1011 794 1077 in
824 1006 894 1078 boc
923 1017 1093 1104 portu¹⁰,
1122 1004 1394 1079 Atheniensium

335 1117 547 1206 nobilitatis,
564 1119 717 1216 imperii,
737 1118 857 1214 gloriae
883 1116 1109 1214 naufragium
1126 1114 1259 1189 factum
1279 1117 1394 1189 existi·

334 1239 504 1300 matur¹¹.
532 1271 536 1283 ι

379 1341 573 1409 XXXVIII.
589 1342 688 1411 Eone
704 1338 818 1434 pirata
835 1338 1056 1434 penetravit,
1073 1359 1149 1433 quo
1167 1334 1272 1409 simul
1286 1349 1392 1431 atque

335 1447 564 1533 adisset,non
578 1445 688 1519 modo
698 1473 718 1519 a
727 1446 854 1533 latere,
867 1444 931 1519 sed
944 1449 1051 1517 etiam
1064 1454 1216 1540 atergo¹
1231 1466 1391 1540 magnam

333 1570 473 1658 partem
509 1554 610 1629 urbia
635 1556 888 1652 relinqueret?
915 1555 1074 1631 Insulam
1106 1568 1217 1627 totam
1249 1566 1391 1649 praeter·

334 1679 459 1737 vectus
481 1681 554 1755 est;
572 1692 653 1765 quae
674 1682 726 1741 est
747 1666 859 1741 urbs²
879 1665 1060 1761 Syracusis
1079 1688 1145 1733 suo
1168 1663 1334 1753 nomine,
1354 1686 1392 1737 ac

267 1766 269 1775 ’
333 1774 545 1847 moenibus:
567 1802 644 1873 quo
666 1777 704 1849 iu
729 1776 810 1849 loco
832 1775 1006 1868 majores,
1025 1785 1066 1845 ut
1082 1785 1165 1847 atate
1182 1768 1275 1851 dixi,
1295 1772 1394 1865 Syra·

333 1908 505 1956 cusanam
526 1909 749 1983 quemquam
775 1883 937 1957 babitare
954 1893 1165 1968 vetuerunt3
1187 1877 1309 1975 quod,
1333 1882 1395 1975 qui

333 1995 431 2065 illam
456 2011 595 2094 partem
619 1995 718 2069 urbis
746 2008 931 2080 tenerent,
957 1995 995 2062 in
1025 2014 1152 2065 eorum
1180 2003 1394 2086 potestatem

335 2119 483 2202 portum
504 2105 668 2179 futurum
686 2102 947 2200 intelligebant.
964 2107 1010 2175 At
1023 2098 1395 2197 quemadmodumest

336 2219 566 2314 pervagatus?
593 2215 730 2287 radices
766 2215 963 2317 palmarum
995 2212 1207 2310 agrestium,
1234 2233 1324 2309 quas
1357 2209 1395 2278 in

333 2327 464 2395 uostris
479 2325 629 2396 navibus
642 2331 869 2409 invenerant,
877 2319 1059 2418 jaciebant
1069 2318 1096 2407 ³,
1108 2333 1149 2393 ut
1159 2344 1285 2393 omnes
1294 2320 1397 2393 istius

334 2432 671 2529 improbitatem,et
690 2434 924 2504 calamitatem
946 2430 1070 2501 Sicilire
1090 2444 1236 2525 possent
1259 2453 1396 2524 eogno-

335 2564 442 2617 scere.
462 2543 648 2617 Siculosne
665 2544 813 2627 milites,
832 2559 1061 2613 aratorumne
1074 2536 1223 2623 liberos,
1237 2562 1395 2635 quorum

218 2696 223 2709 ·
269 2653 271 2659 ’
335 2665 452 2749 patres
468 2668 607 2724 tanturn
623 2654 746 2725 labore
764 2678 830 2725 suo
847 2651 1022 2722 frumenti
1039 2648 1245 2733 exarabant,
1265 2662 1307 2721 ut
1326 2671 1394 2743 po·

335 2761 422 2860 pulo
446 2788 597 2835 romano
630 2766 768 2862 totique
798 2762 907 2835 ltaliae
935 2758 1165 2859 suppeditare
1193 2761 1394 2857 possent&

334 2956 453 3007 Piraeicus
478 2974 605 3022 mypparo.
626 2958 765 3009 Imminutio
788 2966 840 3021 ειη
884 2961 1016 3021 Marciam,
1037 2977 1060 3009 o.
1084 2961 1186 3021 17‚nbi
1207 2959 1304 3024 Lipsius
1325 2958 1394 3024 plura

333 3052 379 3100 qua
391 3035 467 3103 ligura
478 3053 541 3102 sape
550 3038 590 3086 bie
599 3039 683 3089 iterata
695 3055 725 3087 eo
738 3037 841 3103 amplius
884 3037 957 3101 hnjus
966 3040 1082 3093 orationis
1092 3037 1146 3085 loca
1158 3036 1275 3087 contulit.
1287 3039 1303 3085 J
1306 3073 1312 3086 .
1324 3038 1355 3082 V.
1368 3038 1394 3082 1.

333 3127 435 3177 augetur
444 3117 526 3165 vente
536 3117 639 3178 gnava.
920 3119 1068 3166 xxxvm.
1086 3133 1108 3165 1.
1125 3120 1148 3163 A
1160 3128 1237 3181 tergo.
1254 3117 1323 3163 Mtte
1336 3115 1394 3162 ltm-

372 3208 411 3241 ιο.
424 3196 455 3243 Iu
465 3194 511 3243 lroc
515 3206 598 3257 portu,
612 3194 649 3243 lbi
658 3195 755 3259 quidum
765 3194 841 3243 Athe-
884 3197 946 3245 bens
959 3196 1045 3243 insulae
1061 3196 1135 3243 latera
1151 3196 1177 3243 in
1193 3194 1298 3242 mediam
1310 3192 1394 3242 urbem

335 3285 419 3319 nurum
429 3273 580 3333 potentian·
590 3273 665 3322 irrata
676 3284 725 3329 ott,
736 3274 841 3323 uttunis
884 3292 935 3325 sese
952 3276 1060 3325 insinuat
1076 3285 1101 3322 et
1117 3286 1216 3339 portum
1240 3272 1325 3322 elficit.
1345 3272 1394 3339 Qui

335 3360 393 3398 octo
409 3360 467 3413 post
482 3350 552 3405 rebus
568 3352 618 3403 snit
630 3350 741 3401 nondum
756 3353 841 3403 exilia
883 3355 959 3417 igitur
975 3356 1003 3400 in
1016 3370 1072 3405 eum
1083 3365 1182 3419 portum
1199 3363 1326 3419 penetrant
1335 3385 1344 3409 ‚
1358 3351 1394 3399 in·

333 3428 402 3479 clade
420 3430 550 3487 restitutit,
568 3429 665 3478 eoadem
684 3430 841 3483 Athenionis·
883 3433 960 3483 aulam
980 3448 994 3481 a
1015 3443 1084 3496 tergo
1107 3433 1263 3496 relinquunt,
1283 3446 1337 3493 quae
1357 3439 1395 3477 ert

333 3509 399 3574 apud
413 3511 491 3572 AEgoo
508 3507 598 3561 flumen
614 3498 728 3568 adortus,
752 3510 840 3577 insigni
884 3512 951 3561 urbis
965 3527 1050 3577 magur
1066 3528 1123 3579 pars
1137 3524 1162 3559 et
1179 3510 1305 3577 proprium
1322 3523 1394 3555 auum

332 3591 418 3658 praelio
432 3590 511 3641 navali
528 3591 610 3639 vicerit
629 3591 753 3657 Lysander
769 3596 841 3645 laea·
883 3589 1054 3639 habetnomen
1065 3599 1088 3639 et
1098 3606 1140 3639 oua
1149 3591 1246 3639 moenia.

332 3671 482 3728 daemonius,
492 3682 567 3734 atque
579 3670 639 3721 urhe
653 3683 785 3736 oocnptta,
796 3688 839 3723 re·
920 3683 945 3717 a.
963 3667 1003 3716 At.
1017 3690 1029 3709 «
1040 3685 1095 3735 qua
1111 3679 1147 3717 eu
1162 3667 1229 3716 urbis
1240 3681 1326 3731 magni
1338 3680 1395 3731 pru

331 3761 406 3803 terem
418 3753 521 3803 tomam
532 3749 687 3803 Atheniensis
700 3752 840 3817 reipublicae
884 3746 909 3795 S.
919 3768 930 3786 ι·
940 3747 1034 3795 Ernest.
1048 3747 1191 3799 ennianae
1205 3741 1395 3810 spuriajudieat.

331 3831 470 3891 sustulerit,
488 3847 517 3883 ae
528 3846 631 3891 novam,
644 3830 782 3883 enutritum
797 3831 840 3885 tri·
884 3826 909 3873 J.
919 3827 952 3873 V.
964 3826 992 3872 L.

331 3909 397 3968 ginta
412 3911 538 3973 tyrannii,
558 3910 699 3963 instituerit,
720 3910 838 3975 Xenoph.
919 3905 943 3952 3.
956 3903 1094 3953 lactabam.
1108 3905 1154 3951 Per
1165 3902 1314 3957 ludibrium,
1332 3898 1396 3946 mili-

331 3986 396 4039 uin.
411 3988 488 4039 Grac.
502 3988 545 4036 lib.
558 3991 605 4038 xl.
809 4015 813 4023 ·
883 3982 996 4045 libusque
1016 3982 1105 4029 nostris
1121 3980 1208 4031 inediae
1221 3976 1397 4045 exprobranda

370 4079 410 4111 rr.
431 4066 601 4112 Existimetur.
623 4069 714 4117 Confer
732 4064 850 4115 nobilem·
883 4061 968 4124 grati!-

332 4141 414 4193 locum
428 4142 495 4205 tpud
508 4144 621 4197 §emnem
635 4143 666 4195 de
679 4142 797 4193 consolat
809 4144 841 4191 ad
918 4155 946 4203 4.
957 4144 1117 4212 Suppeditare
1127 4157 1233 4213 possent.
1257 4149 1356 4195 liutom.
1371 4152 1396 4190 ot
