3148 4780
325 420 392 513 392
641 416 689 484 Μ.
716 416 754 483 Τ.
780 414 1056 484 CICERONIS

322 538 381 608 illa
394 532 598 632 provincia,
613 534 857 605 verumetiam
870 532 937 604 hac
947 530 1134 630 republica
1149 533 1377 631 dignissimus

323 650 554 719 existimetur.

369 752 592 828 Confirmant
613 752 681 848 ipsi
707 762 804 838 se¹⁰,
831 776 947 848 quum
970 752 1001 822 is
1033 753 1139 824 etiam
1165 769 1242 825 tum
1270 759 1375 829 semi·

323 866 459 938 somnis
492 876 669 958 stuperet3
687 884 784 931 arma
806 862 974 958 capiunt;
999 875 1116 934 totum
1133 861 1254 935 sorum
1271 880 1376 963 atque

321 973 496 1060 Insulam,
516 985 663 1068 quaeest
680 968 919 1066 urbismagna
939 994 1039 1068 pars,
1053 971 1248 1069 complent.
1261 977 1375 1044 Unam

226 1074 230 1083 ¹
321 1085 419 1155 illam
437 1081 550 1154 solam
563 1094 707 1152 noctem
720 1078 907 1175 praedones
923 1078 968 1149 ad
986 1079 1134 1150 Elorum
1149 1083 1374 1170 commorati,

324 1217 438 1292 quum
457 1190 635 1262 fumantes
653 1191 759 1261 etiam
774 1203 913 1260 nostras
932 1212 1041 1260 naves
1058 1188 1304 1285 reliquissent,
1320 1216 1375 1262 ac·

322 1304 450 1377 cedere
471 1303 650 1400 incipiunt
679 1298 725 1369 ad
754 1302 951 1395 Syracusas.
988 1300 1060 1387 Qui
1094 1297 1259 1370 videlicet
1288 1325 1376 1398 saepe

322 1413 522 1499 audissent,
543 1409 633 1480 nihil
666 1433 741 1480 esse
777 1408 979 1505 pulchrius,
1000 1432 1107 1504 quam
1129 1412 1374 1504 Syracusarum

321 1525 455 1592 moenia
464 1544 504 1591 ac
515 1533 660 1618 portus,
674 1531 887 1605 statuerant,
902 1540 995 1605 sese,
1008 1520 1037 1587 si
1049 1543 1090 1588 ea
1102 1522 1212 1589 Verre
1228 1536 1376 1618 praetore

317 1654 398 1700 non
413 1627 601 1715 vidissent,
620 1652 819 1724 numquam
841 1651 918 1698 esse
936 1628 1086 1698 visuros.

370 1740 547 1809 XXXVII.
564 1741 615 1809 ric
628 1741 745 1833 prImo
757 1736 802 1805 ad
814 1734 872 1805 illa
884 1738 1002 1806 aestiva
1015 1741 1176 1833 praetoris
1189 1737 1377 1823 accedunt,

322 1850 437 1947 ipsam
453 1846 550 1916 illam
568 1846 613 1916 ad
634 1859 773 1942 partem
793 1843 926 1927 litoris,
950 1844 1015 1914 nbi
1037 1847 1103 1916 iste
1121 1869 1186 1942 per
1206 1871 1269 1917 eos
1286 1847 1378 1935 dies,

321 1955 561 2030 tabernaculis
577 1955 721 2052 positis,
740 1965 854 2023 castra
869 1952 1018 2023 luxuriae
1038 1954 1228 2026 collocarat
1245 1984 1254 2025 :
1271 1982 1378 2053 quem

319 2082 557 2167 posteaquam
578 2066 723 2133 inanem
737 2062 858 2133 locum
872 2060 1121 2150 offenderunt,
1140 2079 1176 2136 et
1190 2081 1378 2162 praetorem

325 2177 559 2249 commovisse
573 2199 618 2245 cx
631 2198 675 2245 eo
689 2174 769 2245 loco
787 2183 923 2244 castra¹
947 2188 1152 2258 senserunt,
1171 2178 1290 2247 statim
1303 2181 1379 2248 sine

324 2286 399 2357 ullo
436 2298 537 2356 metu
572 2285 609 2353 in
638 2280 784 2381 portum
818 2283 936 2379 ipsum
967 2297 1154 2380 penetrare
1180 2301 1379 2382 coeperunt.

324 2399 446 2487 Quum
477 2394 515 2462 in
545 2405 690 2488 portum
714 2387 813 2477 dico,
842 2390 981 2486 judices
1009 2390 1301 2487 (explanandum
1327 2409 1381 2466 cst

323 2504 418 2571 enim
433 2498 655 2594 diligentius,
672 2521 799 2569 eorum
813 2524 936 2587 causa,
955 2502 1020 2597 qui
1038 2500 1158 2572 locum
1175 2502 1380 2597 ignorant),

322 2610 361 2678 iu
379 2605 508 2678 urbem
531 2604 631 2695 dico,
650 2622 758 2705 atque
783 2610 822 2678 in
846 2609 948 2679 urbis
972 2611 1132 2679 intimam
1154 2625 1291 2706 partem
1315 2636 1378 2684 ve·

285 2729 290 2739 '
322 2719 417 2787 nisse
434 2714 566 2813 piratas
587 2742 595 2784 ι
615 2741 689 2787 nou
705 2720 801 2789 enim
816 2733 926 2816 portu
941 2718 1031 2790 illud
1051 2718 1227 2817 oppidum
1243 2721 1380 2793 claudi·

322 2836 426 2913 tur²,
456 2824 518 2895 sed
536 2826 623 2896 urbe
645 2841 772 2924 portus
799 2829 876 2924 ipse
900 2828 1055 2924 cingitur
1075 2845 1111 2900 et
1129 2830 1380 2921 concluditur;

321 2961 397 3006 nou
432 2950 473 3006 ut
499 2935 720 3008 alluantura
744 2938 833 3006 mari
858 2942 991 3007 moenia
1016 2952 1186 3025 extrema,
1217 2942 1279 3012 sed
1304 2946 1380 3041 ipse

320 3042 468 3116 inilnat³
483 3045 521 3116 in
534 3043 634 3116 urbis
648 3047 767 3116 sinum
783 3060 920 3144 portus.

359 3190 398 3221 ro.
405 3174 555 3242 Confinnant
562 3175 610 3239 ipsi
614 3192 646 3222 re.
654 3176 826 3235 idertincoln
868 3178 989 3235 hostium,
1008 3189 1036 3226 nt
1052 3178 1139 3242 vulgo,
1159 3194 1235 3242 quum
1254 3193 1291 3230 est
1313 3192 1380 3231 totns

321 3252 428 3300 animum
435 3267 505 3299 sunm
514 3253 619 3316 erigunt.
869 3256 1032 3318 anteurbem3
1043 3256 1377 3322 sedipsecingitnraediflciia

355 3330 489 3379 XXXVII.
513 3346 535 3379 r.
560 3330 655 3379 Castra.
675 3334 756 3381 Itonia
774 3340 826 3392 est,
869 3335 935 3382 urbii
952 3335 1075 3398 undique,
1091 3345 1117 3383 et
1129 3345 1197 3383 extre
1212 3337 1297 3386 urbem
1314 3337 1376 3385 nihil

318 3409 386 3473 qnasi
394 3408 678 3471 proptermrlitiemillam
685 3411 826 3461 muliebrem
869 3425 905 3461 ert
912 3448 921 3473 ,
933 3413 978 3459 nisi
987 3414 1100 3461 introitus
1113 3424 1228 3479 portus».
1241 3414 1298 3462 Non
1310 3426 1375 3462 recte

317 3487 445 3552 praedones
455 3486 485 3534 ab
494 3485 562 3535 aditu
575 3489 651 3537 territi
660 3490 769 3539 inissem.
867 3492 1006 3540 intellexere
1023 3493 1209 3557 descriptionem
1222 3492 1283 3541 hanc
1298 3495 1374 3541 Inter·

353 3583 378 3616 a.
399 3565 535 3615 Clauditur,
556 3566 664 3616 Graevinr
680 3570 769 3618 multus
788 3582 835 3619 eat*
866 3582 954 3634 pretet.
966 3568 1029 3616 Vide
1039 3570 1070 3619 de
1079 3572 1127 3620 hoc
1137 3583 1210 3635 portu
1222 3583 1307 3620 testem
1316 3589 1378 3621 ocn-

316 3646 342 3692 in
360 3644 511 3710 explananda
525 3644 599 3708 hujus
614 3647 681 3694 vocis
697 3649 721 3694 vi
737 3663 765 3695 ac
778 3666 824 3714 po·
865 3648 941 3696 latum
955 3647 1060 3695 Dorville
1073 3650 1105 3698 ed
1116 3650 1209 3701 charit.
1223 3667 1249 3716 p.
1265 3654 1324 3715 598.
1340 3679 1377 3688 —

316 3724 701 3786 testate.·Homines,ait‚etloca
710 3725 823 3778 dicuntur
866 3724 958 3773 Moem‘a
974 3738 1099 3787 amma,
1120 3739 1156 3777 ut
1175 3728 1233 3777 urbe
1251 3740 1373 3777 extrem:

314 3802 413 3861 claudi,
434 3804 471 3853 illi
488 3820 563 3870 φιαω
580 3816 754 3870 pervenerunt,
768 3805 822 3855 haee
865 3807 1016 3854 mmmoenu
1030 3819 1087 3856 eunt
1098 3806 1201 3856 edificia
1215 3808 1296 3868 urbis,
1310 3806 1376 3854 unde

314 3897 390 3943 quum
407 3884 452 3932 sita
474 3897 532 3934 runt
553 3885 584 3934 ad
602 3886 674 3934 litora
692 3886 764 3934 maris
779 3896 821 3933 ant
862 3899 909 3947 pro
929 3885 980 3948 ipsa
992 3885 1051 3934 urbe
1070 3886 1192 3934 dIcnntur.
1213 3886 1375 3935 Camerina

313 3956 444 4019 eliainvia,
453 3978 504 4024 quo
517 3980 568 4013 non
581 3964 640 4012 lictu
652 3964 753 4012 ulteritu
761 3979 819 4026 pro·
863 3961 939 4010 indic.
951 3964 1018 4011 latin.

313 4033 381 4100 gredi
395 4057 417 4083 a.
439 4038 479 4084 Sic
497 4053 578 4089 autem
597 4042 703 4105 explicat
724 4043 817 4088 Ernest.
897 4042 923 4089 ³.
936 4042 985 4088 Sed
993 4042 1212 4109 ipseitfiuat‚etc.
1225 4042 1367 4099 unimus,

312 4136 325 4159 ι
336 4123 421 4179 portus
434 4129 485 4162 non
497 4115 605 4166 defendit
615 4118 699 4166 urbem
709 4117 739 4166 ab
751 4115 818 4164 aditu
861 4119 922 4168 «sed
931 4130 958 4167 nt
967 4118 1036 4167 inii.»
1047 4121 1110 4171 tt.
1119 4121 1145 4170 L.
