3016 4774
493 377 764 449 excursus
789 378 930 448 xxiv.
1176 380 1247 477 607

179 524 277 592 supra
292 501 390 571 citare
408 497 543 563 memini
561 521 570 563 ε
591 527 605 555 ι
621 497 723 581 Quod
738 520 798 586 per
813 498 986 576 colonum,
1004 497 1126 589 inquit,
1145 505 1253 591 possi·

50 676 54 683 ,
180 607 261 691 deo,
278 608 372 671 heres
389 625 481 669 meus
499 603 563 668 nisi
575 603 643 693 ipse
659 620 774 669 nactus
789 604 1028 694 possessionem
1048 628 1116 672 non
1132 609 1253 697 poterit

180 713 346 805 possidere
358 744 382 777 ι.
400 713 442 777 At
457 710 538 774 mihi
556 733 623 775 non
644 710 745 801 magis
764 734 895 777 necesse
913 728 980 794 cst,
997 714 1055 801 qui
1070 713 1149 778 huic
1164 716 1254 781 velut

46 892 61 911 .
182 832 314 902 ἀντινομίᾳ
328 840 515 901 occurram,
531 817 693 896 laborare,
713 841 811 906 quem
829 819 863 883 in
878 835 944 883 tam
957 820 1068 903 multis
1084 821 1165 905 illis,
1182 846 1255 911 quse

42 979 56 995 .
134 966 144 987 ·
181 950 278 1018 supra
298 925 453 1015 exposui,
477 924 511 988 in
530 924 651 1012 quibus
671 924 895 1006 jurisconsulti
916 948 984 990 non
1005 927 1106 1016 magis
1125 951 1143 992 a
1160 928 1253 994 Cice·

22 1020 52 1107 ’,
181 1057 282 1116 rone,
298 1056 396 1121 quam
410 1031 473 1121 ipsi
488 1031 574 1096 inter
591 1053 625 1096 se
643 1030 888 1096 dissentiebant.
907 1031 944 1097 P.
962 1032 1086 1098 Fusa.
1106 1070 1111 1079 ·

30 1194 47 1234 ,Β
110 1160 126 1183 ⁸
224 1140 360 1228 Propter
383 1135 624 1224 rasumfiuctum.
641 1139 684 1203 At
707 1137 742 1201 in
766 1137 788 1202 l.
808 1136 979 1202 sciendum
1001 1143 1019 1219 s
1042 1161 1118 1203 eum
1136 1162 1252 1204 verum

180 1246 220 1310 D.
233 1245 302 1329 Qui
316 1242 470 1309 satisdare
486 1258 664 1331 cogantur,
678 1242 788 1308 Macer
808 1242 937 1326 scribit,
953 1266 1029 1308 eum
1048 1245 1106 1332 qui
1126 1261 1255 1311 tantum

181 1351 426 1414 usumfructum
450 1347 585 1429 babeat,
607 1370 827 1436 possessorem
851 1370 919 1412 non
948 1370 1016 1414 esse
1037 1372 1077 1414 cx
1094 1352 1255 1433 sententia

181 1455 320 1545 Uipiani.
340 1452 404 1518 Sed
419 1475 522 1518 causus
537 1452 635 1517 servit
650 1453 773 1535 Cicero.
791 1454 881 1519 Pass.

226 1561 305 1625 Erat
319 1557 480 1641 ejusmodi
494 1558 631 1646 quaestio
648 1580 656 1623 t
673 1557 856 1623 Possederit
871 1582 912 1624 ne
930 1561 1097 1626 Cesennia
1111 1561 1253 1630 fundum
1358 1600 1368 1610 ·

182 1689 222 1731 ex
235 1679 429 1730 testamento
443 1663 520 1746 viri,
534 1663 591 1751 qui
606 1662 779 1751 reliquerat
791 1662 837 1727 illi
851 1666 1090 1731 usumfructum
1104 1670 1253 1735 omnium

182 1770 367 1851 bonorum,
391 1791 434 1834 an
456 1767 630 1857 emptionis
649 1767 741 1850 jure,
760 1767 851 1855 quod
875 1768 916 1833 ab
938 1768 1030 1836 basta
1044 1772 1079 1836 in
1097 1775 1251 1840 auctione

183 1874 343 1957 fundum,
360 1873 402 1939 de
425 1895 493 1962 quo
508 1871 675 1962 agebatur,
692 1872 833 1937 emisset.
853 1871 941 1938 Illud
958 1874 1034 1939 Piso
1051 1875 1250 1965 affirmabat,
1273 1879 1276 1883 ’

184 1981 248 2046 hoc
266 1981 381 2046 Cicero
404 1994 542 2044 conatur
560 1978 727 2043 adstruere
749 2001 777 2041 c.
796 2001 828 2066 7.
852 1978 886 2043 Si
905 1979 1100 2046 concederet
1120 1985 1254 2069 Cicero,

183 2104 341 2177 apropter
356 2086 596 2151 usumfructum
607 2115 620 2140 υ
637 2084 837 2149 Cesenniam
854 2084 1050 2172 possedisse,
1066 2089 1154 2153 nulla
1168 2108 1252 2157 esset

9 2172 15 2183 Ι
106 2210 112 2217 ’
183 2191 412 2257 controversia.
426 2193 468 2255 At
479 2212 578 2278 supra
590 2185 964 2277 quumid‚negasset,hio
977 2191 1073 2255 etiam
1083 2210 1188 2283 negat.
1200 2196 1254 2262 Sic

183 2312 292 2363 autem
303 2311 570 2387 argumentatur:
586 2294 654 2376 Qui
670 2292 815 2382 possidet
828 2294 954 2359 ratione
966 2298 1190 2383 ususfructus,
1206 2302 1255 2366 lo·

183 2405 267 2469 catio
282 2403 323 2467 ab
342 2425 382 2467 eo
400 2402 519 2467 colono
538 2402 620 2465 facta
637 2398 725 2464 nulla
744 2415 807 2482 est,
830 2416 1003 2489 postquem
1022 2402 1090 2492 ipse
1108 2403 1255 2473 decesse-

0 2498 20 2591 J
97 2576 100 2582 ,
182 2510 248 2574 rite
265 2507 505 2597 quiemptionis
521 2506 646 2570 ratione
660 2504 821 2595 possidet,
831 2506 871 2571 ab
885 2530 925 2572 eo
941 2509 1024 2574 facta
1040 2510 1157 2577 loostio
1170 2514 1255 2581 vaiet

183 2614 280 2680 etiam
297 2613 358 2678 sub
377 2611 515 2694 herede,
532 2628 607 2701 post
622 2628 762 2677 mortem
778 2615 949 2679 testatoris.
966 2615 1010 2680 Ar
1022 2616 1181 2703 colonus,
1195 2622 1254 2709 qui

184 2718 324 2784 fundum
341 2718 434 2783 illum
451 2718 568 2783 habuit
582 2716 784 2783 conductum
800 2718 842 2783 de
857 2719 1040 2804 Cesennia,
1057 2723 1089 2786 ri
1107 2723 1253 2804 ejusdem

184 2823 412 2889 conductionis
420 2824 580 2907 obtinuit,
591 2824 644 2888 illa
654 2839 800 2906 mortua,
812 2824 875 2888 sub
888 2823 1009 2890 herede
1017 2828 1153 2895 (lecina.
1168 2830 1255 2921 Ergo

184 2928 325 2995 fundum
341 2931 508 2995 Cesennia
519 2929 666 3019 possedit
678 2931 803 2995 ratione
816 2931 1008 3019 emptionis,
1023 2955 1090 2997 non
1103 2938 1256 3000 ususfru-

182 3052 256 3101 ctus
267 3059 276 3101 :
288 3036 492 3126 proindeque
502 3052 576 3124 post
591 3036 675 3100 illius
691 3052 846 3118 mortem,
860 3037 984 3101 Caecina
1002 3037 1096 3104 heres
1112 3039 1254 3107 fundum

179 3144 254 3225 jure
279 3144 433 3232 possedit.
452 3145 595 3209 annin.
612 3180 657 3194 -
676 3146 745 3235 Qui
765 3143 896 3209 colonus
915 3144 1027 3215 habuit
1050 3148 1251 3215 conductum.

183 3250 346 3315 Pristinus
359 3249 523 3315 secundus
539 3251 712 3340 quoniam:
727 3249 819 3339 quod
837 3274 915 3316 sene
929 3252 983 3317 hic
997 3254 1114 3343 aptius.
1131 3254 1233 3322 Gnnr.

228 3357 295 3440 Qui
310 3355 394 3421 liber
409 3354 516 3420 firmat
531 3354 793 3435 emendationem
805 3355 841 3419 P.
858 3357 963 3421 Fabri.
984 3358 1093 3426 Gnnv.

227 3460 358 3525 Inllem.
378 3481 417 3524 ex
444 3481 505 3523 suo
522 3459 581 3524 MS
604 3457 705 3524 edidit
726 3462 824 3548 quia5
840 3459 925 3525 adde
941 3461 981 3527 V.
999 3463 1037 3527 L.
1065 3464 1153 3529 Tum
1171 3488 1254 3557 «per

120 3570 124 3585 '
183 3566 338 3633 colonum
349 3596 382 3647 n,
399 3582 437 3630 ut
448 3588 487 3630 ex
496 3565 609 3631 lamb.
621 3564 754 3630 dederat
769 3565 865 3631 etiam
880 3567 997 3633 Olivet.
1014 3568 1136 3636 Probat
1144 3586 1253 3636 tamen

184 3673 280 3739 Fabri
298 3671 572 3739 emendationem.
592 3672 681 3757 Quid
700 3671 833 3737 tandem
850 3671 997 3758 codices,
1015 3691 1048 3740 et
1066 3675 1141 3742 edd.
1160 3676 1254 3742 dese·
1363 3730 1365 3735 .

182 3777 308 3861 rimus,
330 3795 369 3843 ut
391 3773 640 3843 emendantibus
670 3778 916 3866 obsequamur?
940 3781 1043 3865 Cave,
1074 3782 1252 3872 quidquam

183 3899 301 3947 mutes.
312 3884 476 3949 Ferratius
492 3906 561 3948 rem
577 3881 681 3948 vidit:
697 3882 759 3947 nisi
776 3882 867 3971 quod
883 3883 936 3949 hic
952 3907 1019 3950 non
1034 3889 1200 3976 quaeritur,
1211 3913 1252 3955 an

183 3988 358 4076 emptionis
370 3990 559 4057 transmisso
572 3991 647 4078 jure
659 3988 982 4079 possederitCaecina,
996 3991 1053 4058 sed
1068 4010 1194 4061 tantum
1209 4020 1251 4062 an

184 4093 373 4185 possederit.
394 4095 548 4162 AEbutius
570 4119 638 4161 non
661 4097 800 4187 negabat
824 4096 1004 4186 possedisse
1029 4103 1252 4186 Cesenniam3
