3116 4774
338 408 437 501 490-
658 404 707 472 Μ.
732 404 769 471 n
797 403 1073 477 emenonis

336 548 440 612 rare,
466 519 567 620 quod
589 546 716 594 omnes
742 535 850 595 testes
877 521 1097 611 infirmaret,
1121 522 1186 619 qui
1206 536 1290 595 ante
1309 547 1396 595 eum

338 633 531 707 dixissent:
553 656 669 730 quum
695 632 816 705 subito
842 658 927 707 ecce
953 632 1068 723 idem,
1094 638 1158 732 qui
1179 633 1289 719 solet,
1308 658 1396 706 suos

336 744 432 816 solos
449 767 571 815 servos
588 757 742 815 armatos
759 740 868 817 fuisse
890 743 989 814 dixit.

384 859 446 927 xl.
466 853 561 946 Quid
583 853 668 925 huic
692 867 734 923 tu
759 852 900 923 homini
923 851 1052 927 incias?
1074 876 1197 923 nonne
1217 852 1395 925 concedas

335 964 536 1049 interdum,
557 975 598 1033 ut
615 966 846 1033 excusatione
869 986 1017 1033 summae
1034 955 1225 1049 stultitiae¹‚
1245 986 1395 1035 summae

334 1072 575 1173 improbitatis
606 1072 730 1149 odium
760 1071 999 1169 deprocetur?
1029 1075 1176 1159 Utrum,
1205 1096 1394 1169 recupera·

335 1199 451 1272 tores,
481 1182 537 1254 his
561 1181 713 1254 testibus
739 1207 814 1254 nou
838 1180 1057 1269 credidistis,
1084 1205 1220 1279 quum,
1242 1181 1330 1278 quid
1354 1182 1394 1253 li·

334 1308 463 1392 queret
472 1304 498 1381 ²,
526 1317 602 1363 non
628 1291 826 1363 habuistis?
854 1298 901 1364 At
926 1291 1169 1363 controversia
1196 1313 1273 1360 uon
1297 1305 1391 1376 erat,

333 1407 424 1502 quin
444 1427 568 1474 verum
590 1402 762 1475 dicerent.
783 1406 840 1475 An
867 1404 905 1474 in
931 1416 1055 1474 coacta
1081 1399 1334 1486 multitudine,
1353 1402 1391 1473 in

332 1515 457 1600 urinis,
475 1516 512 1583 in
532 1510 631 1602 telis,
653 1513 691 1583 in
714 1515 881 1610 praescnti
903 1526 1002 1585 metu
1024 1513 1167 1598 mortis,
1185 1513 1392 1608 perspicuo·

332 1644 405 1717 que
423 1617 609 1718 periculo3
628 1621 751 1711 caedis,
773 1621 928 1695 dubium
949 1619 1053 1693 vobis
1071 1619 1159 1706 suit,
1176 1634 1300 1692 utrum
1317 1645 1392 1693 esse

333 1733 386 1801 vis
410 1730 529 1828 aliqua
551 1731 745 1820 videretur,
767 1733 907 1804 necne?
934 1730 1076 1821 Quibus
1094 1732 1203 1829 igitur
1225 1732 1264 1801 in
1282 1728 1392 1802 rebus

331 1839 385 1911 vis
418 1841 567 1937 intelligi
592 1857 729 1939 potest,
757 1843 786 1912 si
811 1842 850 1912 in
873 1841 930 1913 his
963 1867 1040 1913 non
1066 1840 1311 1936 intelligetur?
1335 1846 1389 1913 An

331 1973 418 2022 vero
431 1951 490 2022 illa
503 1938 665 2024 defensio
679 1949 781 2024 vobis
797 1950 965 2049 prueclara
977 1952 1050 2023 visa
1068 1951 1143 2022 est?
1159 1954 1242 2022 Non
1259 1949 1391 2047 deieci,

331 2061 394 2133 sed
412 2060 568 2133 obstitil.
591 2066 674 2134 Non
692 2067 788 2132 enim
808 2077 845 2132 te
861 2084 942 2133 sum
961 2084 1085 2158 passus
1106 2065 1144 2132 in
1160 2059 1314 2131 fundum
1331 2065 1387 2132 iu-

330 2170 454 2269 gredi3
471 2171 533 2244 sed
552 2188 706 2244 armatos
723 2173 889 2243 homines
908 2172 1084 2270 opposui,
1101 2187 1142 2243 ut
1156 2171 1388 2271 intelligeres,
1534 2248 1535 2265 χ

363 2379 412 2427 11.
430 2394 453 2426 r.
465 2378 634 2425 Excusatiuue
645 2392 745 2424 eumenes
758 2376 837 2425 emiti-
879 2375 923 2440 qul
932 2375 1080 2440 palatium,
1092 2374 1162 2439 quod
1173 2376 1234 2423 milri
1246 2386 1272 2425 tu
1285 2375 1388 2424 intente-

328 2454 378 2506 te'a.
392 2455 492 2518 Egregia
505 2455 629 2502 ucuntio
642 2452 742 2502 scilicet.
755 2457 794 2502 Its
805 2453 837 2505 de
880 2453 937 2515 bes,
948 2472 963 2503 e
976 2471 1014 2505 rue
1028 2456 1135 2517 meisque
1145 2455 1250 2503 formeris
1262 2454 1389 2519 propulse-

327 2536 567 2597 numen-pens.
584 2533 719 2596 «Stuporis
737 2548 837 2583 acun-
879 2545 941 2583 rent
964 2533 1013 2582 Sed
1033 2549 1110 2597 quum
1129 2533 1244 2594 deiecisse
1268 2549 1295 2581 se
1318 2534 1389 2581 burt

327 2612 396 2660 tione
411 2627 438 2659 se
455 2611 583 2659 defendere
592 2634 615 2661 ι.
634 2612 696 2659 Nem
711 2624 739 2660 nt
750 2612 837 2661 scribit
879 2612 1295 2676 nelit‚illndlntelligipoteet‚quud
1303 2611 1388 2675 peullo

327 2689 371 2739 lib.
383 2690 433 2739 lde
442 2693 513 2740 Oret.
524 2690 647 2739 «seelude
655 2692 836 2741 mundonem
878 2694 942 2741 infru
950 2693 1057 2757 apertius
1065 2693 1173 2741 ostendit
1181 2724 1189 2751 ,
1198 2690 1326 2756 probibere
1334 2690 1389 2753 qui·

328 2769 493 2820 mansues
506 2773 607 2820 Pessu.
880 2771 935 2823 dese
955 2771 1023 2821 editu
1040 2771 1135 2835 ingredi
1156 2771 1276 2820 volentem
1296 2769 1388 2829 licere,
1432 2788 1437 2803 ·

363 2847 836 2915 e.Quumquidquueretuenleubuistis.
879 2852 1013 2913 ingram
1033 2867 1093 2899 vero
1113 2851 1230 2911 deiicere,
1248 2847 1387 2911 siquiden

328 2929 411 2991 Quum
424 2929 517 2978 duabus
527 2932 577 2991 jem
585 2927 721 2977 actionibus
734 2944 836 2991 respou-
879 2930 976 2978 ermetis
986 2930 1139 2992 hominibus,
1151 2942 1203 2978 nou
1212 2928 1295 2976 licere.
1307 2929 1387 2975 uon.

328 3005 398 3056 distis
416 3009 488 3056 robis
504 3023 552 3056 nese
569 3008 675 3071 liquere,
689 3017 715 3055 et
731 3008 837 3071 areptus
878 3036 914 3047 -
931 3011 1012 3071 Quem
1032 3008 1137 3057 sbsnrde
1154 3010 1200 3056 iste
1218 3004 1388 3071 congeretur

328 3087 513 3148 pronuntiastis.
540 3089 657 3135 Horrore.
684 3112 720 3123 --
737 3085 835 3137 Schiite.
879 3087 1048 3147 doctissimus,
1071 3088 1095 3136 ei
1117 3085 1186 3135 nette
1211 3084 1324 3150 parebit,
1345 3084 1387 3147 qul

327 3166 495 3227 reponendus:
505 3176 589 3227 putet,
602 3163 670 3228 qued
679 3163 794 3228 liqueret,
807 3176 836 3214 ut
878 3179 968 3216 sertum
996 3183 1074 3216 muse
1102 3165 1249 3215 consideret.
1280 3163 1387 3212 Primum

327 3241 573 3299 etdeNetDeor.l‚
585 3244 699 3292 12.J.v.
712 3245 737 3291 b.
878 3246 942 3295 enin
962 3246 1011 3294 vim
1029 3245 1140 3293 attuleret
1160 3244 1254 3293 nullem
1274 3242 1386 3295 Coecim·

364 3319 388 3366 3.
401 3320 442 3367 Sic
455 3323 565 3369 Garine
576 3338 590 3368 e
603 3323 648 3370 tts
661 3322 712 3370 ns.
723 3338 770 3385 pro
783 3323 836 3370 vul·
878 3341 951 3389 quem
966 3325 1080 3389 repellere
1093 3325 1148 3385 jure
1162 3333 1244 3387 posset
1256 3321 1385 3369 AEbuuus:

325 3408 380 3463 gete
389 3398 676 3465 lectionefflerepieuop.
688 3403 713 3449 J·
724 3402 792 3450 v.1.
879 3420 902 3453 c.
924 3420 953 3464 e:
968 3405 1049 3452 «Dies
1066 3419 1095 3451 er
1113 3403 1239 3466 utriusque
1256 3398 1387 3449 commodo

362 3486 389 3535 4.
405 3479 461 3526 Non
473 3477 555 3543 dejeci,
565 3480 612 3527 sed
618 3479 704 3528 obstiti.
718 3477 834 3530 Defensio
877 3484 995 3531 sumitur:
1008 3485 1105 3533 Ceciue
1118 3496 1173 3530 cusu
1185 3482 1270 3545 emicie
1281 3481 1311 3529 ed
1321 3480 1387 3528 diens

326 3558 419 3607 AEbutii
433 3574 484 3605 non
499 3568 562 3616 uin,
580 3561 679 3623 opinor,
692 3561 832 3623 uectoria,
877 3563 956 3617 venit,
969 3571 1038 3611 etc.»
1051 3560 1123 3610 Adde
1136 3560 1207 3611 Coelii
1222 3560 1387 3609 testimouium

326 3654 398 3702 quem
414 3637 501 3688 Cicero
519 3637 572 3685 vult
588 3637 685 3688 videri:
707 3650 764 3687 nem
781 3652 833 3703 quo
877 3655 901 3688 u.
916 3655 941 3701 9»
958 3639 1053 3691 Deinde
1066 3641 1169 3703 questio
1182 3639 1343 3704 poeseuiouie
1355 3637 1388 3685 se

324 3718 406 3766 miuus
417 3717 529 3765 AEbutius
541 3716 663 3776 obsistet,
676 3730 706 3765 ue
718 3718 745 3765 in
757 3718 833 3783 ipsius
876 3718 924 3768 hou
937 3718 996 3768 loco
1008 3730 1045 3768 eet
1057 3718 1154 3769 eliens:
1167 3735 1189 3767 o.
1201 3734 1233 3779 ²7
1245 3731 1252 3765 ε
1266 3740 1279 3760 ι
1288 3716 1387 3779 quicum

324 3796 427 3845 fundum
436 3797 491 3861 ipso
499 3797 577 3846 insito
586 3798 681 3848 Cercius
694 3796 831 3861 ingredere-
874 3808 902 3845 tu
915 3799 1016 3862 posthec
1030 3797 1059 3845 de
1072 3798 1225 3862 possessione
1239 3793 1389 3851 contendes,

324 3882 381 3936 tur,
396 3878 480 3924 etvini
501 3877 526 3924 vi
542 3877 679 3942 repelleret,
697 3876 763 3925 nulle
779 3878 832 3941 lege
875 3878 1053 3927 ete-Seilieet
1063 3878 1155 3925 issem
1164 3876 1287 3941 possessio
1297 3890 1388 3939 suppo

324 3953 499 4017 prohibebunt
513 3969 522 4003 ε
540 3956 593 4004 hnc
612 3959 676 4005 enirn
696 3968 748 4005 eret
767 3956 832 4005 illius
874 3956 955 4007 niter:
965 3957 1034 4020 quod
1046 3973 1121 4019 quun
1130 3955 1268 4017 rubigitnr,
1277 3968 1349 4002 nemo
1360 3953 1387 3999 vi

325 4033 405 4080 meio
413 4047 419 4079 :
428 4033 488 4079 Noe
500 4044 523 4080 ts
533 4050 586 4082 ιιι
595 4051 677 4097 penne
689 4037 715 4082 iu
728 4033 831 4081 fundum
875 4045 964 4083 mete
974 4046 1012 4083 est
1023 4035 1114 4083 interes
1128 4033 1290 4099 repellendus.
1300 4030 1389 4079 Tertio

326 4125 406 4160 meum
418 4108 699 4171 ingredinedernetos
710 4111 832 4175 opponi,
875 4110 962 4160 fulsum
983 4122 1031 4174 est,
1054 4112 1176 4163 esum
1199 4112 1303 4161 soluisse
1326 4120 1388 4159 tune
