3148 4780
345 444 415 538 370
662 436 711 505 u.
736 436 775 504 r.
801 436 1079 506 cressonis

342 561 483 635 Deinde
500 558 560 630 alii
578 570 735 655 quaestus
758 555 1005 644 instituuntur,
1023 578 1067 625 ex
1089 576 1165 625 uuo
1185 574 1317 649 genere
1334 576 1401 624 ua-

343 674 433 759 vali,
450 669 570 740 videte
586 690 696 765 quam
716 665 821 736 multi
836 694 847 737 t
862 668 1023 763 accipere
1040 689 1061 735 u
1076 659 1279 733 civitatibus
1293 685 1402 759 pecu·

344 788 444 868 nias,
464 805 512 853 ue
539 792 665 850 nautas
686 774 836 863 darent3
865 777 983 872 pretio
1012 787 1112 845 certo
1134 773 1261 842 missos
1286 770 1404 842 facere

343 906 491 977 nautam
512 890 703 959 missorum
718 908 827 956 omne
841 883 1061 983 stipendium
1077 882 1226 969 lucrari3
1240 879 1404 977 reliquis,

344 998 443 1097 qnod
472 995 638 1081 deberet,
669 1016 745 1063 non
775 992 870 1064 dare.
901 997 984 1063 Haec
1008 996 1129 1062 omnia
1153 1015 1197 1062 ex
1218 990 1406 1062 civitatum

345 1106 557 1179 testimoniis
586 1103 806 1198 cognoscite.
838 1105 957 1173 Recita
983 1101 1186 1173 testimonia
1206 1101 1403 1170 civitatum.

344 1222 564 1289 Tnsrruonrn
580 1231 787 1282 cruunruu.

392 1327 502 1396 XXV.
531 1321 718 1393 Hunccine
745 1318 978 1391 hominem¹i
1008 1319 1183 1391 hanccine
1212 1319 1406 1417 impuden-

345 1437 450 1521 tiam,
469 1427 630 1528 judices?
651 1428 826 1500 hanccine
846 1427 1054 1500 audaciam?
1073 1427 1277 1501 civitatibus
1286 1436 1315 1516 ²,
1336 1453 1406 1525 pro

346 1566 500 1614 numero
529 1540 705 1626 militum,
732 1540 967 1636 pecuniarum
998 1563 1157 1612 summas
1178 1538 1407 1611 describere?

347 1666 485 1725 certum
514 1650 697 1749 pretium,
727 1663 962 1720 sexcentenos
993 1672 1184 1734 nummos,
1216 1663 1405 1720 nautarum

348 1759 512 1833 missioni
529 1757 771 1828 constitueret
787 1781 880 1852 quos
898 1761 963 1854 qui
981 1756 1148 1844 dederat,
1165 1773 1406 1830 commeatum

349 1871 460 1941 totius
477 1866 605 1936 aestntis
621 1863 841 1934 abstulerat:
858 1868 945 1953 iste,
963 1865 1065 1963 quod
1087 1867 1166 1962 ejus
1180 1865 1320 1940 nnutae³
1344 1892 1408 1939 no-

350 1980 447 2051 mine
465 2001 533 2075 pro
555 1974 735 2073 stipendio
753 1971 1010 2074 frumentoque
1028 1992 1229 2077 acceperat,
1249 1977 1410 2050 lucraba-

350 2105 420 2161 tur.
439 2092 566 2183 ltaque
584 2097 741 2181 questus
769 2082 927 2182 duplex⁴
956 2088 1064 2158 unius
1091 2089 1259 2159 missione
1286 2085 1409 2159 fiebat.

350 2203 469 2295 Atque
491 2195 566 2266 haec
589 2193 701 2265 homo
727 2196 990 2267 amentissimus
1013 2198 1051 2266 in
1077 2210 1179 2267 tanto
1199 2195 1412 2295 praedonum

351 2313 508 2405 impetu,
527 2318 701 2399 tantoque
724 2303 885 2400 periculo
908 2306 1118 2403 provincie,
1142 2295 1191 2376 sic
1218 2306 1336 2403 pelam
1359 2303 1412 2377 fa-

353 2415 488 2503 ciebat,
507 2426 548 2482 ut
564 2427 602 2482 et
619 2413 686 2507 ipsi
704 2411 892 2507 praedones
910 2416 1063 2498 scirent,
1083 2428 1119 2486 et
1137 2428 1211 2486 tota
1231 2416 1415 2513 provincia

355 2525 454 2594 testis
474 2533 577 2592 esset.
597 2523 738 2609 Quum,
761 2536 911 2620 propter
932 2521 1057 2596 istius⁵
1075 2524 1169 2596 hanc
1183 2538 1317 2595 tantem
1331 2548 1416 2597 avu-

387 2660 472 2709 XXV.
488 2674 512 2706 1.
526 2656 652 2705 Hunccine
660 2656 865 2707 hommenb-
907 2663 938 2701 tn
949 2646 1140 2717 uniucujusque
1155 2651 1316 2712 minionem
1331 2651 1416 2700 iceret

354 2739 412 2789 eudi
419 2736 511 2804 sentin
523 2736 659 2785 uouemu-
668 2736 737 2785 irutie
755 2747 780 2784 ct
795 2736 863 2785 iudi·
905 2732 999 2796 μὴν
1020 2743 1135 2795 quaten
1156 2729 1303 2779 lucabum
1322 2728 1415 2779 deiude

356 2818 485 2887 girantibus
516 2815 648 2866 familiu'ie.
678 2815 864 2866 concluduntur
906 2809 975 2873 quod
992 2821 1117 2876 acceperet
1132 2826 1146 2858 e
1165 2808 1303 2858 ciritetibur
1324 2818 1413 2857 certem

356 2898 462 2948 everitiae
472 2895 581 2944 crimine.
906 2888 1035 2952 pecuuiem
1048 2903 1094 2952 pro
1113 2887 1236 2952 etipeudlo
1249 2898 1275 2935 et
1293 2888 1414 2936 frumento

393 2993 417 3026 n.
429 2974 576 3024 Civitatibus.
582 2972 738 3021 Constituere
745 2981 864 3036 quuumm
906 2968 959 3028 ejus
970 2977 1050 3016 uentu
1060 2983 1132 3031 quem
1146 2966 1278 3016 dimiserit.
1297 2969 1333 3014 lte
1350 2980 1415 3029 quoe-

358 3055 469 3121 pecunie
481 3066 583 3116 qunque
593 3050 678 3098 civitae
690 3048 795 3098 solveret
801 3064 864 3113 prae-
906 3055 970 3093 etum
981 3047 1008 3093 in
1021 3056 1093 3094 uentu
1106 3061 1158 3095 uuo
1173 3044 1320 3094 dimittendo
1332 3041 1415 3108 dupli·

359 3134 426 3194 tori,
438 3141 466 3179 ut
475 3146 507 3177 ue
516 3127 605 3176 milites
619 3127 702 3187 deren
714 3144 814 3192 eumque
823 3144 866 3192 pe·
909 3141 961 3173 oem
973 3124 1084 3173 feciebet.

361 3210 457 3258 eunium
469 3223 499 3256 ex
511 3205 616 3254 militum
633 3221 696 3268 quoe
712 3205 866 3270 suppeditare
945 3204 970 3252 5.
993 3205 1071 3267 Quum
1088 3214 1188 3269 propter
1207 3202 1283 3253 ὑεὶιιε.
1305 3201 1417 3252 fletum
1492 3196 1495 3201 ’

360 3285 463 3334 debebat
471 3299 573 3332 numero
582 3281 726 3332 describere.
735 3285 866 3332 &umeros
910 3284 993 3332 Verris
1002 3284 1087 3334 scelus.
1096 3286 1184 3332 Verres
1195 3299 1251 3332 reue
1261 3294 1297 3331 eet
1308 3283 1417 3342 majestu-

360 3380 484 3424 nummos,
497 3379 540 3411 eeu
551 3362 681 3411 sestertios.
697 3363 761 3412 Gell.
773 3365 820 3413 12³
835 3363 866 3411 fr.
910 3362 956 3424 tte,
968 3362 1049 3426 quod,
1062 3362 1166 3411 abducta
1179 3360 1323 3426 predonum
1335 3373 1416 3416 neve,

355 3444 460 3513 ⁴Scilicet
477 3443 557 3507 primo
585 3454 700 3488 ecxceuoe
723 3456 867 3490 nummos·
911 3451 1008 3504 ceptum
1033 3441 1219 3506 ambipiretem,
1242 3453 1314 3503 quem
1335 3436 1419 3484 rtetim

362 3533 435 3574 naute
449 3529 589 3584 acceperet,
602 3518 642 3566 cui
651 3518 805 3581 mistionem,
817 3520 867 3568 eive
911 3518 1008 3580 publice
1021 3518 1132 3582 oportuit
1143 3518 1221 3567 securi
1233 3516 1339 3581 percuti,
1348 3529 1421 3562 ecce-

345 3611 523 3653 'commeetum
547 3596 661 3654 dederet3
683 3596 771 3646 deiude
796 3601 868 3647 etiem
912 3604 953 3659 pta
964 3596 1236 3658 pecuniamtutamet
1244 3592 1419 3660 crp.31.Ad-

362 3681 490 3748 pecuniam
499 3691 546 3744 pro
556 3673 678 3740 stipendio
686 3673 870 3740 frumentoque,
913 3683 992 3720 vertes
1001 3675 1189 3737 quumievitera
1202 3675 1284 3740 primo
1295 3672 1328 3721 ed
1335 3688 1422 3722 eccun-

362 3760 432 3826 quod
452 3756 558 3807 dandum
578 3754 662 3802 fuisset
682 3764 778 3814 uentre,
790 3753 839 3803 uisi
854 3769 870 3802 e
914 3751 972 3799 duur
981 3764 1055 3819 ceput
1064 3754 1240 3803 distributionis
1253 3763 1422 3802 crementoru-

363 3840 448 3888 mittun
462 3832 731 3893 verruculucrubetur.
914 3842 967 3894 tor,
985 3844 1011 3882 et
1026 3834 1097 3896 qu'eur
1117 3843 1174 3898 epte
1193 3833 1246 3882 huc
1268 3833 1318 3881 duo
1340 3832 1423 3897 cupite

399 3921 424 3967 3.
436 3918 499 3977 Atii,
509 3927 533 3964 et
541 3926 639 3971 aarum
652 3913 736 3962 lumb.
748 3911 831 3960 mitten
847 3921 873 3959 et
913 3911 977 3959 iuter
989 3929 1015 3961 re
1027 3923 1212 3961 connectuntur.
1224 3939 1260 3950 —
1272 3913 1309 3959 ne
1322 3909 1423 3973 quidem

363 4013 388 4044 n.
400 4000 425 4047 J.
434 3999 466 4044 V.
475 4000 502 4044 L.
914 4006 969 4037 veru
982 4006 1056 4038 naves
1069 3990 1162 4039 inanes.
1186 3992 1240 4042 Nec
1255 3991 1423 4047 strumentis,

402 4066 818 4136 k.1euquoquaesmsduple.c.Num
830 4066 869 4115 lu·
914 4083 960 4115 nec
970 4068 1111 4131 remigibus,
1129 4086 1175 4119 nee
1188 4069 1261 4121 rebus
1272 4068 1325 4118 eliis
1337 4083 1423 4116 necer-

364 4150 871 4209 crabemreexceurenoeuummoepronrn·
914 4145 982 4193 nun
992 4144 1123 4195 neumae.
