3176 4770
381 447 436 517 ru
461 445 675 515 vesunu
700 448 807 516 scr.
831 447 889 533 11,
914 447 1009 517 nm.
1036 450 1106 517 111.
1206 446 1272 545 157

102 594 105 609 ·
211 572 315 639 istam
340 566 540 637 rationem*
565 566 767 664 pertinere3
792 591 858 664 per
883 582 1079 665 quaestores
1103 592 1181 641 rem
1200 568 1277 641 fru-

210 676 421 746 mentariam
440 699 516 746 esse
535 674 830 747 administratam.
851 680 903 748 Ne
922 677 961 749 id
977 677 1127 774 quidem
1146 681 1179 752 ei
1193 679 1277 753 licet

210 785 355 858 dicere:
375 799 569 883 propterea
589 784 691 883 quod
714 787 827 884 ipsius
849 783 987 857 literae⁵
1002 788 1211 877 recitantur,
1230 790 1277 862 ad

210 897 372 967 civitates
392 893 438 966 de
460 896 572 967 ternis
590 894 747 968 denariis
763 899 891 968 misses.
909 900 998 988 Qum
1016 911 1071 969 est
1090 899 1202 997 igitur
1213 899 1277 973 de·

209 1005 351 1080 fensio?
371 1008 476 1092 Feci,
499 1003 600 1104 quod
622 1008 765 1104 arguis,
788 1008 890 1102 coegi
913 1008 1086 1103 pecunius
1106 1011 1278 1081 maximos

209 1117 307 1190 cellae
326 1118 499 1217 nomine:
519 1115 582 1189 sed
601 1115 673 1189 hoc
696 1117 785 1188 mihi
806 1117 923 1203 licuit,
941 1115 1066 1204 vobis,
1087 1119 1116 1189 si
1134 1119 1277 1216 prospi-

170 1256 176 1263 ·
208 1225 323 1317 ciust,
352 1227 486 1300 licebit.
501 1228 748 1301 Periculosum
768 1228 981 1328 provinciis,
1002 1252 1118 1327 genus
1137 1229 1277 1324 injurias

208 1338 416 1411 confirmari
426 1337 586 1434 judicio;
603 1341 851 1438 perniciosum
864 1353 992 1411 nostro
1006 1337 1144 1428 ordini,
1157 1363 1278 1437 popu·

148 1522 153 1527 ,
210 1449 286 1520 lum
311 1470 506 1521 mmanum
528 1451 748 1537 existimare,
773 1473 849 1520 non
872 1472 979 1546 posse
995 1472 1058 1520 eos
1077 1447 1279 1537 homiues7,

210 1561 275 1657 qui
288 1559 357 1656 ipsi
370 1557 511 1656 legibus
524 1570 729 1645 teneantur,
743 1557 840 1655 leges
854 1559 893 1628 ln
903 1556 1101 1652 judicando
1113 1555 1278 1654 religiose

210 1666 416 1751 defendere.
447 1672 567 1766 Atque
588 1670 658 1739 isto
685 1681 857 1766 praetore,
878 1666 1037 1762 judices,
1060 1690 1134 1737 nou
1159 1667 1278 1739 solum

209 1776 412 1851 aestimandi
423 1776 599 1850 frumenti
609 1777 741 1852 modus
751 1802 828 1849 non
839 1775 926 1864 fuit,
941 1775 1005 1849 sed
1017 1802 1063 1849 ue
1075 1779 1279 1875 imperandi

210 1888 380 1987 quidem:
395 1891 629 1987 nequeenim
648 1887 706 1975 id,
722 1888 825 1987 quod
841 1886 1055 1976 debebatur,
1076 1887 1139 1961 sed
1159 1914 1278 1987 quan·

208 2015 288 2072 tum
312 1995 574 2072 commodum⁸
598 1999 689 2089 fuit,
715 2000 916 2098 imperarit.
942 2003 1127 2071 Summam
1153 1998 1279 2097 seciam

207 2108 330 2195 robis,
348 2133 394 2181 ex
406 2109 562 2208 publicis
574 2110 686 2181 literis
699 2122 736 2180 et
748 2110 964 2181 testimoniis
976 2110 1184 2197 civitatum,
1200 2106 1279 2179 fru-

209 2221 322 2291 menti
340 2219 379 2290 in
397 2220 523 2291 cellam
542 2221 708 2318 imperati
723 2245 732 2289 :
747 2218 935 2317 reperietis
947 2219 1145 2315 quinquies
1161 2232 1279 2307 tento,

205 2328 364 2425 judices,
385 2329 539 2428 amplius
558 2333 687 2417 istum,
710 2352 821 2427 quam
842 2342 1022 2426 quantum
1041 2330 1076 2399 ei.
1087 2330 1132 2399 in
1153 2328 1280 2401 uellam

208 2462 352 2509 sumere
376 2437 517 2510 licitum
543 2439 610 2527 sit,
639 2437 846 2511 civitatibus
877 2440 1082 2537 imperasse.
1110 2438 1209 2530 Quid
1232 2437 1281 2511 ad

208 2546 301 2621 hanc
317 2548 582 2647 impudentiam
600 2547 685 2622 addi
703 2563 841 2648 potest,
859 2549 890 2621 si
908 2564 946 2621 et
966 2552 1153 2622 estimavit
1171 2553 1281 2638 tsntl,

210 2673 250 2729 ut
273 2659 440 2732 homines
466 2658 561 2732 ferre
585 2684 662 2731 non
688 2673 853 2757 possent,
876 2673 914 2730 et
930 2674 1034 2731 tento
1051 2659 1151 2756 plus,
1169 2682 1280 2756 quarm

209 2782 302 2840 erate
319 2771 355 2841 ei
371 2790 585 2843 concessum
601 2769 764 2869 legibus,
780 2769 991 2868 imperavit?

237 2874 240 2885 '
258 2881 508 2978 Quapropter,
522 2885 668 2978 cognita
686 2894 762 2952 tota
778 2891 854 2952 re¹⁰
864 2877 1098 2950 frumentaria
1109 2930 1121 2965 ,
1129 2875 1281 2972 judices,

161 2998 164 3005 '
207 2989 282 3083 jam
311 2986 477 3062 facillime
501 2994 707 3088 perspicere
735 2992 903 3087 potestis,
930 2988 1096 3061 amissam
1120 3010 1199 3060 esse
1217 3010 1281 3083 po·

210 3097 300 3195 pulo
315 3120 468 3169 romano
487 3100 662 3188 Siciliam,
679 3098 1000 3172 fructuosissimam
1017 3112 1127 3194 atque
1144 3120 1281 3197 oppor-

209 3200 438 3281 tunissimam
460 3206 704 3306 provinciam,
728 3212 799 3283 nisi
821 3235 900 3282 eam
922 3234 987 3282 vos
1007 3209 1109 3282 istius
1131 3208 1281 3280 damna·

244 3389 268 3439 t.
278 3382 357 3430 Istam
368 3379 498 3430 rationem.
508 3379 579 3429 Istud
588 3380 721 3445 negotium.
765 3382 867 3440 Verres,
879 3393 904 3431 et
917 3398 965 3446 qus
975 3380 1022 3430 soli
1032 3381 1177 3431 tenebuntur
1186 3391 1281 3430 senato·

244 3462 268 3510 5.
281 3461 361 3525 Ipsius
370 3458 455 3509 fitsroe.
465 3460 562 3526 Qm‘bns
571 3458 723 3526 significatur
766 3479 820 3524 res,
835 3461 927 3527 qqupe
941 3460 985 3526 qui
998 3460 1045 3510 soli
1057 3461 1197 3527 provincias
1216 3459 1282 3507 obti-

208 3542 308 3588 Verrem
318 3539 350 3588 sb
363 3539 398 3588 eis
411 3550 493 3590 ternos
504 3536 618 3590 demrios
630 3540 657 3589 in
670 3556 722 3589 mo·
765 3543 871 3601 nebent;
884 3551 910 3589 et
919 3538 978 3589 ideo
992 3540 1040 3588 soli
1054 3540 1135 3601 furta,
1153 3538 1249 3605 repioss
1257 3547 1283 3586 et

208 3619 278 3668 dium
292 3619 409 3682 exegisse.
766 3622 849 3669 omnis
861 3619 953 3669 scelere
964 3621 1042 3691 ineis
1055 3619 1211 3667 exercebant.
1320 3622 1331 3637 “

243 3701 269 3750 6.
295 3700 377 3749 Vobis.
391 3700 565 3751 Jndioes-Si
570 3700 720 3767 prospicitis.
803 3700 828 3747 8.
842 3700 966 3763 Quantum
975 3698 1141 3747 commodum.
1156 3696 1280 3761 Quantum

208 3781 233 3827 si
250 3796 291 3829 me
314 3778 442 3828 absolvitis
466 3780 571 3838 scilicet3
593 3781 722 3847 semipes
766 3792 813 3845 pro
825 3778 930 3827 arbitrio
939 3778 1023 3826 libuit.

207 3858 278 3925 loqui
285 3860 375 3909 Verres
387 3856 520 3924 effingitur.
802 3874 829 3922 9.
839 3854 1046 3906 Ernestrmlsbst
1054 3865 1125 3903 esset.
1135 3853 1192 3903 Sine
1202 3869 1283 3902 csuss.

245 3957 271 4001 7.
285 3940 337 3987 Eos
353 3936 470 3987 homines.
484 3936 626 3998 Semtores,
637 3939 723 4004 quile-
767 3936 831 3989 J.v.
847 3934 874 3984 1.

211 4033 267 4079 gum
279 4029 335 4067 snut
346 4017 416 4082 qussi
428 4018 543 4068 custodes
552 4035 566 4065 s
576 4018 670 4084 populo
678 4034 724 4084 po·
806 4034 846 4067 ro.
863 4014 1025 4080 Quapropter.
1035 4013 1210 4064 Peroratio-
1217 4014 1282 4062 Tota

212 4097 260 4146 siti.
270 4096 422 4164 -Legibus
440 4108 576 4149 teneantur.
588 4098 676 4164 Legem
694 4097 724 4146 de
769 4115 802 4147 re.
811 4096 874 4146 Tota
887 4092 971 4144 Verris
987 4093 1076 4161 agendi
1097 4094 1193 4147 ratione
1214 4097 1241 4143 in
1254 4110 1280 4143 re

213 4175 352 4240 repetundis
372 4177 505 4245 eremigat,
527 4195 574 4245 qm
597 4194 653 4228 reus
674 4188 727 4227 erse
768 4178 923 4228 fnrmenuris
940 4176 1090 4228 sestimmds.
