3054 4772
325 372 395 445 632
662 372 1041 443 ARGUMENTUM.

362 514 417 576 per
427 494 563 556 menetai
577 494 769 573 irruptionem
781 495 931 568 claustris,
946 513 1012 554 eum
1024 491 1169 553 Dardanis
1182 493 1314 570 diisqsre
1332 493 1397 551 mi-

362 595 438 653 timis
463 592 597 653 Barbaris
624 594 758 652 miseram
787 593 968 673 provinciam
992 590 1178 669 diripiebant.
1206 590 1397 651 AEdiiitatem

269 672 273 685 ¹
362 692 550 751 transmisisse
562 689 697 763 arbitror,
709 691 890 768 nequeenim
902 690 988 767 hujus
1001 689 1129 747 muneris
1138 688 1262 764 gratim
1273 689 1309 745 in
1323 708 1400 765 per·

361 791 495 848 cranone
513 789 627 848 silentio
642 789 817 867 preterisset
832 801 985 866 pauonum
1002 785 1106 863 idque,
1128 804 1219 863 quum
1236 786 1342 843 octoni
1356 807 1400 844 ex

361 889 424 966 iege
443 887 577 947 Cornelia
592 898 762 945 crearentur
774 899 929 963 pretores,
954 883 1089 943 aecbiitate
1100 895 1199 943 autem
1212 882 1315 940 conrii
1329 882 1398 940 bini

361 997 471 1043 tantum
486 983 642 1062 quotannis
657 982 914 1060 perfungerentur,
927 980 966 1039 ab
983 981 1101 1039 homine
1115 997 1173 1037 non
1190 985 1316 1046 omnino
1332 980 1397 1056 pri·

361 1082 444 1140 marii
456 1081 567 1139 ordinis
582 1081 643 1138 siue
655 1079 759 1157 popuii
773 1078 933 1137 offensione
947 1079 1010 1136 fieri
1026 1090 1151 1156 poterat,
1160 1094 1248 1153 quam
1259 1080 1395 1134 Mamer·

361 1199 412 1237 cus
423 1178 569 1248 AEmiiius,
582 1176 713 1235 maximis
729 1175 836 1234 divitiis
852 1188 884 1233 et
895 1194 1006 1234 summa
1016 1172 1184 1242 nobilitate,
1199 1191 1294 1249 quum
1303 1171 1341 1231 id
1352 1174 1392 1231 sa·

363 1287 457 1347 seret,
470 1275 602 1333 incurrit.

286 1423 288 1429 ,
400 1377 537 1430 Prseturae
547 1389 640 1429 eunus
654 1370 833 1446 aliquantum
850 1368 942 1428 hebet
954 1368 1140 1427 difficultatis.
1154 1367 1283 1425 Primum
1294 1367 1393 1438 enim,

359 1468 438 1545 quod
450 1469 598 1527 Manutius
609 1467 723 1537 statuit,
736 1466 888 1524 Fonteium
902 1479 1020 1545 peracta
1034 1465 1065 1529 iu
1079 1462 1160 1522 Urbe
1176 1476 1308 1542 praetura
1321 1465 1393 1522 Gal·

359 1566 404 1623 lie
417 1565 579 1642 premisse,
600 1562 630 1621 id
644 1563 764 1640 quidem
776 1563 934 1623 secundum
944 1582 1010 1622 eam
1023 1562 1163 1621 rement
1175 1574 1237 1631 est,
1246 1580 1318 1637 qua
1332 1561 1392 1619 inis

360 1659 540 1739 temporibus
559 1662 590 1718 in
614 1661 764 1739 republica
787 1664 957 1741 pierumque
978 1658 1293 1719 obtinebatzattanren
1319 1672 1392 1717 tsine

357 1776 474 1835 quoque
488 1758 635 1817 interdum
651 1760 716 1836 ipso
737 1759 918 1837 magistratus
931 1777 1010 1815 anuo
1028 1777 1093 1816 cum
1109 1756 1233 1833 imperio
1249 1753 1289 1815 ad
1307 1775 1393 1813 exer·

357 1850 432 1908 citus
445 1850 634 1910 mittebantur
648 1866 805 1929 praetores3
825 1850 906 1928 quod
915 1864 949 1908 ut
959 1851 989 1909 iu
1004 1852 1050 1909 Μ’.
1065 1849 1186 1908 Fonteio
1200 1847 1390 1925 potissimum

358 1946 578 2019 destrueretur,
593 1949 696 2007 eximia
711 1948 772 2025 ejus
786 1949 848 2005 laus
861 1947 1049 2024 imperatoria
1059 1960 1088 2005 et
1102 1944 1273 2005 difficillima
1288 1944 1391 2020 reipu-

359 2042 443 2103 blicae
461 2057 592 2122 tempora
608 2045 902 2123 suaderepoterant:
926 2045 998 2120 quin
1012 2043 1136 2121 piurima
1153 2054 1236 2100 extra
1249 2039 1389 2098 ordinem

358 2143 388 2198 iu
402 2142 454 2199 iilo
467 2161 572 2218 genere
584 2143 658 2201 iacta
669 2160 730 2201 esse
743 2140 824 2199 credi
836 2142 920 2211 licet,
934 2160 994 2218 quo
1004 2153 1133 2217 tenpore
1146 2157 1235 2214 eques
1246 2156 1390 2195 romaum

358 2257 415 2315 pro
426 2239 544 2296 consule
558 2237 716 2295 exercitum
729 2236 862 2295 ducebat.
881 2241 928 2294 De
940 2235 1065 2294 triennio
1078 2253 1137 2312 quo
1154 2232 1255 2291 Gallias
1268 2232 1390 2309 praeiuit

359 2336 496 2394 Fonteius
514 2335 570 2392 boc
585 2335 703 2412 quidem
719 2348 829 2393 certum
846 2348 903 2402 est,
923 2353 960 2392 eo
974 2335 1138 2410 imperante
1154 2329 1314 2391 exercitum
1329 2335 1387 2391 Cn.

359 2431 491 2509 Pompeii
506 2430 536 2487 in
549 2430 598 2488 itta
612 2431 763 2507 provincia
779 2430 946 2489 hibernasse
968 2430 1035 2507 (pro
1053 2429 1194 2498 Fonteio,
1218 2446 1284 2504 cap.
1297 2426 1343 2505 3),
1355 2427 1386 2484 id

358 2528 437 2606 quod
449 2525 555 2585 accidit
571 2528 692 2585 Lucullo
709 2541 739 2584 et
754 2531 839 2585 Cotta
858 2547 930 2586 cosa.
945 2547 991 2585 au.
1001 2532 1037 2587 U.
1049 2530 1080 2589 C.
1089 2525 1165 2598 678:
1187 2545 1220 2585 ac
1233 2523 1385 2603 superiore

358 2642 433 2682 anuo
447 2622 603 2691 maximum
624 2623 760 2685 frumenti
781 2644 939 2683 numerum
950 2623 1020 2683 inde
1034 2621 1071 2681 ad
1088 2623 1233 2683 exercitus
1247 2639 1385 2680 romanos

358 2719 510 2778 advectum
524 2738 585 2775 esse
601 2719 663 2797 ipse
682 2722 834 2799 Pompeius
853 2720 926 2778 dicit
945 2722 975 2777 iu
996 2720 1135 2798 epistola,
1155 2720 1230 2778 inter
1244 2731 1385 2796 excerpta

358 2837 394 2874 ex
405 2814 531 2901 sallustii
545 2816 697 2889 Historiis,
712 2836 799 2893 quam
815 2816 916 2874 iisdem
931 2834 1003 2877 coss.
1016 2816 1100 2873 initio
1117 2815 1185 2875 enni
1200 2814 1237 2873 ad
1251 2827 1385 2873 senatum

357 2914 471 2992 scripsit
487 2933 523 2971 ex
535 2915 662 2972 Vaccaeis
688 2915 777 2993 (conf.
793 2913 938 2972 Plutarch.
955 2913 987 2970 in
1002 2913 1143 2979 Lucullo,
1158 2921 1289 2990 pomi
1303 2915 1337 2969 E.
1353 2912 1384 2969 in

356 3011 504 3081 Senecio,
517 3030 583 3087 pag.
598 3010 656 3085 579
668 3014 700 3069 C.
711 3010 740 3067 in
750 3010 907 3087 Pompeio,
921 3028 986 3086 pag.
1002 3010 1061 3066 628
1071 3009 1116 3086 E.)
1127 3031 1137 3065 t
1147 3009 1176 3065 id
1192 3023 1287 3067 autem
1300 3014 1383 3068 Fon-

355 3106 414 3165 teio
436 3119 611 3183 procurante
632 3107 738 3164 factum
761 3120 806 3164 est
828 3106 896 3185 (pro
919 3106 1055 3175 Fonteio,
1074 3122 1137 3182 cap.
1150 3110 1189 3177 a).
1211 3104 1268 3165 Sed
1288 3124 1382 3181 quum

355 3203 436 3260 nulla
450 3202 487 3259 de
501 3202 546 3260 his
566 3202 648 3259 annis
667 3202 866 3262 controversia
886 3220 949 3259 esse
966 3200 1076 3278 possit,
1096 3199 1169 3263 illud
1191 3200 1381 3277 querendum

355 3310 458 3365 restat,
470 3309 569 3355 utrum
586 3297 622 3355 ad
641 3297 817 3375 explendum
841 3298 997 3356 triennium
1020 3298 1044 3354 is
1061 3296 1264 3359 attribuendus
1278 3297 1317 3355 sit
1329 3299 1381 3375 qui

354 3394 544 3474 precesserit,
561 3395 663 3454 anille
679 3396 730 3473 qui
742 3407 891 3471 seqsmnsr.
905 3395 1048 3471 Equidem
1062 3394 1215 3455 Fonteium
1226 3393 1381 3471 imperium

354 3494 386 3551 in
401 3491 502 3549 Galliis
515 3493 677 3569 suscepisse
687 3492 816 3550 arbitror
826 3499 857 3551 L.
864 3494 989 3555 Octavio
1000 3505 1029 3553 et
1045 3497 1078 3552 C·
1093 3497 1181 3552 Cotta
1192 3510 1264 3551 coss
1281 3492 1380 3569 (677),

355 3607 415 3666 quo
432 3588 497 3665 ipso
515 3606 591 3644 auno
606 3582 781 3646 frumentum
795 3589 825 3645 iu
846 3589 1015 3666 Hispaniem
1036 3588 1135 3651 misit:
1156 3600 1269 3651 consur
1285 3590 1376 3662 enim,

355 3684 491 3742 fructosa
506 3686 558 3741 Cu.
574 3684 713 3760 Pompeio
737 3685 863 3762 populos
879 3685 930 3760 qui
951 3704 1030 3745 arma
1051 3700 1250 3762 sumpserant,
1278 3683 1313 3743 ab
1327 3684 1378 3743 illu

352 3782 467 3858 penitus
480 3779 614 3839 subactos
633 3781 729 3841 inisse.
747 3787 843 3858 Atque
859 3780 932 3841 ittud
945 3801 1063 3859 quoque
1078 3782 1262 3841 manifestum
1275 3794 1332 3848 est,
1342 3782 1378 3853 si,

349 3971 402 4029 cite
420 3972 591 4046 prefuisset,
602 3973 689 4050 hujus
699 3974 741 4035 rei
754 3974 929 4035 mentionem
943 3975 1084 4034 facturum
1097 3974 1185 4033 fuisse
1197 3975 1377 4047 Ciceronem,

350 4067 402 4148 qni
414 4063 604 4126 hibernorum
618 4070 761 4131 exercitus
775 4071 923 4142 meminit,
941 4091 995 4147 per
1006 4090 1072 4148 quae
1092 4070 1286 4147 cognoscendi
1300 4090 1377 4150 prse-
