3054 4772
450 419 831 489 ARGUMENTUM.
1099 414 1171 489 633

143 542 223 599 >toris
236 543 288 618 qui
306 538 464 619 provincius
477 553 621 618 praeesset,
635 541 755 599 facultas
768 539 836 599 deta
850 538 937 599 militi
950 539 1047 598 luerit.
1063 537 1171 597 Viden-

150 638 220 697 dum
233 657 302 715 ergo
316 651 360 697 est
372 636 477 716 quibus
489 637 657 699 consulibus
669 638 710 699 ad
723 637 830 699 bellum
842 637 973 699 Sertorio
985 635 1168 697 inferendum

29 760 30 789 t
149 736 297 814 profectus
310 736 348 793 sit
359 735 523 813 Pompeius.
538 742 583 795 Ao
599 737 671 795 nibil
686 736 804 814 quidem
819 735 856 793 sd
869 734 926 793 hoc
937 732 1169 812 cognoscendum

147 832 178 889 in
200 834 404 892 historicorum
416 832 631 891 nermtionibus
645 833 767 893 subsidii
786 833 927 904 babetur,
949 846 1051 889 venam
1072 831 1169 891 omnin
1202 878 1206 889 ,

146 929 265 1005 expedit
277 929 405 1007 Pompeii
417 929 538 1006 epistola
553 929 631 1008 apud
644 930 825 1001 Sallustium,
837 929 888 1006 qui
905 948 923 986 a
937 927 1117 1006 profectione
1131 925 1167 984 ad

146 1043 259 1102 pugnas
277 1025 315 1085 ad
326 1026 443 1088 Turium
467 1026 518 1103 (ite
537 1026 614 1085 enim
632 1026 662 1085 in
675 1026 819 1104 excerptis
831 1024 1010 1087 sallustianis
1026 1041 1168 1101 reponen-

147 1120 217 1179 dum
233 1133 293 1192 est,
303 1141 359 1199 pro
370 1119 502 1198 Duarum)
515 1134 546 1180 et
562 1121 601 1180 ad
610 1121 789 1193 volentiam,
802 1139 927 1181 unorum
946 1132 1059 1179 tentum
1070 1117 1168 1177 biber-

147 1237 251 1277 norum
267 1219 412 1292 meminit,
431 1239 497 1295 quae
518 1220 641 1297 receptis
659 1220 765 1287 Gallis,
784 1219 952 1291 Laeetanis,
975 1215 1167 1294 indigetibus,

145 1314 199 1373 sub
209 1316 351 1391 Pyrenaeis
364 1314 510 1373 montibus
526 1316 556 1373 in
568 1317 703 1377 citeriore
715 1317 868 1396 provincie
882 1316 1024 1375 collocate
1039 1314 1167 1373 tuerat:

144 1411 225 1488 quod
238 1431 329 1488 quum
339 1411 380 1470 itu
391 1413 442 1483 sit,
454 1424 540 1488 atque
551 1432 646 1490 pugne
660 1413 697 1471 ed
706 1415 827 1473 Turium
838 1412 875 1472 ad
887 1431 993 1471 anuum
1003 1413 1059 1483 677
1074 1408 1167 1487 perti-

144 1521 225 1579 neat,
247 1509 363 1566 minime
384 1507 537 1567 audiamus
554 1508 798 1580 Freinshemiurn,
820 1510 854 1568 in
875 1509 979 1567 borum
1002 1521 1166 1586 temporum

143 1604 234 1662 rebus
246 1606 331 1683 gestis
350 1605 519 1664 ordinandis
541 1606 682 1684 flagitiosa
703 1607 816 1666 levitate
836 1619 997 1677 versatum,
1014 1607 1064 1682 qui
1083 1610 1167 1664 Pom·

144 1701 242 1778 peium
255 1705 291 1758 D.
304 1706 394 1760 Bruto
410 1715 439 1759 et
452 1707 541 1759 Mam.
554 1702 672 1760 AEmilio
688 1720 758 1760 coss.
772 1701 809 1760 ab
824 1701 905 1762 Urbe
919 1703 1081 1779 profectum
1093 1721 1164 1775 esse,

143 1797 303 1875 eodemque
318 1818 394 1858 anno
408 1799 437 1857 in
451 1799 619 1877 Hispaniam
632 1800 812 1877 pervenisse,
834 1801 941 1857 statuit.
963 1800 1065 1873 Quid?
1083 1799 1163 1878 quod

145 1908 221 1952 tantu
239 1894 364 1953 hominis
380 1897 552 1974 negligentia
566 1908 609 1954 est
624 1910 658 1953 nt
668 1894 766 1955 dicere
779 1896 930 1967 sustineat,
948 1897 1100 1955 Fonteium
1114 1897 1165 1954 illo

142 2010 219 2049 auno
229 2034 237 2063 ,
249 1992 322 2064 676,
335 1993 436 2052 Galliae
448 1994 611 2070 praefuisse,
622 2013 716 2070 neque
728 1992 826 2052 videet
839 1992 896 2051 boo
908 2005 992 2070 pacto
1006 1990 1163 2069 quadrien·

141 2088 233 2160 nium,
252 2091 408 2147 autetiam
428 2086 565 2168 amplius,
585 2090 648 2167 ej'us
663 2090 785 2167 imperio
802 2090 898 2147 tribui.
918 2094 987 2148 flaec
1004 2088 1070 2146 ideo
1091 2107 1164 2167 prse-

141 2185 239 2243 sertim
254 2184 418 2263 disputavi,
433 2189 499 2265 quie
512 2190 542 2245 in
563 2186 649 2245 rebus
664 2206 730 2263 quae
746 2205 762 2244 s
776 2186 860 2244 eslde
874 2186 974 2264 psucis
990 2182 1162 2263 investigen-

22 2338 24 2369 ἶ,
138 2292 196 2349 tur,
210 2281 296 2340 hebet
308 2283 462 2360 quamdam
473 2283 688 2342 Freinshemius
706 2282 906 2341 alletoritatem
921 2300 979 2359 qua
995 2282 1102 2341 incauti
1112 2281 1162 2339 de·

139 2378 307 2456 cipiuntur:
323 2381 455 2439 Brossius
468 2393 563 2439 autern
575 2379 645 2458 quid
658 2380 695 2439 de
711 2381 765 2438 bne
781 2401 813 2440 re
826 2381 960 2448 senserit,
976 2379 1097 2457 diligens
1112 2378 1161 2436 nd·

140 2474 258 2532 modum
284 2488 314 2533 et
334 2488 485 2533 accuratus
500 2490 618 2547 auctor,
645 2496 736 2553 quum
750 2477 811 2553 ejus
824 2475 903 2534 libro
914 2492 1045 2544 comm,
1067 2473 1164 2533 dicere

138 2591 198 2629 non
210 2572 314 2645 babeo.
329 2577 370 2631 Ut
382 2572 497 2630 redeam
512 2573 549 2631 ad
564 2574 744 2652 propositum
758 2596 765 2632 :
778 2574 919 2651 siquidem
936 2573 1073 2633 Fonteius
1083 2592 1160 2630 anuo

81 2694 98 2705 ‘
139 2668 195 2741 677
211 2668 364 2746 imperium
378 2669 407 2726 in
419 2669 513 2727 Gallia
527 2672 670 2748 suseeplt,
687 2691 801 2731 necesse
816 2685 875 2742 est,
890 2684 923 2729 ut
937 2670 1080 2747 integrum
1098 2668 1159 2746 ejus

140 2764 177 2822 sit
192 2766 356 2838 triennium,
371 2766 401 2823 id
412 2768 492 2825 illum
503 2786 558 2845 per
570 2788 636 2826 ann.
649 2768 708 2844 679
719 2767 879 2827 retinuisse.
897 2766 1022 2838 Accedit,
1032 2765 1111 2842 quod
1126 2785 1159 2824 en

138 2874 200 2918 eret
215 2861 260 2921 bis
277 2862 456 2941 temporibus
467 2865 534 2922 suni
548 2865 659 2923 romani
672 2860 904 2942 perturbatio,ut
916 2861 1047 2923 lislendae
1057 2862 1161 2939 januu-

143 2957 193 3014 rlss
202 2979 227 3015 s.
235 2960 295 3035 679
305 2960 381 3018 circa
395 2960 562 3020 novembris
573 2968 589 3021 J
592 2963 680 3021 tilisni
693 2960 846 3041 proleptiei
860 2961 973 3018 initium
985 2959 1161 3030 inciderent,

138 3066 224 3132 atque
238 3058 320 3115 nullo
334 3057 423 3115 modu
437 3059 524 3117 stetui
536 3052 803 3136 possltlsuetuitrrm
825 3074 975 3116 romanum
988 3069 1055 3114 unte
1068 3074 1117 3113 eas
1130 3056 1159 3112 in

136 3151 257 3221 hiberus
271 3153 442 3213 discessisse.
458 3161 525 3213 lans
538 3174 628 3232 quum
637 3170 701 3233 ¹por
720 3158 811 3232 legem
824 3156 991 3217 Cornelium
1007 3153 1157 3222 nnnulem,

135 3250 190 3306 uisi
210 3263 276 3309 octo
299 3253 381 3309 unuin
404 3268 421 3308 s
441 3264 587 3328 questum
609 3253 791 3325 intermissis,
804 3265 1076 3330 praetomm'pererc
1099 3270 1157 3308 non

135 3345 247 3415 liceret,
261 3348 401 3424 sequitur,
413 3350 542 3424 potuisse
552 3350 720 3418 Fonteium,
730 3351 753 3407 si
767 3353 828 3427 ejus
841 3364 985 3427 quaestnru
997 3350 1034 3409 sd
1049 3368 1155 3407 anuum

132 3442 191 3514 667
203 3444 343 3520 pertinet,
359 3457 513 3520 pretorem
528 3447 557 3502 in
568 3446 649 3506 Urbe
661 3464 762 3524 gerere
777 3466 854 3503 enno
869 3448 944 3519 676,
956 3461 989 3505 nt
998 3468 1075 3505 anno
1088 3461 1155 3524 post

134 3540 164 3596 in
178 3541 359 3616 provinciam
373 3542 447 3598 iret:
463 3554 576 3613 contra,
591 3543 769 3619 si‘sequente
790 3556 1007 3620 anusqumstnr
1021 3545 1088 3614 frus,
1108 3562 1157 3602 ne·

132 3656 210 3694 cesse
221 3649 266 3694 est
277 3656 342 3694 eum
356 3637 421 3713 ipso
434 3651 569 3714 pineum
584 3639 704 3735 asnojn
716 3639 842 3698 Gellium
852 3654 913 3699 esse
924 3640 1099 3716 proeium:

170 3733 399 3792 Omniulncerts
415 3748 483 3792 sunt
497 3736 535 3793 tls
548 3750 624 3793 suno
641 3754 701 3813 quo
716 3736 819 3795 cicero
831 3736 906 3793 hanc
919 3752 1033 3799 censam
1051 3736 1155 3795 delen.-

131 3828 189 3885 dit:
202 3826 233 3886 id
249 3831 343 3889 solum
361 3844 489 3900 constet,
515 3832 596 3908 quod
609 3832 717 3909 optime
730 3832 804 3889 vidit
819 3836 1050 3899 Huttomnnnus,
1063 3844 1155 3893 notum

130 3944 193 3982 esse
212 3940 277 4001 post
294 3929 378 3987 letam
397 3928 489 4005 legem
511 3921 667 3987 everelinus.
688 3932 790 4005 ltsqoe
808 3942 1050 4005 antequem·reus
1074 3931 1154 3989 lieret

132 4024 280 4094 Fonteius,
301 4036 358 4081 tres
375 4038 537 4101 quatuorve
558 4025 626 4082 anni
645 4024 802 4083 transmissi
818 4037 899 4095 sunu
911 4038 1005 4102 neque
1017 4026 1154 4104 ‹puudiu

128 4116 237 4193 judicia
256 4118 332 4194 spud
349 4134 496 4179 senatores
510 4134 609 4193 erant,
629 4140 694 4179 cum
719 4121 816 4197 ulique
831 4140 882 4199 spe
896 4124 1022 4193 speusml
1043 4138 1156 4201 poterat
