3148 4780
212 4131 214 4137 Ι
316 4040 824 4108 V1,323,etibin.t.111,p.137ed.nost.
869 4048 1034 4097 eushmh.

323 354 394 440 408
544 378 561 421 ¹,
635 348 682 414 Μ.
709 346 747 412 Τ.
773 334 1062 411 CICERONIS

322 474 444 571 aliquo
464 482 526 540 aut
542 466 702 538 cruciatu
720 462 866 561 spiritus
884 450 1213 531 auferaturiEtiam
1223 445 1297 518 ob
1318 446 1444 518 hanc

321 604 463 655 causam
483 577 635 676 pecunia
654 575 770 644 lictori
787 559 950 642 dabatur.

281 746 287 753 -
370 697 402 763 Ο
417 711 589 786 magnum
600 701 707 782 atque
720 678 988 753 intolerandum
1002 664 1183 744 dolorem!
1199 692 1221 767 o
1236 689 1436 764 gravem

321 800 560 896 acerbamque
573 789 775 868 fortunam!
795 816 872 861 non
890 790 999 858 vitam
1018 781 1191 865 liberum,
1210 776 1290 847 sed
1307 799 1436 845 mor-

320 914 366 984 tis
383 900 623 984 celeritatem⁸
642 905 759 1003 pretio
775 900 951 972 redimere
963 891 1187 992 cogebantur
1205 902 1428 987 parentes.

320 1028 441 1119 Atque
460 1023 529 1117 ipsi
555 1017 661 1087 etiam
685 1013 928 1085 adolescentes
953 1027 1035 1076 cum
1056 1003 1171 1072 Sestio
1192 997 1237 1068 de
1259 995 1425 1068 eadem

320 1132 424 1231 plaga
444 1142 480 1199 et
499 1126 546 1197 de
562 1149 638 1195 uno
656 1123 718 1193 illo
736 1122 812 1191 ictu
830 1115 1096 1214 loquebantur;
1116 1108 1227 1206 idque
1245 1121 1423 1205 postre-

321 1264 423 1313 mum.
435 1249 602 1335 parentes
616 1255 700 1303 suos
717 1228 822 1301 liberi
840 1225 1014 1308 orabant,
1028 1236 1084 1306 ut,
1096 1216 1238 1290 levandi
1248 1219 1419 1287 crucia-

320 1364 379 1419 tus
396 1348 451 1417 sui
469 1343 597 1442 gratia,
611 1342 729 1412 iictori
739 1338 892 1437 pecunia
901 1334 1056 1407 daretur.
1068 1329 1197 1400 Mutua
1212 1340 1248 1397 et
1258 1349 1417 1423 graves

321 1457 462 1543 dolores
481 1452 618 1523 inventi
636 1446 846 1548 parentibus
864 1460 901 1516 et
918 1443 1152 1542 propinquis;
1173 1434 1284 1507 multi
1306 1463 1318 1504 :
1342 1458 1411 1504 ve·

321 1577 526 1635 rumtamen
544 1584 643 1632 mors
664 1561 710 1631 sit
728 1571 898 1628 extrema.
916 1556 1000 1623 Non
1019 1551 1096 1620 erit.
1119 1552 1229 1618 Estne
1248 1541 1411 1642 aliquid

321 1670 435 1756 ultra,
451 1694 526 1766 quo
534 1669 702 1768 progredi
714 1665 904 1739 crudelitas
911 1660 1045 1761 possit?
1054 1657 1263 1755 reperietur.
1276 1660 1408 1737 Nam,

322 1782 467 1853 illorum
490 1779 594 1851 liberi
612 1801 727 1876 quum
751 1787 858 1846 erunt
873 1772 989 1842 securi
1008 1765 1168 1865 percussi
1189 1788 1230 1834 ac
1248 1761 1405 1844 necati,

321 1915 474 1989 corpora
499 1887 582 1960 feris
600 1886 828 1982 objicientur.
846 1884 924 1949 Hoc
943 1879 973 1948 si
990 1875 1195 1946 luctuosum
1205 1883 1236 1915 ¹⁰
1255 1886 1314 1941 est
1328 1892 1401 1968 pa·

320 2000 434 2090 renti,
452 1997 605 2069 redimat
619 1997 737 2094 pretio
751 1985 949 2089 sepeliendi
966 1997 1194 2083 potestatem.

371 2114 533 2181 Onasum
562 2111 814 2204 Segestanum,
842 2097 1028 2170 hominem
1056 2090 1236 2176 nobilem,
1266 2088 1399 2161 dicere

322 2218 488 2303 audistis,
511 2241 548 2289 se
567 2216 616 2288 ob
638 2213 860 2313 sepulturam
875 2205 1067 2277 Heraclii¹¹
1086 2198 1256 2285 nauarchi
1274 2223 1391 2297 pecu·

282 2392 284 2397 ⁴
322 2330 418 2401 niam
433 2324 648 2397 Timarchidi
663 2321 1004 2396 dinumerasse.Hoc
1015 2312 1076 2410 (ne
1084 2312 1198 2411 possis
1207 2321 1237 2353 ¹²
1246 2309 1391 2380 dicere:

321 2451 442 2534 patres
452 2437 549 2505 enim
561 2435 728 2518 veniunt,
740 2431 877 2502 amissis
890 2426 991 2513 filiis,
1005 2424 1098 2519 irati)
1109 2424 1163 2492 vir
1176 2420 1389 2519 primarius,

321 2542 434 2612 homo
452 2539 718 2626 nobilissimus,
743 2539 847 2627 dicit3
878 2561 998 2632 neque
1024 2532 1068 2604 de
1090 2531 1165 2603 fitio
1183 2530 1278 2601 dicit.
1304 2535 1388 2599 Jam

212 2716 217 2731 ,
320 2651 501 2747 hoc,quis
511 2664 590 2721 tum
605 2649 672 2721 suit
681 2648 880 2748 Syracusis,
891 2649 982 2744 quin
996 2641 1165 2729 audierit,
1174 2644 1263 2738 quin
1276 2641 1386 2726 sciat,

321 2760 385 2832 has
403 2785 470 2859 per
486 2759 748 2833 Timarchidem
769 2758 955 2857 pactiones
976 2754 1171 2851 sepulturae
1194 2775 1278 2821 cum
1297 2750 1383 2820 vivis

302 2874 426 2958 ,etiam
455 2872 524 2944 iliis
552 2898 627 2946 esse
654 2870 790 2945 factas?
811 2891 888 2938 non
911 2864 1029 2963 palam
1054 2887 1137 2934 cum
1159 2857 1381 2933 Timarchide
1442 2956 1448 2969 ι

357 3100 381 3146 s.
395 3100 483 3147 aona
496 3100 651 3151 sermnem.
665 3102 721 3151 sus
735 3103 830 3151 untur·
912 3120 953 3153 ιι.
973 3102 1087 3153 affectu.
1099 3100 1264 3164 ejusdemqut
1279 3087 1384 3165 'propter

319 3191 354 3223 no
366 3177 476 3235 crucum
489 3189 514 3227 et
526 3195 598 3228 sensu
610 3180 710 3228 doloris.
874 3183 1046 3249 ngrosoeulos
1054 3178 1274 3229 nuremsscendere
1281 3193 1384 3242 nonpo-

355 3269 381 3317 9.
398 3255 508 3305 Multi...
525 3257 603 3306 meriti.
620 3259 744 3323 Repetitio
764 3259 829 3318 ejus·
874 3260 1119 3326 memtetsymcusis
1131 3276 1186 3306 cum
1198 3267 1335 3306 commeatu
1344 3272 1382 3302 re·

320 3332 374 3381 dem
395 3333 500 3381 nominis
517 3335 567 3385 vim
585 3347 609 3385 et
622 3337 733 3385 dolorem
745 3347 827 3400 auget.
873 3352 1000 3389 manserat.

318 3411 435 3480 Exempla
447 3415 569 3479 congessit
581 3416 707 3463 Manutius
716 3415 748 3464 ad
758 3414 784 3462 b.
793 3415 810 3462 l.
912 3437 952 3468 ra.
968 3420 1007 3466 Ne
1022 3416 1099 3480 possis
1109 3415 1195 3465 dicere.
1208 3417 1243 3464 Ut
1256 3428 1305 3462 uun
1317 3412 1382 3460 dieas

357 3508 396 3542 ιο.
411 3494 465 3542 Hoc
477 3492 500 3540 si
513 3492 652 3541 Iuetrsosum.
665 3496 703 3542 Ex
716 3494 827 3560 pbiloso·
872 3500 931 3547 salsa
942 3491 1383 3559 tibiaffingicriminsspstribusin·
1442 3492 1443 3495 ’

318 3572 424 3635 phorum
436 3572 561 3620 sententiis
570 3572 631 3620 nibil
645 3583 696 3621 erat
708 3573 774 3639 apud
789 3591 829 3623 re·
873 3576 920 3634 tia,
931 3591 994 3639 quos
1007 3575 1150 3622 emissorum
1161 3572 1268 3622 filiorum
1277 3572 1348 3621 dolor
1357 3571 1382 3619 in

319 3662 380 3699 teres
392 3651 543 3709 luctuosius,
559 3668 632 3717 quam
645 3669 749 3718 corpora
763 3670 829 3704 mor·
873 3667 897 3704 te
907 3655 985 3703 irritat
995 3669 1003 3716 3
1015 3654 1104 3702 horum
1119 3653 1258 3702 testimonio
1268 3654 1318 3713 jem
1332 3667 1382 3698 non

317 3738 415 3778 tuorum
428 3731 517 3793 projici
529 3730 666 3789 inhumata3
678 3732 735 3796 quis
744 3747 828 3781 eorum
872 3745 937 3785 ntor.
953 3761 988 3771 -
1004 3738 1097 3783 Patres.
1109 3732 1205 3791 Verba,
1218 3748 1261 3780 seu
1275 3730 1382 3792 obiectio

316 3807 417 3866 enimse,
431 3810 478 3856 nisi
487 3809 587 3875 longum
597 3820 654 3876 post
666 3821 827 3877 tempus‚non
871 3813 960 3863 Verris.
971 3840 1005 3850 —
1014 3813 1100 3872 Enim,
1116 3828 1161 3877 pro
1174 3810 1291 3867 atenim,
1306 3810 1381 3857 enim·

316 3883 506 3975 admittebantur
518 3888 550 3936 sd
567 3890 650 3939 locum
662 3892 824 3955 purgationis,
870 3907 935 3941 vero.
949 3921 985 3930 -
997 3893 1060 3955 Quin
1075 3891 1188 3940 audierit.
1203 3892 1243 3940 Sic
1252 3892 1312 3954 lieg.
1325 3887 1381 3935 cod.

247 3975 253 3991 “
316 3972 345 4010 ῑῑῑ
353 3977 379 4009 1⁰
388 3979 490 4031 ‘mpori
499 3982 581 4019 rursus
590 3969 763 4019 redirenevm.
771 3971 825 4016 AEn.
869 3969 935 4034 vulg
946 3970 990 4035 qai
1003 3986 1051 4019 nou
1062 3969 1180 4029 audierit,
1194 3972 1274 4019 Graev.
1285 3967 1316 4015 its
1329 3966 1378 4027 jam

1123 4086 1137 4121 0
