3200 4768
480 432 544 497 DE
568 432 633 498 RE
657 430 1037 500 FRUMENTARIA.
1219 432 1284 502 185

226 554 336 616 album
362 552 593 616 referebantur.
617 552 700 633 Dio,
720 551 775 616 lib.
796 552 957 632 XXXIX,
980 568 1012 615 et
1033 552 1088 617 lib.
1106 553 1159 618 IV.
1184 555 1227 618 Et
1249 572 1287 619 ut

227 682 269 723 ne
286 658 358 747 quis
375 681 410 722 se
426 656 633 745 obtruderet,
652 658 786 746 singulis
803 658 968 722 mensibus
984 680 1043 745 per
1055 681 1130 721 eum
1143 661 1199 746 qui
1216 659 1286 724 fru-

228 782 340 829 mento
359 763 582 828 distribuendo
604 768 770 851 preelectus
789 779 871 845 erat,
895 765 1039 828 recensio
1057 780 1132 829 ante
1146 765 1289 853 largitio·

228 892 303 934 nem
325 868 421 937 fiebat
444 870 478 932 in
502 892 617 957 campo
640 869 757 933 Martio
782 869 955 932 nominum
984 890 1116 950 corum,
1139 891 1221 955 quos
1243 870 1290 934 fas

228 992 296 1040 erat
313 998 426 1064 capere
448 978 660 1039 frumentum.
684 975 762 1054 Ejus
782 974 979 1039 recensionis
1002 973 1118 1038 tabulas
1142 973 1291 1040 conficie-

227 1080 363 1163 bantur,
391 1104 463 1168 quas
492 1081 526 1143 in
546 1079 614 1145 aede
631 1080 858 1169 Nympharum
876 1094 1124 1144 asservarentur.
1149 1080 1215 1143 Cic.
1232 1102 1293 1168 pro

227 1185 295 1251 Mil.
313 1209 382 1274 cap.
400 1208 453 1273 ²7·
471 1186 560 1263 *Sunt
575 1186 633 1272 qui
652 1185 752 1249 velint
765 1185 799 1249 id
816 1208 875 1274 per
893 1207 1043 1249 censores
1059 1182 1127 1248 fieri
1140 1185 1292 1265 solitum,

227 1291 330 1378 etqui
354 1290 478 1357 tabulas
499 1290 696 1355 recensionis
724 1289 883 1355 Ccmorias
902 1291 1073 1379 appellent.
1094 1290 1228 1354 Casaub.
1249 1289 1291 1355 ad

227 1396 315 1461 Suet.
332 1398 349 1460 J
351 1397 394 1461 ul.
409 1419 478 1484 cap.
490 1401 544 1476 413
560 1395 687 1460 Manat.
701 1394 742 1458 ad
760 1396 826 1459 Cic.
839 1394 897 1458 ubi
910 1417 1018 1483 supra.
1032 1393 1095 1459 Sed
1108 1416 1164 1458 eos
1178 1394 1294 1460 refellit

227 1501 310 1582 Dio,
322 1500 384 1582 ,ubi
399 1524 508 1590 supra.

272 1605 317 1667 Ut
333 1604 502 1670 fraudibus
519 1606 639 1670 certius
652 1621 886 1687 occurreretur,
897 1607 1080 1685 recensitis,
1094 1624 1126 1671 et
1137 1607 1172 1670 in
1183 1606 1291 1672 album

228 1708 401 1798 descriptis·
416 1711 549 1800 singulis
567 1710 728 1775 dabantur
741 1727 884 1791 tesserae,
905 1733 984 1799 quas
1005 1714 1167 1777 terretorio
1183 1729 1293 1776 osten·

230 1814 344 1879 derent
367 1816 569 1881 frumentum
589 1817 762 1905 accepturi.
790 1817 918 1881 Tessata
934 1816 972 1881 fit
990 1841 1008 1881 a
1029 1819 1142 1883 Graeeo
1163 1831 1293 1900 τέσσαρα,

230 1937 381 2009 quatuor,
404 1920 492 2010 quod
516 1922 650 1986 haberet
671 1937 811 2009 quatuor
835 1921 932 1987 latera
947 1902 1050 1987 :luant
1069 1922 1214 2012 ligneum
1230 1922 1294 1986 fuit

229 2027 427 2108 frustillum,
451 2027 630 2117 oblongum
649 2050 657 2092 ε
674 2027 725 2091 vel
742 2028 822 2091 alius
844 2027 984 2108 cujusvis
1005 2026 1126 2117 figurae.
1150 2028 1228 2107 Ejus
1249 2027 1293 2090 la·

229 2149 296 2197 tera
320 2133 511 2221 inscriptum
534 2132 699 2197 habebant
722 2155 842 2197 nomen
861 2133 1057 2213 Consulum,
1077 2148 1111 2196 et
1130 2132 1206 2195 civis
1225 2130 1293 2210 ejus

229 2239 282 2302 cui
300 2237 455 2320 dabatur3
476 2238 562 2302 diem
582 2238 718 2321 mensis,
741 2254 774 2302 et
792 2237 851 2301 has
877 2238 983 2301 literas
1000 2239 1067 2319 SP,
1081 2260 1139 2300 scu
1150 2236 1291 2301 SPECT.

230 2344 262 2408 id
281 2360 348 2428 est,
369 2358 532 2434 spectata;
556 2368 623 2433 quo
646 2343 886 2434 significabatur
907 2365 977 2408 earn
997 2359 1148 2408 tesseram
1169 2359 1294 2431 specta·

230 2467 295 2519 tam
315 2452 429 2531 fuisse,
445 2473 620 2538 veramque
635 2473 707 2514 sam
723 2472 811 2530 esse,
831 2464 863 2513 et
881 2450 1059 2537 probatam.
1078 2449 1152 2514 Vid.
1166 2449 1293 2513 Reines.

230 2556 380 2645 Inscript.
395 2557 470 2637 LX,
486 2555 575 2621 class.
591 2557 630 2620 V.
646 2556 730 2621 Sunt
744 2572 852 2619 tamen
870 2556 927 2642 qui
945 2556 1002 2619 has
1015 2556 1122 2619 literas
1136 2556 1295 2643 interpre·
1335 2564 1339 2569 ’

231 2677 340 2725 tentur
358 2661 399 2726 de
417 2660 647 2752 gladiatoribus
666 2662 724 2749 qui
741 2659 874 2749 spectati
890 2662 966 2725 satis
984 2659 1066 2724 rude
1078 2659 1294 2725 donabantur.

232 2765 339 2831 Schot.
367 2767 452 2833 Nod.
481 2768 584 2834 Cicer.
608 2769 659 2845 H,
681 2768 712 2832 6.
741 2769 949 2851 Tesserarum
978 2767 1141 2831 schemata
1165 2765 1295 2830 exhibet

231 2870 349 2937 Montf.
364 2874 469 2961 Antiq.
481 2889 560 2939 tom.
575 2874 640 2956 ΙΙΙ,
655 2875 720 2939 tab.
737 2873 808 2939 186.

276 2976 334 3039 IX.
357 2976 427 3041 Iam
451 2976 492 3041 ad
512 3002 685 3044 numerum
703 2979 949 3068 accipientium,
975 2977 1040 3042 hoc
1061 2994 1130 3057 est,
1155 2975 1196 3041 ad
1220 2976 1295 3040 alias

234 3082 381 3146 tenebras
402 3083 574 3171 pergimus.
602 3088 719 3151 Censet
745 3087 833 3151 enim
863 3087 1085 3166 Contareuus,
1112 3099 1237 3148 certum
1264 3100 1297 3147 et

222 3186 404 3251 'definitum
430 3210 498 3252 uon
523 3189 622 3253 fuisse
643 3208 718 3256 ante
742 3192 846 3281 legem
863 3190 1106 3280 Semproniam;
1125 3205 1196 3253 tum
1221 3190 1298 3277 quia

233 3315 311 3357 rane
333 3309 365 3358 et
388 3293 518 3358 inocntte
546 3311 637 3358 erant
658 3297 858 3386 largitiones,
881 3313 952 3361 tum
975 3297 1050 3383 quia
1072 3318 1161 3360 nunc
1184 3295 1297 3378 major,

234 3422 324 3464 nunc
342 3401 449 3464 minor
466 3400 622 3465 frumenti
639 3425 793 3468 numerus
810 3405 948 3468 Romam
963 3402 1193 3468 advehebatur.
1213 3405 1299 3490 Lege

234 3504 389 3588 Gracchi,
408 3507 534 3596 legibus
549 3506 683 3596 Apuleia
703 3525 737 3573 et
753 3511 840 3574 Livia
859 3509 900 3574 cle
919 3509 980 3573 hac
997 3525 1181 3574 recautum
1199 3508 1298 3572 fuisse

232 3612 364 3676 minime
376 3628 425 3676 est
435 3610 669 3679 dubitandum:
682 3631 715 3678 at
726 3613 914 3678 earumdem
928 3615 1038 3702 legum
1049 3612 1207 3677 beneficio
1219 3628 1301 3699 quot

231 3718 431 3805 acceperint,
458 3741 619 3807 nusquam
643 3718 761 3784 diserte
785 3718 1002 3807 significatum
1024 3719 1128 3808 reperi
1150 3740 1158 3781 t
1182 3715 1239 3780 sed
1261 3740 1300 3781 ex

230 3822 394 3887 Ciceronis
412 3845 522 3912 presso
541 3824 678 3913 vestigio
697 3846 768 3888 rem
788 3821 981 3887 subodorari
1001 3844 1096 3911 posse
1113 3821 1236 3887 videor.
1248 3823 1297 3899 Is,

230 3922 287 3991 lib.
305 3928 374 4009 ΙΙΙ,
388 3950 457 4016 cap.
477 3928 535 4009 30,
554 3928 734 3993 orationem
753 3929 800 3992 sic
815 3927 857 3992 ad
868 3928 1003 3992 Verrem
1021 3927 1190 3992 convertit.
1209 3929 1300 3992 «lm-

233 4056 343 4120 peras,
363 4034 489 4122 inquit,
508 4050 546 4099 ut
559 4035 775 4125 Agyrinenses
794 4034 946 4100 decumas
963 4033 1122 4122 accipiant
1133 4059 1142 4117 ;
1155 4035 1298 4124 Apronio

235 4139 313 4206 deut
340 4132 607 4227 lucrum,'uitici
624 4143 828 4212 medimnum
851 4145 996 4211 XXXlll
1012 4143 1119 4210 millia.
1145 4144 1235 4228 Quid
1250 4160 1299 4209 est
