3200 4768
310 342 404 439 ado'
629 352 677 421 Μ.
704 355 741 420 Τ.
769 353 1045 424 CICERONIS

306 476 448 547 monuit
460 474 601 553 Pisonisv
611 473 782 561 annulus,
794 469 896 570 qu'od
910 490 1027 545 totum
1040 473 1243 547 effluxerat.
1255 480 1371 567 Quam

308 587 432 657 multis
458 587 566 656 istum
594 586 729 682 putatis
758 582 968 656 hominibus
996 584 1158 656 honestis
1185 585 1231 657 de
1255 587 1373 685 digitis

307 698 460 770 annulos
479 722 608 769 aureos
625 695 838 768 abstulisse?
849 720 1049 794 numquam
1066 696 1262 787 dubitavit,
1282 724 1373 796 quo⁴

308 815 532 904 tiescumque
550 807 700 901 alicujus
722 821 784 877 aut
805 830 962 902 gemma,
982 819 1044 876 aut
1063 806 1199 876 annulo
1218 805 1371 879 delecta·

309 934 365 990 tus
383 933 448 989 est.
468 914 720 988 Incredibilem
738 940 814 986 rem
830 915 962 1001 dicam,
986 913 1050 986 sed
1069 929 1140 985 tam
1158 917 1309 1006 claram,
1332 932 1373 987 ut

308 1033 426 1128 ipsum
439 1039 655 1123 negaturum
679 1051 756 1096 non
774 1024 938 1097 arbitrer.
959 1028 1082 1115 Quum
1099 1027 1265 1097 Valentio
1293 1027 1371 1122 ejus

308 1140 494 1234 interpreti
513 1134 662 1233 epistola
679 1137 876 1231 Agrigento
886 1135 991 1207 allata
1002 1152 1109 1224 esset,
1128 1161 1212 1207 casu
1226 1138 1370 1234 signum

307 1251 373 1319 iste
388 1244 636 1317 animadvertit
649 1249 687 1315 in
702 1246 859 1316 cretula²
872 1275 879 1317 :
893 1245 1043 1345 placuit:
1055 1247 1262 1343 exquisivit,
1274 1244 1372 1316 unde

308 1368 401 1427 esset
424 1355 583 1451 epistola.
613 1353 832 1453 Respondit,
850 1357 1057 1452 Agrigento,
1076 1361 1147 1427 Iste
1166 1357 1304 1442 literas,
1325 1354 1371 1426 ad

309 1489 402 1563 quos
417 1462 570 1551 solebat,
586 1465 702 1553 misit,
717 1480 758 1535 ut
770 1467 799 1536 is
811 1465 968 1537 annulus
984 1464 1029 1536 ad
1045 1490 1083 1536 se
1094 1468 1211 1564 primo
1225 1490 1373 1563 quoque

310 1590 474 1673 tempore
508 1572 710 1645 afferretur.
740 1580 793 1645 lta
823 1575 934 1647 literis
964 1576 1088 1663 istius,
1111 1574 1372 1674 patrifamiliaS,

309 1689 349 1755 L.
368 1686 461 1756 Titio
485 1684 648 1773 cuidam,
665 1686 735 1755 civi
753 1710 923 1775 romano,
943 1687 1100 1756 annulus
1118 1687 1164 1757 de
1181 1686 1293 1782 digito
1312 1685 1373 1756 dc-

293 1807 443 1864 ·tractus
461 1809 525 1864 est,
543 1792 608 1864 Illa
629 1819 715 1865 vero
737 1795 815 1888 ejus
837 1793 1014 1890 cupiditas
1039 1794 1261 1867 incredibilis
1286 1810 1339 1866 est
1364 1818 1371 1863 ε
1403 1830 1405 1833 ·

308 1928 394 1974 nam
413 1900 482 1975 ut³
509 1905 546 1974 in
572 1904 712 2000 singula
736 1903 936 1991 conclavia,
960 1929 1041 2000 quac
1068 1907 1134 1977 iste
1160 1930 1237 1975 non
1263 1902 1386 1975 modo.

310 2019 451 2101 Romae,
475 2013 539 2084 sed
560 2016 598 2084 in
625 2013 796 2084 omnibus
814 2013 904 2084 villis
928 2012 1055 2101 habet,
1087 2015 1242 2084 tricenos
1263 2012 1374 2083 lectos

309 2126 445 2222 optime
461 2127 613 2194 stratosl
632 2148 716 2194 cum
729 2124 858 2194 ceteris
874 2125 1095 2194 ornamentis
1109 2124 1263 2193 convivii
1280 2146 1374 2218 quae·

308 2248 419 2319 reret,
436 2236 590 2304 nimium
603 2232 717 2304 multa
729 2258 938 2331 comparare
952 2231 1169 2305 videretur⁵.
1183 2233 1289 2305 Nulla
1306 2232 1371 2303 do·

310 2369 391 2414 mus
409 2346 448 2412 iu
465 2342 582 2413 Sicilia
598 2342 758 2437 locuples
779 2342 863 2432 fuit,
882 2342 947 2414 ubi
962 2347 1029 2415 iste
1052 2369 1130 2415 nou
1151 2339 1373 2416 textrinum⁶

310 2454 515 2522 instituerit.
1067 2539 1069 2543 ἢ

359 2561 489 2631 Mulier
501 2574 554 2631 est
567 2564 777 2657 Segestana,
797 2562 961 2660 perdives
975 2581 1011 2637 et
1021 2565 1166 2649 nobilis,
1178 2566 1299 2634 Lamia
1313 2587 1374 2633 nos

311 2673 409 2742 mine
423 2682 436 2726 ⁷
450 2698 457 2740 :
470 2695 536 2769 per
547 2674 744 2742 triennium
764 2674 840 2759 isti,
856 2673 964 2772 plena
978 2675 1088 2747 domo
1102 2676 1275 2757 telarum,
1290 2688 1375 2744 stra·

311 2783 432 2880 gulam
449 2796 583 2853 vestem
598 2779 771 2852 confecit:
785 2782 874 2852 nihil
892 2786 960 2853 nisi
979 2780 1191 2881 conchylio⁸
1208 2784 1372 2853 tinctum.

313 2893 471 2975 Attalus,
490 2892 602 2962 homo
619 2892 854 2989 pecuniosus,
868 2896 970 2975 Neti;
985 2899 1097 2991 Lyso,
1116 2892 1280 2991 Lilybaei3
1297 2891 1375 2961 Cri·

346 3078 371 3109 a.
381 3060 486 3108 cretata.
496 3058 558 3116 Alii,
568 3058 657 3106 centia.
665 3060 758 3108 Pariter
766 3075 821 3108 esra
865 3061 937 3120 texti,
949 3077 1005 3109 cum
1017 3060 1118 3110 floribus
1127 3078 1155 3109 ao
1168 3061 1234 3108 loliis
1245 3059 1375 3109 versiculo

312 3152 337 3187 et
345 3151 409 3187 creta
417 3139 447 3186 ad
456 3138 618 3200 obsignandas
627 3138 720 3194 literas,
729 3150 822 3187 veteres
865 3139 940 3187 ribus.
950 3141 1025 3189 Pedes
1038 3141 1102 3188 euim
1111 3140 1285 3205 pretiosissimo
1295 3140 1377 3202 ligno,

312 3218 351 3265 usi
371 3227 436 3264 sunt.
455 3216 513 3263 vid.
535 3214 646 3264 Kircbm.
661 3216 691 3264 de
711 3219 822 3278 annulis,
866 3232 909 3267 aut
921 3220 994 3268 ebore
1007 3222 1096 3285 soepius
1109 3220 1230 3281 coniecti,
1244 3219 1322 3266 aureis
1335 3234 1375 3264 sr-

314 3312 369 3359 cap.
387 3312 411 3355 7.
430 3294 599 3342 Volrebuutor
620 3293 711 3358 literae,
731 3294 822 3360 filoque
867 3299 1005 3363 genteisque
1022 3300 1132 3358 laminis,
1144 3315 1207 3363 soepc
1224 3300 1296 3345 etism
1308 3312 1375 3359 geru·

310 3372 491 3431 retinebantur,
505 3373 549 3434 qui
557 3383 598 3419 aut
611 3372 741 3437 liquefacta
759 3391 822 3434 cera,
867 3378 913 3424 mis
925 3394 954 3425 sc
966 3379 1113 3441 margaritis,
1123 3378 1153 3425 sd
1162 3379 1292 3425 maximum
1303 3376 1376 3422 luxus

313 3466 355 3502 aut
370 3462 433 3500 creta
447 3450 622 3499 obducebatur.
867 3462 1008 3518 apparatum
1021 3457 1177 3521 compositis,
1188 3454 1354 3519 splendebant.

349 3534 375 3581 3.
389 3534 453 3579 Nam
462 3542 496 3579 ut.
516 3532 548 3577 Η.
565 3531 825 3580 e.etismsi.-Trice-
905 3533 1053 3582 sorerem.
1068 3535 1100 3581 ad
1120 3535 1170 3583 Cic.
1185 3532 1309 3589 Acadll,
1326 3547 1376 3590 ao,

312 3613 486 3677 nos.Trigints.
499 3613 588 3659 Sensus
600 3623 636 3659 est
647 3627 653 3660 :
665 3611 736 3660 Adeo
749 3612 823 3660 multa
867 3609 963 3658 emend.
976 3610 1114 3661 videbatur.
1131 3616 1235 3660 Frustra.
1249 3612 1342 3660 J.V.L.

311 3704 383 3751 suut,
393 3708 447 3757 quae
458 3691 531 3739 furtis
537 3692 696 3764 comparavit,
706 3703 734 3739 ut
742 3693 825 3740 etiam·
904 3691 930 3738 6.
945 3691 1096 3741 Textrinnm.
1117 3693 1213 3739 Manat.
1232 3690 1342 3738 lambio.
1354 3700 1378 3736 et

312 3771 345 3830 si,
359 3784 407 3820 etc.
866 3768 908 3815 ulii
920 3768 1002 3829 multi,
1017 3770 1159 3817 textrinam.

350 3859 374 3905 t.
392 3854 476 3898 Lectos
496 3850 587 3914 optime
606 3861 704 3899 stratos.
728 3852 758 3896 ln
777 3849 823 3896 huc
904 3848 1037 3909 7.Ernest.
1054 3846 1154 3908 conjicit
1172 3848 1376 3912 legendumessc,

313 3929 435 3992 praecipue
448 3940 516 3992 parts
529 3945 627 3976 romans
645 3928 743 3977 luxurie
764 3928 823 3973 cmi·
868 3941 898 3972 ea
905 3943 951 3989 per
964 3925 1101 3974 triennium.
1112 3931 1128 3975 J
1132 3929 1177 3976 Ν,
1191 3931 1218 3974 L.

314 4004 395 4051 nebat.
407 4006 525 4067 Tspetes,
543 4007 631 4068 quibus
644 4008 738 4053 instrati
756 4015 824 4052 erent
903 4003 930 4054 8.
945 4005 1083 4067 Concdylio.
1097 4006 1161 4053 Vide
1175 4007 1206 4054 de
1220 4002 1378 4067 conchyliato

311 4082 382 4140 lecti,
397 4098 503 4144 purpura
521 4083 700 4144 splendebant,
712 4099 772 4129 suro
786 4085 822 4130 in·
867 4085 949 4132 colore
962 4084 1080 4145 Plinium,
1096 4088 1136 4146 X,
1148 4086 1197 4144 36,
1210 4097 1234 4132 st
1247 4085 1326 4142 xxi,
1336 4097 1379 4129 aa«
