3176 4770
399 436 452 505 ΙΝ
477 435 692 502 VERREM
715 434 821 501 ACT.
849 435 901 513 11,
928 435 1020 501 LIB.
1049 435 1119 503 llI.
1228 436 1275 530 93

217 574 325 645 runt;
355 557 415 629 sed
445 559 571 641 etiam,
601 570 643 623 ut
669 554 839 651 permulti
869 554 1065 651 locupletes
1093 554 1276 641 homines,

217 672 337 764 magni
357 680 393 737 et
408 666 488 734 navi
510 677 684 750 aratores,
703 688 806 761 agros
826 660 939 734 tat0s³
958 688 999 734 ac
1027 662 1159 736 fertiles
1176 666 1278 738 dese·

218 791 361 877 rereqt,
383 788 548 870 totasque
579 773 757 843 arationes
787 770 1091 868 derelinquerent.
1119 772 1159 843 Id
1189 773 1279 846 adeo

219 890 300 958 sciri
332 884 498 956 facillime
531 896 651 980 potest
684 907 728 952 ex
756 882 867 953 literis
895 879 1050 979 publicis
1080 885 1281 970 civitatum,

219 1011 411 1094 propterea
442 991 544 1091 quod
573 993 650 1089 lege
681 993 871 1064 Hieronica
899 1017 1074 1063 numerus
1100 1009 1281 1064 aratorum

219 1106 412 1204 quotannis
427 1102 525 1201 apud
543 1106 770 1200 magistratus
787 1100 933 1199 publice
951 1101 1199 1174 subscribitur.
1215 1108 1283 1175 Re·

220 1218 290 1287 cita
312 1214 478 1299 tandem,
500 1228 592 1310 quot
616 1213 823 1310 acceperit⁴
845 1226 1002 1283 aratores
1019 1217 1094 1310 agri
1112 1214 1282 1284 Leontini

218 1330 357 1396 Verres.
368 1367 411 1375 —
423 1323 732 1412 araxim-»Quot
749 1347 847 1393 anno
858 1325 968 1394 tertio
982 1321 1284 1420 profiteantur.-

219 1437 511 1504 xxxu-Unum
529 1447 567 1504 et
582 1433 846 1530 quinquaginta
861 1448 1021 1504 aratores
1039 1434 1087 1502 ita
1103 1431 1210 1503 video
1224 1432 1284 1504 de·

170 1598 175 1605 .
218 1546 333 1638 jectos
343 1539 370 1629 ⁵,
395 1556 436 1613 ut
456 1542 513 1612 bis
531 1565 577 1611 ne
595 1541 715 1609 vicarii
741 1539 888 1636 quidem
911 1541 1158 1612 successerint.
1186 1544 1285 1632 Quot

211 1666 400 1737 aratores,
415 1650 626 1720 adveniente
642 1663 695 1735 te,
718 1647 867 1722 fuerunt
883 1653 956 1747 agri
974 1652 1215 1746 Mutycensis?
1232 1653 1284 1721 vi·

222 1761 370 1833 deamus
386 1785 429 1831 ex
448 1760 559 1830 literis
576 1756 742 1857 publicis.
753 1759 1169 1850 —ccxxxv111.-Quid?
1186 1784 1283 1831 anno

222 1870 671 1941 tertiol—cL.-nxxrv11
695 1883 852 1940 aratores
877 1894 974 1940 unus
996 1894 1080 1967 ager
1103 1871 1205 1942 istius
1229 1872 1286 1940 in-

219 1980 314 2075 juria
327 1977 521 2065 desiderat;
531 1989 639 2074 atque
648 1977 739 2049 adeo
750 1992 871 2050 nostra
880 1979 1098 2078 respublica,
1112 1976 1296 2077 quoniam‘

220 2088 281 2158 illa
299 2088 424 2186 populi
446 2090 587 2157 romani
606 2087 790 2183 vectigalia
808 2104 910 2176 sunt,
933 2089 1032 2161 bunc
1055 2105 1110 2160 tot
1125 2105 1285 2187 patrum·

221 2195 373 2269 familias
397 2221 590 2267 numerum
614 2194 793 2268 desiderat
808 2211 846 2267 et
862 2201 1027 2296 reposcit.
1051 2204 1141 2294 Ager
1159 2196 1285 2268 Herbi-

223 2309 333 2379 tensis
349 2312 467 2406 primo
484 2331 580 2378 anno
598 2305 726 2378 habuit
743 2322 900 2378 aratores
917 2307 1095 2379 ducentos
1111 2313 1288 2406 quinqua·

222 2421 322 2515 ginta
348 2434 506 2515 septem,
538 2419 648 2489 tertio
677 2431 825 2488 centum
852 2418 1006 2514 viginti:
1034 2417 1120 2490 binc
1141 2434 1287 2490 centum

222 2530 368 2627 triginta
391 2541 530 2625 septem
555 2524 824 2624 patresfamilias
851 2542 1010 2599 extorres
1035 2527 1285 2626 profugerunt.

223 2637 451 2736 Agyrinensis
469 2660 564 2733 ager,
580 2661 739 2734 quorum
761 2635 967 2709 bominum!
990 2663 1098 2735 quam
1118 2639 1287 2709 honesto·

224 2745 323 2817 rum!
342 2772 449 2843 quam
470 2743 724 2843 locupletium!
744 2744 919 2818 ducentos
938 2749 1199 2843 quinquaginta
1213 2770 1287 2816 ara·

225 2871 321 2926 tores
349 2854 477 2925 babuit
506 2856 623 2952 primo
647 2880 744 2927 anno
768 2870 931 2952 praeturae
958 2869 1038 2925 tuae.
1065 2854 1161 2945 Quid
1180 2856 1286 2926 tertio

226 2963 344 3033 anno?
356 2965 560 3061 octoginta,
578 2962 886 3061 quemadmodum
903 2965 1036 3063 legatos
1053 2971 1288 3063 Agyrinenses

225 3073 375 3142 recitare
392 3095 436 3141 ex
456 3072 609 3169 publicis
624 3072 735 3144 literis
751 3074 910 3149 audistis.

273 3197 347 3265 LII.
376 3195 446 3263 Pro
472 3191 522 3262 dii
543 3195 778 3267 immortales!
798 3198 889 3268 sies
910 3198 1093 3295 provincia
1114 3210 1189 3267 tota
1206 3220 1288 3268 cen·

78 3382 82 3394 ¹
226 3321 301 3375 tum
330 3307 561 3402 septuaginta
586 3304 768 3398 ejecisses,
795 3330 986 3403 possesne,
1012 3308 1144 3379 severis
1161 3307 1289 3402 judici·

128 3422 134 3433 '
224 3413 313 3502 bus,
342 3414 459 3486 salvus
483 3413 582 3486 esse?
606 3418 711 3484 Unus
735 3440 819 3512 ager
844 3422 1073 3516 Agyrinensis
1100 3443 1191 3490 ccxx
1214 3441 1289 3488 ara·

261 3618 561 3680 &unamaliquam
571 3616 634 3665 banc
642 3616 731 3667 lectio·
814 3628 838 3674 t.
858 3622 991 3687 Acceperit.
1009 3624 1077 3685 Quot
1090 3621 1198 3681 fuerim,
1213 3635 1289 3684 (μου

224 3713 279 3743 nem
292 3697 386 3761 optimo
397 3697 451 3757 jure
460 3694 664 3760 praetubt3multi
677 3712 732 3744 cum
779 3701 846 3747 venit
871 3701 897 3748 in
921 3702 1028 3750 Siciliam
1054 3701 1148 3750 Verres.
1167 3725 1202 3736 -
1220 3701 1287 3748 Loco

224 3776 322 3823 Gruter.
335 3775 402 3822 laetos
422 3773 556 3831 dederunt,
571 3774 639 3837 quod
655 3775 733 3823 multo
779 3777 996 3843 «profiteantur»,
1013 3795 1069 3828 cum
1095 3782 1165 3843 signo
1184 3778 1290 3826 interro·

224 3856 305 3902 minus
317 3864 401 3918 aptum
422 3864 466 3901 est.
485 3855 645 3916 Proeoerquarn
666 3852 734 3916 quod
778 3857 852 3923 gandi
867 3857 1088 3922 «profitebantur»
1109 3857 1198 3906 extulit
1222 3858 1290 3906 Gr·-

224 3932 301 3997 figura
313 3933 345 3979 rit
358 3933 436 3996 poetis
449 3931 531 3980 notior
543 3947 616 3995 quam
628 3931 734 3980 oratori·
758 3952 764 3957 ·
779 3937 842 3985 vius,

224 4011 286 4069 bor,
303 4007 369 4058 idern
387 4008 537 4076 significatur
553 4010 663 4073 sequenti
682 4011 735 4076 epi·
817 4009 841 4057 5.
862 4006 983 4073 Dejectos.
997 4007 1105 4055 Omnino
1124 4007 1186 4071 agris
1199 4006 1291 4071 spolia·

226 4090 294 4138 tbeto
312 4090 446 4139 «fertiles»
459 4106 465 4139 τ
479 4101 503 4138 et
517 4091 562 4139 laet
574 4089 631 4155 agri
649 4106 738 4139 conve·
782 4099 830 4137 tor.
851 4088 946 4135 Erneet.
964 4086 1033 4135 malit
1057 4087 1190 4149 «ejectos»
1212 4086 1292 4135 minua

228 4169 299 4216 niunt
309 4169 403 4234 anagnis
413 4169 560 4217 aratoribus.
783 4165 955 4230 significanter.
