3186 4772
299 324 369 394 280
615 322 663 388 Μ.
689 322 727 387 Τ.
755 319 1034 390 CICERONIS

297 469 384 516 vero
405 442 450 513 ab
473 443 572 512 omni
592 438 692 510 aditu
713 439 939 526 circumcisa,
956 453 1064 534 atque
1083 437 1260 537 dirempta
1281 459 1355 514 est:

297 578 407 651 quam
428 556 521 623 circa
541 549 639 621 lacus
660 549 805 645 lucique
831 562 916 618 sunt
938 546 1105 643 plurimi,
1128 563 1164 618 et
1188 550 1357 621 laetissimi

296 663 403 734 flores
417 664 693 757 omnitempore
708 660 813 743 anni,
832 656 932 727 locus
945 670 987 727 ut
1002 656 1078 753 ipse
1095 672 1241 755 raptum
1255 660 1358 730 illum

295 773 465 867 virginis,
493 795 603 866 quem
628 770 701 863 jam
730 793 751 838 a
777 770 898 865 pneris
924 769 1148 866 accepimus,
1177 769 1356 842 declarare

294 880 466 952 videatur.
486 880 628 950 Etenim
649 891 799 975 propter
817 890 871 947 est
888 877 1057 975 spelunca
1074 878 1255 975 quandam,
1273 906 1358 952 con·

296 1015 394 1062 versa
421 989 466 1059 ad
491 987 718 1085 aquilonem,
749 983 887 1055 infinita
911 984 1121 1075 altitudine,
1149 1013 1221 1084 qua
1237 992 1356 1061 Ditem

297 1115 436 1199 patrem
466 1097 588 1170 lerunt
614 1110 762 1195 repente
791 1118 874 1164 cum
901 1117 1011 1164 curru
1041 1098 1233 1185 exstitisse,
1253 1097 1354 1169 abre·

297 1227 470 1309 ptamque
492 1233 537 1279 ex
560 1233 604 1280 eo
632 1208 714 1278 loco
738 1207 914 1301 virginem
936 1229 1058 1276 secum
1083 1223 1299 1305 asportasse,
1320 1222 1357 1278 et

297 1321 418 1392 subito
442 1344 516 1389 non
536 1319 643 1414 longe
666 1342 686 1387 a
710 1316 892 1412 Syracusis
914 1330 1120 1412 penetrasse
1139 1318 1207 1389 sub
1228 1324 1355 1407 terras,

297 1428 488 1524 lacumque
514 1429 553 1496 in
579 1451 623 1497 eo
646 1426 727 1496 loco
754 1439 904 1522 repente
933 1428 1129 1515 exstitisse3
1158 1426 1221 1498 ubi
1242 1454 1356 1525 nsque

295 1533 340 1605 ud
366 1535 437 1607 hoc
461 1551 603 1633 tempus
626 1536 836 1632 Syracusani
860 1532 970 1607 festos
997 1533 1073 1607 dies
1099 1538 1358 1610 anniversarios

299 1661 429 1743 agunt,
446 1645 681 1717 celeberrimo
698 1647 857 1715 virorum
876 1645 1143 1742 mulierumque
1165 1663 1357 1719 conventu.

346 1759 469 1826 XLIX.
493 1756 644 1853 Propter
668 1755 778 1849 hujus
802 1756 985 1850 opinionis
1006 1771 1237 1845 vetustatem,
1259 1757 1360 1855 quod

299 1890 427 1936 eornm
449 1867 488 1935 in
512 1865 567 1935 his
587 1865 674 1935 locis
687 1864 840 1960 uestigia
860 1889 901 1935 ac
922 1889 1037 1964 prope
1061 1867 1279 1939 incunabula
1302 1894 1358 1940 re·

299 1977 490 2073 periuntur
508 1973 661 2045 deorum
676 1984 701 2060 ¹,
728 1975 817 2044 mira
838 1974 1002 2070 quaedam
1021 1991 1096 2053 tota
1114 1978 1229 2049 Sicilia
1246 1980 1360 2075 priva·

299 2087 364 2154 tim
388 2109 429 2156 ac
453 2083 597 2182 publice
624 2083 749 2180 religio
773 2099 827 2154 est
851 2086 989 2155 Cereris
1014 2089 1201 2158 Ennensis.
1220 2088 1359 2157 Etenim

299 2195 413 2265 multa
431 2219 525 2293 saepe
548 2194 710 2291 prodigia
732 2195 805 2263 vim
827 2194 904 2288 ejus
927 2219 1138 2292 numenque
1159 2195 1358 2285 declarant3

300 2305 423 2376 multis
447 2330 541 2401 saepe
570 2306 607 2374 in
635 2303 852 2375 difficillimis
877 2306 985 2375 rebus
1010 2330 1164 2404 praesens
1187 2309 1359 2379 auxilium

300 2414 377 2507 ejus
394 2411 555 2483 oblatum
573 2425 648 2483 est:
665 2427 708 2482 ut
725 2412 799 2483 lucc
815 2414 930 2484 insula
947 2413 992 2485 ab
1011 2440 1053 2485 ea
1071 2441 1147 2488 non
1168 2417 1284 2487 solum
1304 2415 1360 2486 di·

297 2522 377 2619 ligi,
396 2521 582 2591 sedetiam
602 2521 710 2591 incoli
729 2522 976 2620 custodirique
993 2522 1166 2595 videatur.

347 2636 421 2704 Nec
437 2631 554 2703 solum
568 2631 695 2719 Siculi,
707 2656 831 2701 verum
845 2633 951 2703 etiam
968 2648 1093 2706 ceterae
1106 2649 1229 2733 gentes
1242 2636 1359 2705 natio-

293 2768 431 2840 nesque
456 2746 662 2813 Ennensem
680 2744 847 2837 Cererem
868 2745 1022 2816 maxime
1044 2746 1177 2817 colunt
1195 2748 1360 2832 Etenim,

297 2854 327 2922 si
353 2852 626 2926 Atheniensium
651 2862 771 2922 sacra'
799 2874 938 2927 summa
963 2856 1158 2952 cupiditate
1184 2870 1361 2954 expetun-

297 2975 368 3049 tur,
394 2960 440 3032 ad
466 2986 559 3058 quos
588 2965 695 3033 Ceres
725 2965 761 3030 in
790 2963 852 3035 illo
881 2963 1030 3038 errorc³
1057 2967 1196 3037 venisse
1219 2965 1360 3053 dicitur,

335 3156 425 3202 XLIX.
442 3170 464 3202 1.
475 3156 590 3204 Deorum.
601 3156 709 3203 Cererem
719 3167 742 3202 et
751 3155 811 3203 Pro·
853 3158 904 3214 tio,
918 3167 1004 3206 terram
1016 3155 1128 3204 excolere
1141 3154 1237 3213 docuit,
1254 3164 1279 3202 et
1291 3153 1363 3201 simul

300 3233 421 3295 supinam
432 3233 560 3296 iutelligit,
573 3250 641 3282 more
654 3236 810 3292 Graecornm,
853 3252 919 3283 nera
933 3252 975 3283 sus
989 3235 1019 3282 iis
1028 3235 1123 3282 retexit.
1135 3233 1215 3281 Greci
1226 3248 1326 3288 omnes,
1337 3240 1363 3277 et

300 3312 343 3373 qni
356 3309 403 3357 diis
419 3321 445 3358 et
460 3311 549 3359 deabus
562 3310 627 3361 idem
642 3329 730 3361 nomen
746 3329 812 3378 saepe
855 3317 988 3377 praesertim
998 3314 1299 3369 Afflenhusesmcrorum
1308 3309 1363 3357 illo·

301 3390 399 3437 dabant.
855 3409 908 3441 rum
921 3393 1051 3457 participes
1063 3409 1114 3440 esse
1125 3391 1311 3439 maurannus
1326 3400 1361 3436 te·

337 3485 362 3517 a.
385 3467 569 3517 Atheniensium
590 3486 674 3520 suma.
694 3471 812 3520 Eleusine
855 3474 958 3518 renisus
970 3479 1039 3517 aetste
1051 3470 1254 3530 udmiusbantur,;
1274 3480 1298 3516 et
1314 3468 1363 3516 erl·

300 3549 393 3597 scilicet
405 3551 499 3598 Cereris
511 3551 634 3614 mysteria.
653 3550 811 3599 celeberrima
855 3548 916 3595 mini
923 3546 968 3594 sibi
979 3548 1268 3606 vertissent,sinat0rum
1276 3547 1364 3610 aliquis

301 3641 353 3677 tota
374 3630 467 3678 Grecis
485 3642 566 3684 erant,
578 3641 603 3679 et
620 3632 729 3694 quinque
741 3632 812 3679 annis
856 3641 979 3673 suetorum
989 3625 1087 3673 illorum
1099 3644 1186 3692 expers
1197 3627 1304 3676 obiisset.
1320 3628 1364 3673 Le-

301 3710 492 3760 celebrsbsutnr.
507 3713 579 3759 Ceres
590 3711 641 3773 ipsa
649 3709 721 3757 citum
731 3722 756 3759 et
766 3726 813 3758 ere·
856 3721 885 3769 80
894 3705 1005 3768 1111111111,
1014 3704 1110 3753 11115111
1118 3721 1201 3754 01111111
1213 3706 1245 3754 111
1258 3706 1363 3756 1111110·

302 3787 417 3836 rimonius
430 3791 580 3847 instituerat,
594 3805 668 3853 quum
678 3802 757 3838 natam
768 3806 812 3854 per
856 3784 952 3833 murus.

301 3878 397 3914 omnem
419 3880 534 3916 terrarum
557 3870 640 3917 orbem
663 3871 808 3932 requirens,
889 3863 1170 3925 3.1110err0r0.Quum
1183 3864 1365 3912 scilicettotum

302 3943 407 3991 Eleusim
421 3948 539 4004 venisset,
553 3950 687 4010 proximum
707 3946 810 3995 Athenis
854 3941 937 3990 orbem
961 3941 1109 4002 circumiret,
1132 3953 1213 3989 nutem
1234 3942 1364 4006 requirens.

301 4021 393 4068 urbem.
407 4024 470 4070 Luta
483 4026 616 4072 incolarum
630 4026 708 4072 amieo
723 4020 811 4084 hospi·
855 4025 918 4071 Sunt
930 4022 972 4084 qni
995 4018 1145 4069 contendunt
1165 4024 1259 4072 Cereris
1272 4034 1367 4070 errores
