3016 4774
321 412 390 486 528
642 406 692 473 Μ.
716 405 755 470 Τ.
781 400 1060 471 CICERONIS

320 531 534 607 sententiam
553 510 737 595 interdicti
753 545 898 593 mecum
915 519 1031 592 facere
1049 517 1251 608 fatebatur3
1272 522 1404 593 verbo

319 668 377 715 me
395 636 537 714 excludi
557 633 724 720 dicebat,
742 657 763 702 a
780 629 895 702 verbo
911 644 1032 701 autem
1048 652 1153 727 posse
1171 631 1296 702 recedi
1312 658 1401 704 non

318 749 568 827 arbitrabatur.
603 747 727 835 Quum
757 740 933 838 exemplis
961 753 1082 810 uterer
1110 738 1254 827 multis,
1277 746 1401 813 etiam

317 864 377 936 illa
397 859 546 933 materia
566 850 789 951 aequitatis³;
810 849 857 921 ab
881 849 996 921 verbo
1015 863 1051 921 et
1070 847 1115 937 qb
1132 854 1290 947 scripto,
1311 853 1401 949 plu-

317 976 417 1048 rimis
439 992 531 1067 saepe
553 968 591 1036 in
611 963 741 1051 rebus,
760 961 839 1056 jus,
861 973 897 1030 et
914 963 1008 1056 aequi
1025 956 1189 1055 bonique
1205 961 1396 1032 rationem

318 1108 395 1156 esse
416 1080 614 1174 sejunctam
627 1072 662 1162 ⁴3
685 1092 899 1168 semperque
920 1068 957 1139 id
984 1067 1135 1139 valuisse
1162 1068 1393 1165 plurimum,

319 1188 420 1290 quod
437 1190 475 1259 in
493 1210 530 1257 sc
549 1183 771 1256 auctoritatis
792 1177 978 1250 habuisset
998 1179 1247 1275 aequitatisque
1272 1180 1394 1277 pluri.

319 1296 466 1372 mum⁵t
486 1292 691 1367 consolatus
715 1303 770 1360 est
797 1312 874 1373 me,
898 1302 934 1358 et
958 1286 1138 1374 ostendit,
1155 1292 1194 1358 in
1218 1289 1288 1361 hac
1310 1292 1392 1389 ipsa

321 1432 427 1484 causa
453 1403 544 1477 nihil
569 1424 667 1487 esse,
693 1396 795 1496 quod
819 1397 1038 1485 laborarem3
1059 1421 1143 1468 nam
1169 1397 1283 1470 verba
1310 1405 1389 1498 ipsa

320 1516 526 1617 sponsionis
545 1508 662 1581 facere
677 1531 840 1596 mecum,
863 1511 892 1578 si
909 1506 1039 1579 vellem
1058 1507 1248 1606 diligenter
1265 1525 1387 1583 atten-

319 1628 415 1701 dere.
438 1627 625 1715 Quonam,
645 1622 816 1716 inquam,
838 1616 974 1689 modo?
995 1618 1090 1707 Quia
1110 1632 1227 1704 certe,
1242 1619 1390 1716 inquit,

319 1736 480 1831 dejectus
498 1746 553 1803 est
569 1732 708 1803 Caecina
724 1732 779 1817 vi,
794 1727 1003 1799 hominibus
1020 1729 1181 1816 armatis,
1196 1728 1323 1826 aliquo
1345 1756 1390 1802 ex

320 1850 422 1920 loco:
438 1846 554 1915 sinon
567 1866 610 1912 ex
625 1865 669 1911 co
685 1839 783 1922 locO,
799 1862 908 1934 quem
927 1843 964 1907 in
981 1837 1102 1909 locum
1116 1842 1238 1909 venire
1251 1841 1390 1925 voluit;

319 1971 356 2030 at
370 1979 473 2028 exeo
487 1964 602 2038 certe,
618 1947 716 2020 unde
734 1947 838 2044 fugit.
857 1946 955 2038 Quid
973 1949 1074 2019 tum?
1089 1952 1232 2035 Praetor,
1246 1952 1388 2047 inquit,

319 2064 528 2147 interdixit,
543 2074 603 2150 ut,
623 2057 721 2130 unde
738 2057 899 2154 dejectus
918 2071 1030 2146 esset,
1052 2082 1097 2129 eo
1114 2060 1388 2148 restitueretur,

320 2179 391 2249 hoo
416 2189 490 2262 est,
517 2175 739 2270 quicumque
770 2171 800 2240 is
830 2169 933 2240 locus
961 2182 1073 2253 esset,
1102 2164 1209 2239 undc'
1223 2168 1389 2264 dejectus

321 2300 424 2359 esset.
444 2281 608 2355 AEbutius
622 2295 764 2367 autem,
784 2279 848 2376 qui
864 2276 1007 2367 fatetur,
1023 2277 1147 2375 aliquo
1164 2304 1207 2350 ex
1225 2279 1306 2351 loco
1321 2279 1388 2351 de·

318 2552 361 2591 aut
376 2548 441 2587 certe
456 2534 604 2584 intellexisse
614 2532 765 2598 Aquillium3
785 2533 829 2582 sed
872 2551 964 2599 perque
984 2534 1010 2583 id
1030 2536 1071 2596 jue
1095 2535 1197 2585 valuisse
1217 2537 1384 2602 plurimum..

319 2615 449 2668 artificiose
459 2624 484 2662 et
493 2613 598 2663 oratorie
609 2612 682 2660 verbu
693 2613 788 2661 Tullius
797 2613 829 2661 ed
873 2616 1077 2664 Horren-Ius
1082 2615 1148 2680 aqui
1153 2616 1386 2682 boniqueratimn

319 2713 390 2747 euutn
403 2691 559 2743 oommoduur
570 2692 747 2756 utilitatemque
757 2691 830 2740 defle·
873 2693 1072 2756 ersesejuuctam.
1081 2695 1119 2743 Ne
1128 2694 1273 2759 hicquidem
1280 2696 1386 2759 probare

320 2778 375 2828 ctit.
390 2777 511 2824 nonen.
873 2787 974 2835 possum
985 2772 1169 2820 correctiouem.
1181 2775 1296 2840 Appellat
1306 2777 1385 2836 euim,

355 2858 381 2905 3.
399 2851 505 2903 Παιονίη
519 2849 649 2916 requitatis.
666 2849 741 2913 Quod
753 2861 831 2898 mutat
874 2850 940 2898 «Jus
952 2851 1016 2913 oequi
1026 2851 1135 2915 bonique
1148 2852 1267 2902 rationem
1275 2871 1303 2915 ¹3
1317 2857 1387 2919 qm·

319 2942 500 2988 Hottomenuue
525 2932 584 2980 iacit
606 2947 658 2980 non
679 2930 829 2978 necessario:
875 2926 1388 2997 lacapenilott,utelibi,q’usetaequi·

321 3027 393 3064 voert
401 3013 466 3062 enim
475 3012 516 3060 hic
524 3032 537 3053 α
546 3011 669 3058 ueterum
678 3009 798 3073 equitetis
805 3030 829 3068 ι,
874 3008 1057 3067 tatemmlibi,
1069 3010 1125 3069 «jue
1134 3026 1165 3057 ex
1173 3025 1245 3075 oequo
1254 3024 1280 3060 et
1287 3012 1356 3062 bono
1363 3034 1386 3060 ι.

321 3110 393 3159 qum
417 3105 550 3154 «campum
569 3089 711 3152 equitatis·
732 3086 831 3137 vocabit
874 3088 951 3136 Etiam
962 3086 1071 3136 definitio
1081 3088 1142 3150 juris
1152 3090 1244 3147 civilis,
1257 3093 1385 3140 utinTo·

320 3171 404 3235 paullo
420 3179 492 3234 poet,
517 3182 589 3230 quem
610 3165 710 3215 «letum
724 3167 830 3215 locum»
873 3167 1388 3233 pictamquimmutpertemjuriecom·

321 3248 388 3297 alibi.
407 3248 447 3294 Sic
464 3248 491 3293 in
508 3245 552 3294 lib.
571 3247 583 3292 1
604 3244 634 3292 de
647 3246 744 3294 Orator.
762 3246 830 3294 utin
873 3247 1005 3311 plenem
1016 3248 1388 3314 quimcaueamjurieetaequi-

320 3330 346 3376 11
365 3325 396 3372 de
417 3323 579 3380 Inventione,
599 3324 730 3383 conjuncte
749 3324 829 3383 dixit,
875 3324 1387 3393 tatieudioetltiopeullopoattquomgie

321 3404 428 3454 «silvam
441 3411 466 3449 et
478 3400 631 3448 materiam».
653 3404 702 3449 Pro
720 3401 827 3463 Milone,
874 3405 938 3452 enim
956 3406 1094 3467 nequitatem
1113 3408 1176 3454 tueri
1190 3407 1231 3455 hic
1245 3424 1271 3456 ee
1287 3408 1389 3457 volebat

321 3511 335 3531 «
345 3492 449 3548 segetem
457 3490 482 3527 et
492 3478 615 3527 materiem
623 3500 645 3528 n.
658 3481 687 3526 Iu
698 3479 742 3527 lib.
753 3481 789 3527 IV
800 3479 831 3528 de
874 3482 988 3545 intelligi,
1002 3499 1032 3530 eo
1042 3485 1118 3547 magle
1128 3485 1155 3531 in
1167 3488 1282 3549 aequitate
1289 3488 1329 3549 jue
1338 3488 1388 3536 lue

322 3564 435 3621 tuniba,
451 3581 463 3604 ι
473 3559 596 3607 materiem
614 3568 639 3605 et
658 3560 784 3623 copiam».
802 3568 832 3607 ut
875 3560 1040 3623 disputatione
1053 3564 1297 3616 conuenientia.

321 3643 402 3696 cmi
418 3654 516 3705 quoque
533 3638 587 3690 ὕλην
605 3651 723 3703 usurpem
739 3636 829 3686 colent.
911 3637 935 3684 5.
949 3639 1088 3701 Quodinse
1098 3643 1393 3694 auctoritatistateusee

323 3731 352 3776 p,
366 3728 424 3771 1?ss,
480 3728 483 3733 ’
874 3715 1043 3783 aequitatisque
1054 3719 1197 3783 plurimum.
1215 3724 1254 3770 Ex
1266 3724 1390 3789 interpre-

357 3812 382 3860 4.
391 3795 536 3863 Iesoeoequt'
544 3794 648 3861 bonique
656 3795 776 3844 rationem
781 3813 833 3845 esse
875 3806 927 3844 tum
936 3797 1085 3861 prudentum
1097 3801 1224 3848 sententie.
1237 3803 1340 3852 Peren.
1352 3831 1391 3841 —
1497 3822 1498 3829 ¹

320 3882 463 3946 sejunctam.
473 3880 566 3925 Vocem
569 3875 613 3940 jus
623 3890 653 3924 ex
661 3889 706 3923 tuo
715 3886 831 3924 mmotem
877 3875 1016 3926 &uteletas
1025 3889 1113 3926 esem.
1122 3880 1200 3928 Iussit
1208 3866 1247 3928 me
1255 3880 1323 3930 bono
1334 3885 1392 3932 eui-

319 3960 394 4018 loco,
411 3958 438 4004 iu
452 3956 519 4004 huuc
532 3965 616 4020 postea
632 3955 757 4020 irreptione
771 3956 831 4003 alie·
875 3970 918 4004 mo
937 3973 997 4005 esee,
1018 3961 1094 4006 Ιυιι.
1111 3986 1147 3995 -
1163 3959 1234 4008 ΝιἹιίὶ
1249 3976 1300 4008 esse
1318 3965 1397 4024 quod

322 4051 397 4093 uum,
415 4032 535 4092 arbitron
550 4044 576 4081 et
589 4035 702 4096 proximo
718 4034 745 4079 in
760 4048 832 4080 versu
874 4033 1023 4085 laborarem.
1040 4037 1116 4099 Quod
1132 4054 1208 4087 mem
1226 4039 1348 4089 sollicitus
1366 4055 1395 4093 et

320 4109 498 4180 reponendam
513 4110 589 4157 uteie
603 4109 726 4172 legerunt:
739 4111 831 4158 «Sem-
874 4114 970 4164 euxine.
995 4115 1038 4163 Eat
1055 4117 1120 4165 enim
1138 4116 1289 4167 defensionis
1308 4118 1393 4175 labor.
