3142 4774
295 385 342 468 tl
409 388 415 395 ·
616 382 664 459 M.
690 382 728 448 r.
756 378 1033 448 cmuaouis

292 520 353 576 tur
362 501 409 574 ab
420 504 463 572 iis
474 500 609 597 palam,
621 525 780 597 quorum
793 503 831 569 in
841 498 939 569 bona
952 495 1160 593 liberosque
1172 520 1354 567 summum

289 613 483 711 imperium
505 625 794 708 potestatemque
815 607 974 680 haberet.
998 611 1114 678 Tanta
1134 608 1188 677 vis
1206 621 1283 678 erat
1299 607 1353 676 in-

288 725 482 820 juriarum,
504 736 546 791 ut
566 720 731 792 homines
747 717 889 817 quidvis
906 721 1069 815 perpeti,
1087 739 1198 813 quam
1215 739 1290 787 non
1309 715 1354 787 de

290 833 392 905 istius
409 832 583 928 pravitate
603 843 640 900 et
658 828 799 923 injuriis
818 827 1006 925 deplorare
1022 841 1059 897 et
1074 826 1251 923 conqueri
1267 825 1355 899 mal·

292 944 377 1014 lent.
405 944 504 1033 Quas
532 938 650 1009 literas
678 962 791 1035 quum
820 936 867 1009 ad
896 960 1023 1009 omnes
1051 939 1225 1008 civitates⁴
1240 959 1355 1033 prope

291 1048 499 1150 suppliciter
524 1049 679 1119 misisset
704 1048 887 1136 Metellus;
909 1062 1032 1117 tamen
1057 1049 1248 1144 antiquum
1275 1070 1354 1116 mo·

290 1158 379 1231 dum
405 1156 552 1228 sationis
576 1156 674 1227 nulla
699 1181 744 1227 ex
768 1171 869 1254 parte
892 1158 1059 1253 assequil
1081 1158 1227 1255 potuit:
1249 1153 1356 1226 diffu-

291 1282 418 1377 gerant
437 1267 534 1339 enim
554 1266 739 1365 permulti,
753 1267 792 1337 id
810 1267 909 1365 quod
925 1264 1134 1352 ostendam3
1148 1290 1224 1336 non
1238 1265 1355 1336 solum

292 1379 490 1466 arationes,
509 1377 571 1449 sed
591 1380 697 1448 etiam
718 1377 821 1450 sedes
837 1402 918 1449 suas
934 1378 1081 1476 patrias,
1100 1379 1202 1447 istius
1217 1375 1357 1470 injuriis

293 1488 478 1585 exagitati,
497 1489 729 1586 reliquerant.

342 1598 424 1668 Non
441 1596 647 1669 mehercule
667 1599 826 1669 criminis
844 1596 997 1694 augendi
1021 1621 1126 1668 eausa
1146 1595 1281 1680 dicam,
1295 1595 1357 1691 ju-

295 1704 409 1796 dices;
422 1706 503 1794 sed,
518 1733 628 1804 quem
641 1713 763 1806 accepi
774 1712 851 1806 ipse
863 1708 978 1779 oculis
989 1709 1185 1805 animoque
1195 1730 1357 1792 sensum,

294 1815 393 1888 hunc
410 1840 493 1888 rere
511 1817 609 1915 apud
626 1841 709 1903 vos,
726 1832 780 1906 et,
799 1834 841 1889 ut
857 1831 1007 1916 potero,
1023 1816 1228 1915 planissime
1245 1839 1356 1913 expo·
1434 1864 1438 1871 -

295 1950 391 1996 nam.
409 1930 520 2015 Nam,
537 1952 652 2024 quum
673 1925 913 2024 quadriennio
936 1924 1043 2025 post⁵
1061 1927 1101 1996 in
1118 1925 1274 1996 Siciliam
1295 1949 1357 1996 ve·

293 2037 446 2124 uissem,
467 2037 518 2107 sic
535 2036 625 2107 mihi
645 2035 772 2109 affecta
787 2038 862 2108 visa
878 2052 951 2125 est,
969 2052 1009 2107 ut
1030 2036 1085 2107 hae
1106 2051 1211 2107 terrae
1222 2035 1358 2123 solent,

294 2145 488 2243 inquibus
512 2146 647 2220 bellum
674 2146 845 2219 acerbum
867 2147 1155 2244 diutumumque
1178 2150 1358 2219 versatum

295 2270 360 2326 est.
390 2260 492 2348 Quos
521 2282 589 2355 ego
615 2284 761 2358 campos
788 2272 891 2330 antea
918 2258 1100 2356 collesque
1128 2256 1359 2329 nitidissimos

295 2365 600 2464 ‘viridissimosque
625 2370 811 2455 vidissem,
837 2370 905 2440 hos
933 2373 982 2441 ita
1006 2383 1160 2440 vastatos
1181 2393 1297 2455 nune,
1317 2392 1360 2439 ac

296 2474 456 2548 desertos
477 2476 661 2568 videbam,
685 2494 726 2550 ut
744 2504 830 2578 ager
849 2481 927 2578 ipse
944 2479 1119 2551 cultorem
1138 2476 1358 2563 desiderare,

297 2610 337 2657 ac
356 2585 479 2685 lugere
496 2587 686 2661 dominum
701 2590 895 2662 videretur.
914 2589 1137 2661 Herbitensis
1150 2585 1268 2684 ager⁶,
1286 2591 1358 2661 En·

296 2699 432 2783 nensis,
445 2701 730 2796 Morgantinus7,
745 2704 951 2789 Assorinus,
963 2691 1256 2778 Imacharensisfl,
1268 2698 1361 2793 Agy-

202 2878 205 2885 ,
296 2806 470 2897 rineusis,
493 2812 542 2881 ita
567 2809 712 2882 relictus
736 2825 813 2881 erat
840 2836 882 2881 ex
908 2809 1061 2881 maxima
1083 2820 1202 2904 parte,
1225 2819 1359 2876 utnon

298 2917 414 2989 solum
425 2918 594 3015 jugerum
603 2932 631 3007 ⁹,
649 2920 712 2991 sed
725 2922 833 2991 etiam
846 2918 1078 2990 dominorum
1091 2912 1360 2986 multitudinem

297 3052 551 3124 quaereremus.
581 3031 762 3102 AEtnensis
789 3053 874 3101 vero
905 3052 1004 3125 ager,
1033 3027 1097 3125 qui
1122 3024 1260 3098 solebat
1286 3048 1361 3095 esse

297 3135 529 3226 cultissimus,
543 3153 598 3226 et,
617 3137 718 3235 quod
734 3154 842 3237 caput
856 3154 911 3210 est
925 3141 978 3211 rei
991 3136 1248 3222 frumentariae,
1265 3158 1361 3205 cam-

297 3310 514 3364 mecummet,
531 3303 656 3351 hominem
676 3314 725 3351 tam
742 3319 807 3352 eom·
850 3321 902 3355 esse
916 3306 992 3354 rideri
1012 3313 1125 3369 poterat,
1141 3299 1210 3365 quod
1226 3297 1279 3367 jam
1297 3296 1361 3346 dixit

296 3380 366 3428 muni
396 3380 455 3428 odio
484 3381 624 3446 flagrantem
650 3399 702 3431 non
734 3399 807 3448 poete
850 3383 1000 3443 orator30ed
1014 3397 1064 3445 quo
1075 3381 1149 3442 huius
1157 3376 1296 3427 solitudinis
1308 3391 1362 3440 gra·

191 3498 193 3501 v
211 3470 215 3481 ¹
298 3476 384 3508 eorum
395 3462 522 3509 uutentiis
535 3461 638 3511 absolvi.
850 3465 912 3511 vitra
926 3461 1021 3525 plenius
1040 3469 1151 3518 constet,
1161 3459 1210 3520 jam
1224 3457 1362 3522 precipuos

333 3547 358 3595 4.
370 3540 481 3605 Assequr'.
491 3541 565 3591 Nulla
577 3559 609 3590 ex
622 3552 689 3606 parte
700 3540 809 3600 efficere,
853 3540 974 3589 fertilitate
990 3554 1060 3603 egros
1077 3548 1199 3598 recem,
1213 3536 1257 3601 qni
1270 3550 1362 3583 novum

297 3631 327 3669 ut
336 3630 431 3669 tanturn
439 3621 491 3685 agri
500 3633 631 3679 sereretur,
638 3633 755 3686 quantum
766 3637 809 3669 en·
853 3620 952 3686 pondua
963 3620 1039 3683 ipsius
1053 3618 1157 3683 querelis
1167 3617 1292 3679 adjiciant.
1371 3653 1375 3663 .

297 3701 389 3749 teneri
397 3699 566 3765 solebat,quia
576 3702 686 3767 fugerant
694 3714 808 3751 aratores.
889 3717 915 3761 ⁴7.
934 3698 998 3761 Alii,
1011 3698 1187 3764 Murgentinus.
1199 3698 1264 3744 tv.
1274 3698 1301 3742 1.

300 3779 365 3827 lnfrr
379 3782 421 3830 51.
889 3779 913 3826 8.
925 3777 991 3839 Alii,
1003 3776 1177 3828 Macharensis.
1199 3773 1361 3824 Dehlsooul.

335 3857 362 3905 5.
383 3859 450 3907 Post.
465 3862 596 3925 Postqmm
614 3861 640 3910 in
653 3877 679 3909 er
702 3868 809 3925 quator
853 3856 907 3905 lud.
920 3856 987 3905 nur.

301 3936 810 4000 luerem—VenissemJnVerreminqui·
889 3952 915 3999 9.
929 3938 1054 4001 Iugerum.
1069 3935 1146 3998 Qooe,
1164 3933 1220 3996 quia
1236 3930 1365 3979 trahentur

300 4013 371 4062 rendi
380 4030 459 4063 mun.
854 4024 936 4073 antea,
956 4015 1048 4080 optime
1065 4024 1134 4062 erant
1154 4012 1279 4070 dutinetr,
1298 4024 1364 4059 nuuc

333 4095 358 4143 6.
379 4093 525 4143 Herbitensis
546 4110 614 4159 ager.
638 4096 700 4143 Satis
718 4093 809 4142 dietum
856 4111 912 4143 vero
926 4094 1017 4143 inculta
1031 4091 1264 4152 eteonluujaeent.
