3116 4774
304 381 376 479 478
630 355 744 443 njr.
771 351 1054 442 crcs'noms

304 519 505 607 peratores,
530 494 723 568 mulierum
751 491 998 577 assentatoris,
1022 488 1219 585 cognitoris
1249 486 1371 559 vidua-

304 610 424 699 rum⁶,
444 606 643 681 defensoris
659 604 813 673 nimium
831 601 998 696 litigiosi,
1019 599 1152 669 conciti
1172 596 1218 668 ad
1236 599 1372 683 risam,

304 727 418 824 inepti
438 743 479 791 ac
497 716 596 789 stulti
612 717 707 784 inter
722 714 837 798 viros,
853 712 948 780 inter
960 708 1129 778 mulieres
1142 707 1249 804 periti
1260 706 1372 803 juris,

304 853 341 911 et
359 828 499 907 callidi:
518 825 612 896 hanc
630 844 821 921 personam
846 821 1024 917 imponite
1042 815 1209 904 AEbutio;
1225 817 1256 887 is
1273 818 1372 887 enim

303 942 495 1021 Caesenniae
514 935 581 1006 suit
599 931 776 1004 AEbutius.
794 932 846 1002 Ne
861 928 954 1000 sorte
969 928 1154 1026 quaeratis,
1175 950 1264 996 num
1284 951 1369 1025 pro·

304 1050 487 1158 pinquus?
512 1043 601 1116 nihil
624 1040 797 1113 alienius'r
806 1067 813 1110 :
832 1041 987 1125 amicus,
1008 1052 1071 1109 aut
1088 1062 1109 1108 a
1127 1052 1251 1136 patre,
1269 1051 1369 1107 auta

302 1171 381 1240 viro
405 1156 580 1235 traditus?
608 1150 699 1223 nihil
725 1153 855 1220 minus.
880 1150 970 1241 Quis
994 1148 1129 1244 igitur?
1154 1146 1236 1233 ille,
1259 1170 1370 1243 quem

304 1299 412 1375 supra
432 1266 654 1342 deformavi:
679 1260 902 1330 voluntarius
926 1259 1063 1328 amicus
1083 1255 1263 1344 mulieris,
1294 1278 1369 1325 uon

304 1378 567 1462 necessitudine
601 1372 741 1468 aliqua,
775 1367 954 1440 sedficto
983 1364 1105 1437 officio
1131 1365 1369 1463 simulataque

304 1494 492 1572 sedulitate
514 1482 750 1577 conjunctum
775 1480 889 1575 magis
909 1490 1118 1575 opportuna
1139 1499 1252 1574 opera
1278 1500 1368 1547 non·

304 1621 527 1698 numquam,
548 1615 657 1692 quam
680 1588 877 1688 aliquando
898 1585 1007 1659 fideli.

353 1716 476 1804 Quum
496 1718 607 1791 esset,
626 1716 667 1773 ut
686 1699 806 1771 dicere
824 1699 1071 1783 institueram,
1088 1697 1285 1766 constituta
1307 1720 1369 1766 au·

305 1828 377 1900 ctio
403 1825 544 1904 Rome,
570 1811 771 1885 suadebant
796 1811 906 1886 amici,
922 1808 1140 1907 cognatique
1161 1808 1370 1893 Caesenniae,

305 1938 344 2012 id
373 1929 474 2032 quod
502 1926 571 2024 ipsi
595 1945 745 2021 quoque
772 1918 915 1989 mulieri
941 1919 980 1987 in
1005 1929 1164 1987 mentem
1184 1912 1370 2002 veniebat;

306 2046 479 2148 quoniam
503 2049 660 2137 potestas
678 2044 770 2103 esset
788 2027 934 2101 emendi
951 2025 1105 2098 fundum
1125 2024 1226 2097 illum
1252 2024 1368 2094 Fulci-

306 2144 476 2236 nianum,
501 2150 565 2244 qui
591 2142 707 2215 fundo
733 2141 812 2237 ejus
838 2140 988 2234 antiquo
1020 2129 1237 2207 continens8
1260 2149 1370 2222 esset,

305 2246 443 2341 nullam
469 2283 546 2332 esse
577 2259 790 2339 rationem9,
819 2253 984 2322 amittere
1010 2243 1188 2342 ejusmodi
1215 2248 1371 2317 occasio·

305 2402 412 2463 nem;
434 2393 550 2470 quum
564 2364 760 2463 praesertim
780 2361 932 2459 pecunia
950 2383 994 2429 ex
1014 2359 1205 2456 partitione
1224 2355 1371 2426 debere·

307 2505 394 2561 tur:
420 2497 601 2573 nusquam
638 2495 714 2542 eam
749 2493 855 2568 posse
882 2468 1011 2539 melius
1037 2465 1217 2536 collocari.
1243 2468 1370 2560 ltaque

305 2592 437 2667 mulier
464 2584 581 2656 iacere
612 2580 810 2652 constituit.
841 2576 1012 2664 Mandat,
1043 2590 1085 2646 ut
1112 2572 1266 2645 fundum
1298 2572 1369 2644 sibi

306 2715 411 2779 emat.
434 2698 501 2811 (Jui
523 2690 696 2764 tandem?
722 2690 780 2761 cui
807 2689 965 2786 putatis?
986 2710 1033 2756 an
1059 2709 1134 2755 non
1152 2684 1191 2753 in
1210 2697 1368 2753 mentem

306 2911 372 2956 Sext
382 2906 456 2952 llore-
470 2909 605 2961 expressam
619 2892 676 2939 vitae
690 2887 815 2955 qnotidia-
855 2886 940 2952 pinxi.
950 2886 1016 2934 Male
1025 2884 1166 2946 Manutius,
1179 2899 1231 2932 non
1243 2882 1371 2948 descripsi,

303 3005 342 3039 nte
353 2984 483 3047 imaginem
498 2992 517 3024 ι-
525 2973 603 3039 poeffl
617 2970 660 3020 ait.
859 2978 902 3015 sut
920 2965 1061 3029 designavi,
1080 2964 1122 3011 sed
1143 2964 1270 3027 probrosis
1290 2961 1370 3010 verbis

340 3068 366 3115 6.
380 3055 517 3126 Cognitoris
530 3053 673 3100 viduarum.
689 3047 813 3114 Cognitor,
859 3046 1000 3095 deformari.
1009 3044 1072 3091 Nem
1081 3039 1221 3107 defiirmore
1228 3053 1265 3091 est
1273 3040 1369 3106 quidem

198 3205 202 3213 .
306 3146 349 3211 qni
370 3137 494 3206 praesentis
521 3130 648 3195 negotium
671 3142 814 3191 murumque
859 3126 992 3174 deformem
1005 3122 1106 3170 reddere
1118 3121 1370 3185 nonnumquamt'ir·
1474 3176 1476 3181 Ι

305 3220 426 3284 ιωοορίη
445 3221 605 3279 procurator,
629 3208 672 3270 qui
698 3205 812 3255 absentis.
858 3205 900 3269 git.
923 3204 1083 3251 «deformare
1110 3196 1243 3250 demoni».
1263 3201 1316 3249 Cio.
1339 3199 1369 3248 els
1545 3192 1546 3199 ¹

307 3298 461 3368 coquerem
483 3302 563 3339 sutem
582 3286 708 3335 AEbutinrn
728 3285 814 3334 Cicero
857 3285 1048 3348 Haruspllesp.
1064 3280 1228 3345 «Pompeiam
1242 3290 1369 3338 ornst,sn

305 3382 440 3434 viduarum
452 3388 497 3439 per
511 3367 716 3432 contemptionem
729 3364 814 3427 appel·
857 3364 941 3429 potins
955 3361 1093 3409 deformat?
1104 3382 1115 3403 ι
1129 3359 1177 3407 Sed
1191 3370 1270 3407 tameo
1283 3359 1369 3423 soepins

304 3465 358 3523 ln,
371 3455 440 3523 qussi
459 3451 585 3499 viduarum
602 3456 696 3494 tantum
718 3442 815 3506 negotis
858 3441 1032 3505 estdepingere
1041 3439 1183 3505 simpliciter
1191 3451 1215 3486 et
1227 3438 1369 3491 describere,

306 3543 455 3606 wipere„
480 3532 544 3579 inter
563 3542 623 3592 quas
641 3524 705 3572 solas
722 3523 814 3587 peritus
859 3520 985 3568 delineare.
1001 3519 1089 3565 Gsnv.

301 3624 365 3686 juri,
386 3629 411 3668 ει
432 3610 534 3663 callidus
551 3604 739 3662 existimaretur;
753 3612 781 3650 ut
794 3602 815 3649 si
894 3601 918 3647 8.
929 3595 1014 3644 ruodo
1027 3596 1130 3661 antiquo
1140 3594 1271 3644 continens.
1285 3592 1369 3643 Fando

305 3705 409 3756 dicem,
423 3688 605 3748 neminemque
615 3682 816 3751 omnemne,
859 3674 953 3737 dotali,
970 3690 1042 3739 quem
1056 3676 1156 3723 men'tns
1177 3691 1233 3724 cum
1252 3672 1311 3723 dote
1324 3688 1372 3720 nn·

305 3791 391 3845 prm„
405 3774 491 3824 viduas
507 3767 618 3817 mulieres
637 3762 775 3828 imperitas,
789 3771 813 3809 et
856 3768 947 3806 merats
960 3767 1117 3820 permutant.
1128 3757 1250 3803 Horrore.

304 3875 359 3922 qu,
367 3846 777 3915 hominemignorsrentdlorrors.
893 3855 922 3902 9.
934 3836 1036 3884 Nullam
1047 3850 1097 3883 esse
1110 3833 1248 3889 rationem,
1266 3842 1311 3881 etc.
1321 3832 1373 3879 De·

342 3953 366 3996 7.
379 3928 570 3984 Nttttattsnius.
585 3928 663 3976 Nemo
676 3923 756 3971 minus
770 3936 813 3968 co-
856 3916 941 3965 licium
952 3915 1086 3963 sermonis:
1109 3904 1371 3961 «nnllamtioestlroc

306 4013 421 4079 guntione
446 4024 498 4055 eam
523 4004 690 4068 contingebat.
712 4004 812 4050 rosen.
857 3995 970 4043 facere-z
987 3993 1055 4058 qnod
1072 4009 1119 4041 nos
1139 3992 1261 4056 vulgatius
1279 3990 1371 4039 dicere·

305 4123 340 4135 ...
361 4084 510 4145 Defirrmavt'.
532 4085 591 4142 Est,
614 4080 747 4142 descripsi,
768 4075 812 4121 de·
857 4088 924 4122 mus:
942 4071 1125 4135 «imprudentis
1144 4082 1170 4119 et
1189 4071 1259 4120 stulti
1272 4066 1372 4118 ertheo
