3016 4774
466 417 745 489 uxcnusns
777 421 858 490 xx.
1127 417 1196 518 599

106 535 342 603 commodius.
359 536 501 602 Historia
519 539 629 629 ignota
647 562 715 605 non
734 555 793 605 est.
812 539 940 607 Coecina
957 555 1087 624 autem,
1104 542 1195 631 quod

108 645 226 711 estin
244 642 438 732 qmbusdam
457 644 568 726 libris,
587 644 683 710 rideo
700 646 736 710 in
758 645 810 711 his
826 644 982 733 exemplis
1004 647 1113 712 locum
1137 649 1195 713 ba·

109 750 204 815 bere
220 772 288 816 uon
306 772 413 840 posse.
432 749 468 816 P.
489 750 612 817 Passa.
631 787 679 801 —
702 751 806 818 cinna
827 767 875 817 est
895 750 991 817 etiam
1013 752 1047 816 in
1071 754 1196 819 Erfurt.

114 855 237 922 Gur.

172 961 266 1028 Unde
283 959 395 1052 dejoeti
411 928 530 1027 Poeni?
547 962 589 1027 ab
605 964 697 1031 Urbe.
715 964 768 1030 Sic
781 964 873 1030 hunc
887 965 998 1030 locum
1018 963 1197 1033 emendavi.

114 1071 244 1161 Neque
254 1094 333 1137 vero
346 1071 485 1137 dubium
498 1089 562 1156 est,
579 1074 659 1163 quin
679 1076 722 1140 ita
738 1076 781 1140 sit
795 1075 970 1165 legendum
987 1098 996 1141 t
1014 1097 1090 1141 nam
1107 1074 1197 1163 quod

116 1177 179 1242 alii
196 1177 311 1268 legunt
328 1200 337 1243 ι
355 1177 474 1243 ·Unde
497 1177 642 1260 dejectus
662 1180 790 1245 Carbo?
808 1180 849 1245 ab
863 1181 953 1246 Urbe
970 1212 984 1237 ι
1001 1204 1009 1246 :
1024 1198 1150 1263 errant3
1167 1197 1201 1244 et

117 1281 220 1372 quod
239 1300 289 1348 est
304 1282 452 1373 gravius,
475 1282 509 1347 id
528 1272 652 1349 faciunt
670 1302 784 1351 contra
801 1284 900 1351 fidem
920 1286 1091 1352 historiae:
1110 1309 1201 1351 nunc

118 1404 238 1453 autem
254 1410 294 1453 ex
308 1386 364 1453 lib.
383 1386 496 1452 XXVI
521 1389 695 1454 Annalium
717 1391 757 1455 Τ.
777 1391 860 1455 Livii
875 1406 993 1456 notum
1016 1408 1083 1472 est,
1099 1391 1201 1456 Anni·

120 1493 235 1559 belem
251 1510 328 1583 post
345 1493 463 1557 multas
475 1493 646 1575 victorias,
667 1494 708 1559 ad
731 1495 865 1561 tertium
883 1497 929 1594 ab
946 1498 1035 1563 Urbe
1056 1497 1199 1587 lapidem

122 1620 227 1688 supra
244 1599 405 1663 Anienem
427 1615 529 1663 castra
544 1599 692 1688 posuisse
709 1600 840 1688 :ipsum
862 1625 937 1667 cum
956 1601 1087 1669 duobus
1111 1603 1205 1692 equi«

123 1720 200 1769 tum
226 1726 278 1771 cro
297 1727 403 1793 usque
418 1703 460 1770 ud
475 1722 603 1794 portam
621 1707 783 1796 Capenam
809 1707 1029 1795 obequitasse,
1049 1725 1088 1774 ut
1109 1710 1202 1775 urbis

124 1813 229 1877 situm
243 1814 425 1902 exploraret
441 1836 450 1879 ε
465 1811 542 1878 inde
558 1827 671 1902 postea
688 1835 707 1877 a
722 1812 769 1878 Μ.
784 1812 938 1878 Marcello
956 1814 1078 1880 rictum
1095 1838 1202 1881 reces-

125 1919 207 1984 sisse
222 1943 231 1985 :
248 1919 398 1985 deindea
415 1919 460 1985 M.
476 1919 585 2002 Livio,
597 1937 632 1985 et
643 1917 779 1985 Claudio
794 1918 943 2002 Nerone,
956 1918 1137 1986 Asdrubale
1154 1923 1204 1986 in·

126 2025 291 2109 tercluso,
306 2041 340 2091 et
356 2040 528 2115 superato,
542 2046 675 2090 omnem
695 2048 786 2114 spem
801 2024 900 2089 Italiae
916 2023 1101 2090 obtinendas
1115 2026 1203 2107 abje-

127 2129 210 2195 cisse
218 2152 226 2195 ε
235 2148 402 2220 postremo
412 2132 454 2197 ab
464 2131 541 2222 ipsis
547 2130 876 2219 Carthaginensibus,
888 2130 1040 2220 Scipione
1052 2131 1203 2197 secundis

127 2236 245 2324 preliis
261 2254 295 2301 et
308 2238 450 2303 victoriis
462 2259 517 2302 eos
530 2251 681 2324 urgente,
694 2252 728 2300 et
737 2235 779 2300 ad
792 2232 1054 2323 desperationem
1065 2253 1200 2326 agente,

128 2364 169 2406 ex
179 2341 269 2408 ltalia
283 2360 472 2409 revocatum
485 2365 555 2408 esse
570 2365 578 2407 :
592 2363 747 2429 annoque
761 2340 890 2406 decimo
904 2358 1012 2424 sexto,
1029 2359 1203 2432 postquam

128 2463 276 2532 venerat,
297 2472 338 2515 ex
360 2450 453 2515 Italia
476 2447 699 2514 discedentem
722 2448 757 2512 in
774 2448 916 2513 Africam
939 2448 1110 2530 trajecisse.
1132 2450 1204 2514 Iam

129 2574 223 2638 vero,
237 2554 329 2644 quod
340 2556 440 2644 vulgo
457 2553 577 2643 legitur
591 2552 668 2618 hic:
684 2552 808 2618 «Unde
822 2551 966 2635 dejecisti
978 2554 992 2619 P
1003 2587 1016 2613 »
1027 2556 1102 2620 ferri
1113 2555 1204 2620 nullo

131 2659 231 2725 modo
246 2675 364 2748 potest.
379 2661 522 2725 Liusrn.
905 2729 907 2732 ,

178 2764 268 2831 Unde
285 2761 425 2854 depectus
447 2762 563 2830 Carbo.
588 2762 710 2829 «Unde
726 2762 843 2846 dejecti
861 2764 1068 2845 Samnites»,
1084 2764 1205 2831 Pantu-

134 2869 257 2961 gathus.
274 2871 313 2935 F.
325 2870 443 2936 Uusrn.
671 2960 674 2963 Χ

178 2976 268 3043 Unde
278 2975 417 3067 dejectus
431 2974 565 3042 Carbo?
578 2976 621 3040 ab
635 2976 726 3043 Urbe.
746 2976 784 3039 ln
802 2974 893 3039 libris
905 2975 1069 3064 impressis
1086 2998 1105 3039 a
1122 2977 1206 3042 Rob.

136 3082 315 3172 Stephano,
330 3097 492 3173 etpostea
508 3104 527 3146 a
543 3081 659 3147 Carolo
671 3081 757 3146 illius
773 3081 872 3146 fratre
884 3103 945 3171 pro
957 3080 1009 3145 his
1021 3081 1130 3146 verbis
1140 3098 1209 3165 est,

138 3187 248 3253 «unde
265 3186 410 3268 dejecisti
426 3187 468 3252 ab
485 3186 620 3252 Urbei»
634 3200 788 3275 corrupte
807 3208 822 3263 r,
836 3206 935 3249 nemo
952 3201 1063 3275 neget,
1084 3186 1142 3252 sed
1162 3204 1209 3254 ta·

138 3316 210 3359 men
222 3316 322 3382 quam
334 3294 391 3358 lon
414 3316 433 3358 e
448 3293 489 3359 ab
502 3293 581 3376 illis,
598 3323 611 3350 ι
622 3290 712 3356 unde
724 3289 867 3373 dejectus
884 3291 1038 3356 Carbo?-
1049 3294 1145 3358 Certe
1155 3294 1209 3361 vix

138 3420 229 3490 posse
242 3396 373 3463 ridetur
410 3398 417 3413 '
437 3398 518 3464 toria
535 3396 576 3463 de
587 3398 736 3463 Carbone
753 3398 809 3463 hic
826 3398 1011 3463 convenire.
1031 3398 1209 3467 Lambinus

139 3505 266 3586 conjicit
288 3503 482 3594 legendum,
502 3534 515 3561 ι
529 3503 619 3569 unde
635 3503 752 3586 dejecti
768 3504 883 3569 Poeni?
900 3504 941 3569 ab
961 3503 1049 3569 Urbe
1057 3536 1080 3570 ι.
1097 3507 1211 3594 Longe

140 3609 256 3676 recedit
270 3632 289 3675 a
305 3610 474 3699 scripum.
491 3610 608 3699 Neque
621 3625 730 3674 tamen
744 3608 886 3674 Annibal
901 3625 959 3673 ant
972 3610 1140 3698 repulsus,
1154 3627 1211 3675 aut

141 3718 263 3808 fugatus
278 3716 388 3782 elocis
403 3732 472 3781 tam.
486 3715 679 3805 propinquis
695 3715 803 3797 urbis,
820 3731 919 3804 atque
932 3715 1132 3804 Tarquinius
1146 3715 1209 3781 Su·

141 3825 266 3913 petbus.
281 3822 385 3889 Video
397 3822 487 3914 apud
498 3825 626 3889 Livium
634 3871 645 3906 ,
653 3821 848 3912 «Tarquinio
861 3822 977 3888 clausae
989 3838 1091 3911 portas
1100 3854 1130 3906 »,
1142 3845 1210 3912 quo

144 3944 286 4019 ternpore
306 3953 363 3996 rex
388 3952 559 4010 romanus,
577 3926 747 4016 quomodo
764 3927 878 3993 Cicero
907 3927 962 3992 hic
983 3925 1145 4010 dejecnsm
1167 3929 1209 3993 ab

144 4035 226 4100 Urbe
241 4035 311 4099 vult
323 4037 476 4128 intelligi,
494 4052 581 4102 certe
592 4035 633 4102 ab
642 4034 724 4101 urbe
741 4034 885 4117 dejectus
901 4051 968 4118 est3
983 4034 1044 4100 nisi
1059 4037 1131 4125 quis
1145 4059 1214 4100 ma·
