<?xml version="1.0" encoding="UTF-8"?>
<!DOCTYPE html PUBLIC "-//W3C//DTD XHTML 1.0 Transitional//EN"
    "http://www.w3.org/TR/xhtml1/DTD/xhtml1-transitional.dtd">
<html xmlns="http://www.w3.org/1999/xhtml" xml:lang="en" lang="en">
 <head>
  <title>
</title>
<meta http-equiv="Content-Type" content="text/html;charset=utf-8" />
  <meta name='ocr-system' content='tesseract 3.04.00' />
  <meta name='ocr-capabilities' content='ocr_page ocr_carea ocr_par ocr_line ocrx_word'/>
</head>
<body>
  <div class='ocr_page' id='page_1' title='image "./mtciceronisquae00bouigoog/mtciceronisquae00bouigoog_0746.png"; bbox 0 0 3054 4772; ppageno 0'>
   <div class='ocr_carea' id='block_1_1' title="bbox 349 364 1216 475">
    <p class='ocr_par' dir='ltr' id='par_1_1' title="bbox 349 364 1216 475">
     <span class='ocr_line' id='line_1_1' title="bbox 349 364 1216 475; baseline -0.002 -12"><span class='ocrx_word' id='word_1_1' title='bbox 349 393 540 475; x_wconf 71' lang='lat' dir='ltr'><strong>ortano</strong></span> <span class='ocrx_word' id='word_1_2' title='bbox 564 394 664 462; x_wconf 84' lang='lat' dir='ltr'><strong>rao</strong></span> <span class='ocrx_word' id='word_1_3' title='bbox 687 389 748 462; x_wconf 80' lang='lat' dir='ltr'><strong>nr.</strong></span> <span class='ocrx_word' id='word_1_4' title='bbox 773 364 1011 463; x_wconf 54' lang='lat' dir='ltr'><strong>ruarmo,</strong></span> <span class='ocrx_word' id='word_1_5' title='bbox 1144 385 1216 461; x_wconf 80' lang='grc'><strong>665</strong></span> 
     </span>
    </p>
   </div>
   <div class='ocr_carea' id='block_1_2' title="bbox 152 508 1319 2366">
    <p class='ocr_par' dir='ltr' id='par_1_2' title="bbox 152 508 1319 1264">
     <span class='ocr_line' id='line_1_2' title="bbox 152 508 1222 611; baseline -0.007 -23"><span class='ocrx_word' id='word_1_6' title='bbox 152 513 417 588; x_wconf 67' lang='lat' dir='ltr'>Asculanorum</span> <span class='ocrx_word' id='word_1_7' title='bbox 438 536 588 602; x_wconf 87' lang='lat' dir='ltr'><strong>manus,</strong></span> <span class='ocrx_word' id='word_1_8' title='bbox 601 539 622 585; x_wconf 88' lang='lat' dir='ltr'><strong>a</strong></span> <span class='ocrx_word' id='word_1_9' title='bbox 636 537 709 611; x_wconf 89' lang='lat' dir='ltr'><strong>qua</strong></span> <span class='ocrx_word' id='word_1_10' title='bbox 722 510 932 584; x_wconf 79' lang='lat' dir='ltr'><strong>interfectus</strong></span> <span class='ocrx_word' id='word_1_11' title='bbox 942 526 1013 599; x_wconf 84' lang='lat' dir='ltr'><strong>est,</strong></span> <span class='ocrx_word' id='word_1_12' title='bbox 1028 508 1092 584; x_wconf 90' lang='lat' dir='ltr'><strong>sed</strong></span> <span class='ocrx_word' id='word_1_13' title='bbox 1101 524 1222 582; x_wconf 91' lang='lat' dir='ltr'><strong>totum</strong></span> 
     </span>
     <span class='ocr_line' id='line_1_3' title="bbox 154 618 1221 721; baseline -0.005 -23"><span class='ocrx_word' id='word_1_14' title='bbox 154 625 245 699; x_wconf 88' lang='lat' dir='ltr'><strong>illud</strong></span> <span class='ocrx_word' id='word_1_15' title='bbox 267 623 404 697; x_wconf 76' lang='lat' dir='ltr'>Sociale</span> <span class='ocrx_word' id='word_1_16' title='bbox 426 622 590 721; x_wconf 67' lang='lat' dir='ltr'><strong>bellant</strong></span> <span class='ocrx_word' id='word_1_17' title='bbox 615 622 754 695; x_wconf 86' lang='lat' dir='ltr'><strong>macula</strong></span> <span class='ocrx_word' id='word_1_18' title='bbox 777 623 919 696; x_wconf 88' lang='lat' dir='ltr'><strong>sceleris</strong></span> <span class='ocrx_word' id='word_1_19' title='bbox 938 618 1123 693; x_wconf 88' lang='lat' dir='ltr'><strong>imbutum</strong></span> <span class='ocrx_word' id='word_1_20' title='bbox 1148 636 1221 709; x_wconf 86' lang='lat' dir='ltr'><strong>est;</strong></span> 
     </span>
     <span class='ocr_line' id='line_1_4' title="bbox 154 715 1319 836; baseline -0.006 -29"><span class='ocrx_word' id='word_1_21' title='bbox 154 751 342 836; x_wconf 85' lang='lat' dir='ltr'><strong>postremo</strong></span> <span class='ocrx_word' id='word_1_22' title='bbox 364 737 458 832; x_wconf 90' lang='lat' dir='ltr'><strong>ipse,</strong></span> <span class='ocrx_word' id='word_1_23' title='bbox 477 758 592 831; x_wconf 89' lang='lat' dir='ltr'><strong>quum</strong></span> <span class='ocrx_word' id='word_1_24' title='bbox 610 737 649 805; x_wconf 92' lang='lat' dir='ltr'><strong>in</strong></span> <span class='ocrx_word' id='word_1_25' title='bbox 668 733 839 809; x_wconf 83' lang='lat' dir='ltr'><strong>omnibus</strong></span> <span class='ocrx_word' id='word_1_26' title='bbox 863 735 945 804; x_wconf 82' lang='lat' dir='ltr'><strong>vitae</strong></span> <span class='ocrx_word' id='word_1_27' title='bbox 970 730 1134 831; x_wconf 88' lang='lat' dir='ltr'><strong>partibus</strong></span> <span class='ocrx_word' id='word_1_28' title='bbox 1152 730 1221 801; x_wconf 92' lang='lat' dir='ltr'><strong>ho·</strong></span> <span class='ocrx_word' id='word_1_29' title='bbox 1311 715 1319 732; x_wconf 70' lang='grc'><strong>’</strong></span> 
     </span>
     <span class='ocr_line' id='line_1_5' title="bbox 154 840 1222 943; baseline -0.006 -26"><span class='ocrx_word' id='word_1_30' title='bbox 154 840 280 919; x_wconf 80' lang='lat' dir='ltr'><strong>noetus</strong></span> <span class='ocrx_word' id='word_1_31' title='bbox 297 860 406 943; x_wconf 86' lang='lat' dir='ltr'><strong>atque</strong></span> <span class='ocrx_word' id='word_1_32' title='bbox 420 847 577 942; x_wconf 84' lang='lat' dir='ltr'><strong>integer,</strong></span> <span class='ocrx_word' id='word_1_33' title='bbox 599 860 678 916; x_wconf 90' lang='lat' dir='ltr'><strong>tum</strong></span> <span class='ocrx_word' id='word_1_34' title='bbox 690 847 728 914; x_wconf 92' lang='lat' dir='ltr'><strong>in</strong></span> <span class='ocrx_word' id='word_1_35' title='bbox 745 869 785 916; x_wconf 92' lang='lat' dir='ltr'><strong>re</strong></span> <span class='ocrx_word' id='word_1_36' title='bbox 802 845 946 916; x_wconf 86' lang='lat' dir='ltr'><strong>militari</strong></span> <span class='ocrx_word' id='word_1_37' title='bbox 958 867 1073 941; x_wconf 89' lang='lat' dir='ltr'><strong>quum</strong></span> <span class='ocrx_word' id='word_1_38' title='bbox 1089 840 1222 913; x_wconf 85' lang='lat' dir='ltr'><strong>summi</strong></span> 
     </span>
     <span class='ocr_line' id='line_1_6' title="bbox 154 951 1220 1051; baseline -0.004 -24"><span class='ocrx_word' id='word_1_39' title='bbox 154 955 296 1028; x_wconf 85' lang='lat' dir='ltr'><strong>consilii</strong></span> <span class='ocrx_word' id='word_1_40' title='bbox 314 969 349 1026; x_wconf 89' lang='lat' dir='ltr'><strong>et</strong></span> <span class='ocrx_word' id='word_1_41' title='bbox 365 956 511 1026; x_wconf 83' lang='lat' dir='ltr'><strong>maximi</strong></span> <span class='ocrx_word' id='word_1_42' title='bbox 528 957 654 1045; x_wconf 87' lang='lat' dir='ltr'><strong>animi,</strong></span> <span class='ocrx_word' id='word_1_43' title='bbox 678 969 757 1025; x_wconf 89' lang='lat' dir='ltr'><strong>tum</strong></span> <span class='ocrx_word' id='word_1_44' title='bbox 779 979 866 1027; x_wconf 90' lang='lat' dir='ltr'><strong>vero</strong></span> <span class='ocrx_word' id='word_1_45' title='bbox 886 979 955 1027; x_wconf 90' lang='lat' dir='ltr'><strong>usu</strong></span> <span class='ocrx_word' id='word_1_46' title='bbox 973 977 1122 1051; x_wconf 90' lang='lat' dir='ltr'><strong>quoque</strong></span> <span class='ocrx_word' id='word_1_47' title='bbox 1141 951 1220 1024; x_wconf 90' lang='lat' dir='ltr'><strong>bel·</strong></span> 
     </span>
     <span class='ocr_line' id='line_1_7' title="bbox 155 1063 1224 1169; baseline -0.004 -32"><span class='ocrx_word' id='word_1_48' title='bbox 155 1066 275 1137; x_wconf 90' lang='lat' dir='ltr'><strong>lorum</strong></span> <span class='ocrx_word' id='word_1_49' title='bbox 299 1063 541 1164; x_wconf 83' lang='lat' dir='ltr'><strong>gerendorum</strong></span> <span class='ocrx_word' id='word_1_50' title='bbox 569 1068 607 1136; x_wconf 90' lang='lat' dir='ltr'><strong>in</strong></span> <span class='ocrx_word' id='word_1_51' title='bbox 631 1066 758 1169; x_wconf 85' lang='lat' dir='ltr'><strong>primis</strong></span> <span class='ocrx_word' id='word_1_52' title='bbox 777 1089 905 1138; x_wconf 87' lang='lat' dir='ltr'><strong>eorum</strong></span> <span class='ocrx_word' id='word_1_53' title='bbox 924 1064 1134 1152; x_wconf 89' lang='lat' dir='ltr'><strong>hominum,</strong></span> <span class='ocrx_word' id='word_1_54' title='bbox 1156 1063 1224 1159; x_wconf 89' lang='lat' dir='ltr'><strong>qui</strong></span> 
     </span>
     <span class='ocr_line' id='line_1_8' title="bbox 154 1171 650 1264; baseline -0.004 -17"><span class='ocrx_word' id='word_1_55' title='bbox 154 1200 254 1248; x_wconf 87' lang='lat' dir='ltr'><strong>nunc</strong></span> <span class='ocrx_word' id='word_1_56' title='bbox 274 1190 376 1264; x_wconf 86' lang='lat' dir='ltr'><strong>sunt,</strong></span> <span class='ocrx_word' id='word_1_57' title='bbox 394 1177 610 1247; x_wconf 85' lang='lat' dir='ltr'><strong>exercitatus</strong></span> <span class='ocrx_word' id='word_1_58' title='bbox 623 1171 650 1245; x_wconf 84' lang='lat'><strong>⁵.</strong></span> 
     </span>
    </p>

    <p class='ocr_par' dir='ltr' id='par_1_3' title="bbox 154 1281 1247 2366">
     <span class='ocr_line' id='line_1_9' title="bbox 201 1281 1222 1379; baseline -0.006 -22"><span class='ocrx_word' id='word_1_59' title='bbox 201 1288 329 1357; x_wconf 86' lang='lat' dir='ltr'>XVIII.</span> <span class='ocrx_word' id='word_1_60' title='bbox 358 1286 496 1374; x_wconf 84' lang='lat' dir='ltr'><strong>Quare,</strong></span> <span class='ocrx_word' id='word_1_61' title='bbox 517 1286 547 1354; x_wconf 91' lang='lat' dir='ltr'><strong>si</strong></span> <span class='ocrx_word' id='word_1_62' title='bbox 564 1286 672 1356; x_wconf 88' lang='lat' dir='ltr'><strong>etiam</strong></span> <span class='ocrx_word' id='word_1_63' title='bbox 693 1284 870 1361; x_wconf 87' lang='lat' dir='ltr'><strong>monendi</strong></span> <span class='ocrx_word' id='word_1_64' title='bbox 894 1285 999 1371; x_wconf 85' lang='lat' dir='ltr'><strong>estis,</strong></span> <span class='ocrx_word' id='word_1_65' title='bbox 1022 1281 1179 1379; x_wconf 88' lang='lat' dir='ltr'><strong>judices,</strong></span> <span class='ocrx_word' id='word_1_66' title='bbox 1200 1305 1222 1351; x_wconf 89' lang='lat' dir='ltr'><strong>a</strong></span> 
     </span>
     <span class='ocr_line' id='line_1_10' title="bbox 155 1377 1221 1492; baseline -0.005 -27"><span class='ocrx_word' id='word_1_67' title='bbox 155 1403 253 1482; x_wconf 86' lang='lat' dir='ltr'><strong>me¹,</strong></span> <span class='ocrx_word' id='word_1_68' title='bbox 276 1393 377 1492; x_wconf 91' lang='lat' dir='ltr'><strong>quod</strong></span> <span class='ocrx_word' id='word_1_69' title='bbox 405 1395 607 1481; x_wconf 89' lang='lat' dir='ltr'><strong>nonestis,</strong></span> <span class='ocrx_word' id='word_1_70' title='bbox 633 1394 760 1467; x_wconf 85' lang='lat' dir='ltr'><strong>videor</strong></span> <span class='ocrx_word' id='word_1_71' title='bbox 789 1377 860 1467; x_wconf 85' lang='lat' dir='ltr'><strong>hoc</strong></span> <span class='ocrx_word' id='word_1_72' title='bbox 888 1394 1016 1465; x_wconf 84' lang='lat' dir='ltr'><strong>leviter</strong></span> <span class='ocrx_word' id='word_1_73' title='bbox 1042 1415 1112 1489; x_wconf 91' lang='lat' dir='ltr'><strong>pro</strong></span> <span class='ocrx_word' id='word_1_74' title='bbox 1140 1414 1221 1461; x_wconf 86' lang='lat' dir='ltr'><strong>mea</strong></span> 
     </span>
     <span class='ocr_line' id='line_1_11' title="bbox 155 1501 1223 1601; baseline -0.003 -26"><span class='ocrx_word' id='word_1_75' title='bbox 155 1506 367 1575; x_wconf 87' lang='lat' dir='ltr'><strong>auctoritate</strong></span> <span class='ocrx_word' id='word_1_76' title='bbox 393 1501 498 1574; x_wconf 79' lang='lat' dir='ltr'><strong>vobis</strong></span> <span class='ocrx_word' id='word_1_77' title='bbox 518 1503 713 1601; x_wconf 84' lang='lat' dir='ltr'><strong>praecipere</strong></span> <span class='ocrx_word' id='word_1_78' title='bbox 743 1506 869 1601; x_wconf 88' lang='lat' dir='ltr'><strong>posse,</strong></span> <span class='ocrx_word' id='word_1_79' title='bbox 890 1517 933 1575; x_wconf 91' lang='lat' dir='ltr'><strong>ut</strong></span> <span class='ocrx_word' id='word_1_80' title='bbox 959 1528 1003 1574; x_wconf 80' lang='lat' dir='ltr'><strong>ex</strong></span> <span class='ocrx_word' id='word_1_81' title='bbox 1025 1527 1070 1574; x_wconf 92' lang='lat' dir='ltr'><strong>eo</strong></span> <span class='ocrx_word' id='word_1_82' title='bbox 1093 1524 1223 1600; x_wconf 84' lang='lat' dir='ltr'><strong>genere</strong></span> 
     </span>
     <span class='ocr_line' id='line_1_12' title="bbox 156 1609 1247 1710; baseline -0.009 -25"><span class='ocrx_word' id='word_1_83' title='bbox 156 1611 344 1699; x_wconf 84' lang='lat' dir='ltr'><strong>homines,</strong></span> <span class='ocrx_word' id='word_1_84' title='bbox 366 1636 524 1709; x_wconf 88' lang='lat' dir='ltr'><strong>quorum</strong></span> <span class='ocrx_word' id='word_1_85' title='bbox 541 1613 685 1710; x_wconf 83' lang='lat' dir='ltr'><strong>cognita</strong></span> <span class='ocrx_word' id='word_1_86' title='bbox 706 1614 838 1701; x_wconf 89' lang='lat' dir='ltr'><strong>virtus,</strong></span> <span class='ocrx_word' id='word_1_87' title='bbox 859 1614 1053 1699; x_wconf 90' lang='lat' dir='ltr'><strong>industria,</strong></span> <span class='ocrx_word' id='word_1_88' title='bbox 1076 1609 1247 1683; x_wconf 77' lang='lat' dir='ltr'><strong>felicitas.</strong></span> 
     </span>
     <span class='ocr_line' id='line_1_13' title="bbox 155 1721 1224 1823; baseline -0.004 -29"><span class='ocrx_word' id='word_1_89' title='bbox 155 1725 193 1794; x_wconf 90' lang='lat' dir='ltr'><strong>in</strong></span> <span class='ocrx_word' id='word_1_90' title='bbox 212 1748 252 1795; x_wconf 91' lang='lat' dir='ltr'><strong>re</strong></span> <span class='ocrx_word' id='word_1_91' title='bbox 275 1722 420 1794; x_wconf 89' lang='lat' dir='ltr'><strong>militari</strong></span> <span class='ocrx_word' id='word_1_92' title='bbox 438 1723 502 1811; x_wconf 93' lang='lat' dir='ltr'><strong>sit,</strong></span> <span class='ocrx_word' id='word_1_93' title='bbox 528 1721 718 1823; x_wconf 83' lang='lat' dir='ltr'><strong>diligenter</strong></span> <span class='ocrx_word' id='word_1_94' title='bbox 741 1721 848 1794; x_wconf 89' lang='lat' dir='ltr'><strong>vobis</strong></span> <span class='ocrx_word' id='word_1_95' title='bbox 869 1721 1080 1794; x_wconf 84' lang='lat' dir='ltr'><strong>retinendos</strong></span> <span class='ocrx_word' id='word_1_96' title='bbox 1104 1722 1224 1792; x_wconf 85' lang='lat' dir='ltr'><strong>existi·</strong></span> 
     </span>
     <span class='ocr_line' id='line_1_14' title="bbox 154 1831 1223 1927; baseline -0.002 -24"><span class='ocrx_word' id='word_1_97' title='bbox 154 1833 272 1904; x_wconf 88' lang='lat' dir='ltr'><strong>metis.</strong></span> <span class='ocrx_word' id='word_1_98' title='bbox 297 1836 379 1903; x_wconf 84' lang='lat' dir='ltr'>Fuit</span> <span class='ocrx_word' id='word_1_99' title='bbox 399 1832 497 1906; x_wconf 87' lang='lat' dir='ltr'><strong>enim</strong></span> <span class='ocrx_word' id='word_1_100' title='bbox 521 1831 663 1927; x_wconf 81' lang='lat' dir='ltr'><strong>major²</strong></span> <span class='ocrx_word' id='word_1_101' title='bbox 691 1832 817 1903; x_wconf 86' lang='lat' dir='ltr'><strong>talium</strong></span> <span class='ocrx_word' id='word_1_102' title='bbox 839 1833 1002 1903; x_wconf 85' lang='lat' dir='ltr'><strong>virorum</strong></span> <span class='ocrx_word' id='word_1_103' title='bbox 1020 1835 1058 1902; x_wconf 87' lang='lat' dir='ltr'><strong>in</strong></span> <span class='ocrx_word' id='word_1_104' title='bbox 1080 1831 1147 1903; x_wconf 91' lang='lat' dir='ltr'><strong>hac</strong></span> <span class='ocrx_word' id='word_1_105' title='bbox 1166 1855 1223 1902; x_wconf 91' lang='lat' dir='ltr'><strong>re·</strong></span> 
     </span>
     <span class='ocr_line' id='line_1_15' title="bbox 155 1940 1223 2041; baseline -0.003 -28"><span class='ocrx_word' id='word_1_106' title='bbox 155 1940 302 2041; x_wconf 85' lang='lat' dir='ltr'><strong>publica</strong></span> <span class='ocrx_word' id='word_1_107' title='bbox 319 1942 423 2040; x_wconf 83' lang='lat' dir='ltr'><strong>copia</strong></span> <span class='ocrx_word' id='word_1_108' title='bbox 446 1967 455 2011; x_wconf 71' lang='grc' dir='ltr'><strong><em>ε</em></strong></span> <span class='ocrx_word' id='word_1_109' title='bbox 481 1966 562 2039; x_wconf 86' lang='lat' dir='ltr'><strong>quae</strong></span> <span class='ocrx_word' id='word_1_110' title='bbox 583 1966 699 2038; x_wconf 90' lang='lat' dir='ltr'><strong>quum</strong></span> <span class='ocrx_word' id='word_1_111' title='bbox 724 1955 835 2027; x_wconf 85' lang='lat' dir='ltr'><strong>esset,</strong></span> <span class='ocrx_word' id='word_1_112' title='bbox 860 1954 980 2013; x_wconf 87' lang='lat' dir='ltr'><strong>tamen</strong></span> <span class='ocrx_word' id='word_1_113' title='bbox 1002 1964 1129 2012; x_wconf 89' lang='lat' dir='ltr'><strong>eorum</strong></span> <span class='ocrx_word' id='word_1_114' title='bbox 1147 1965 1223 2010; x_wconf 89' lang='lat' dir='ltr'><strong>non</strong></span> 
     </span>
     <span class='ocr_line' id='line_1_16' title="bbox 156 2049 1224 2140; baseline -0.001 -19"><span class='ocrx_word' id='word_1_115' title='bbox 156 2049 267 2122; x_wconf 90' lang='lat' dir='ltr'><strong>modo</strong></span> <span class='ocrx_word' id='word_1_116' title='bbox 287 2052 414 2138; x_wconf 88' lang='lat' dir='ltr'><strong>saluti,</strong></span> <span class='ocrx_word' id='word_1_117' title='bbox 440 2049 503 2122; x_wconf 87' lang='lat' dir='ltr'><strong>sed</strong></span> <span class='ocrx_word' id='word_1_118' title='bbox 529 2051 639 2122; x_wconf 87' lang='lat' dir='ltr'><strong>etiam</strong></span> <span class='ocrx_word' id='word_1_119' title='bbox 662 2050 794 2122; x_wconf 89' lang='lat' dir='ltr'><strong>honori</strong></span> <span class='ocrx_word' id='word_1_120' title='bbox 823 2049 1093 2122; x_wconf 83' lang='lat' dir='ltr'><strong>consulebatur.</strong></span> <span class='ocrx_word' id='word_1_121' title='bbox 1125 2049 1224 2140; x_wconf 87' lang='lat' dir='ltr'><strong>Quid</strong></span> 
     </span>
     <span class='ocr_line' id='line_1_17' title="bbox 156 2158 1225 2258; baseline -0.003 -26"><span class='ocrx_word' id='word_1_122' title='bbox 156 2185 257 2233; x_wconf 87' lang='lat' dir='ltr'><strong>nunc</strong></span> <span class='ocrx_word' id='word_1_123' title='bbox 278 2158 382 2232; x_wconf 86' lang='lat' dir='ltr'><strong>vobis</strong></span> <span class='ocrx_word' id='word_1_124' title='bbox 407 2158 612 2232; x_wconf 83' lang='lat' dir='ltr'><strong>laciendum</strong></span> <span class='ocrx_word' id='word_1_125' title='bbox 637 2175 708 2248; x_wconf 89' lang='lat' dir='ltr'><strong>est,</strong></span> <span class='ocrx_word' id='word_1_126' title='bbox 733 2159 860 2233; x_wconf 88' lang='lat' dir='ltr'><strong>studiis</strong></span> <span class='ocrx_word' id='word_1_127' title='bbox 887 2159 1102 2232; x_wconf 87' lang='lat' dir='ltr'><strong>militaribus</strong></span> <span class='ocrx_word' id='word_1_128' title='bbox 1126 2158 1225 2258; x_wconf 92' lang='lat' dir='ltr'><strong>apud</strong></span> 
     </span>
     <span class='ocr_line' id='line_1_18' title="bbox 155 2268 1224 2366; baseline 0.001 -26"><span class='ocrx_word' id='word_1_129' title='bbox 155 2270 383 2366; x_wconf 85' lang='lat' dir='ltr'><strong>juventutem</strong></span> <span class='ocrx_word' id='word_1_130' title='bbox 397 2269 589 2357; x_wconf 82' lang='lat' dir='ltr'><strong>obsoletis3</strong></span> <span class='ocrx_word' id='word_1_131' title='bbox 612 2269 821 2342; x_wconf 91' lang='lat' dir='ltr'><strong>hominibus</strong></span> <span class='ocrx_word' id='word_1_132' title='bbox 838 2285 959 2343; x_wconf 86' lang='lat' dir='ltr'><strong>autem</strong></span> <span class='ocrx_word' id='word_1_133' title='bbox 970 2268 999 2356; x_wconf 74' lang='lat'><strong>³,</strong></span> <span class='ocrx_word' id='word_1_134' title='bbox 1017 2295 1058 2342; x_wconf 91' lang='lat' dir='ltr'><strong>ac</strong></span> <span class='ocrx_word' id='word_1_135' title='bbox 1074 2272 1224 2341; x_wconf 87' lang='lat' dir='ltr'><strong>summis</strong></span> 
     </span>
    </p>
   </div>
   <div class='ocr_carea' id='block_1_3' title="bbox 155 2379 1250 2916">
    <p class='ocr_par' dir='ltr' id='par_1_4' title="bbox 155 2379 1250 2916">
     <span class='ocr_line' id='line_1_19' title="bbox 155 2379 1225 2478; baseline 0 -26"><span class='ocrx_word' id='word_1_136' title='bbox 155 2379 310 2453; x_wconf 87' lang='lat' dir='ltr'><strong>ducibus</strong></span> <span class='ocrx_word' id='word_1_137' title='bbox 329 2381 461 2477; x_wconf 89' lang='lat' dir='ltr'><strong>partim</strong></span> <span class='ocrx_word' id='word_1_138' title='bbox 480 2394 601 2467; x_wconf 65' lang='lat' dir='ltr'><strong>aetate,</strong></span> <span class='ocrx_word' id='word_1_139' title='bbox 625 2383 756 2478; x_wconf 83' lang='lat' dir='ltr'><strong>partim</strong></span> <span class='ocrx_word' id='word_1_140' title='bbox 780 2383 932 2454; x_wconf 88' lang='lat' dir='ltr'><strong>civitatis</strong></span> <span class='ocrx_word' id='word_1_141' title='bbox 949 2379 1161 2453; x_wconf 69' lang='lat' dir='ltr'><strong>discordiisl</strong></span> <span class='ocrx_word' id='word_1_142' title='bbox 1182 2405 1225 2453; x_wconf 91' lang='lat' dir='ltr'><strong>ac</strong></span> 
     </span>
     <span class='ocr_line' id='line_1_20' title="bbox 156 2486 1227 2589; baseline 0.004 -31"><span class='ocrx_word' id='word_1_143' title='bbox 156 2486 363 2585; x_wconf 86' lang='lat' dir='ltr'><strong>reipublicae</strong></span> <span class='ocrx_word' id='word_1_144' title='bbox 375 2487 575 2559; x_wconf 80' lang='lat' dir='ltr'><strong>calamitate</strong></span> <span class='ocrx_word' id='word_1_145' title='bbox 590 2492 838 2588; x_wconf 81' lang='lat' dir='ltr'><strong>consumptis?</strong></span> <span class='ocrx_word' id='word_1_146' title='bbox 854 2517 968 2589; x_wconf 91' lang='lat' dir='ltr'><strong>quum</strong></span> <span class='ocrx_word' id='word_1_147' title='bbox 983 2505 1038 2562; x_wconf 89' lang='lat' dir='ltr'><strong>tot</strong></span> <span class='ocrx_word' id='word_1_148' title='bbox 1053 2490 1149 2563; x_wconf 89' lang='lat' dir='ltr'><strong>bella</strong></span> <span class='ocrx_word' id='word_1_149' title='bbox 1162 2505 1227 2563; x_wconf 92' lang='lat' dir='ltr'><strong>aut</strong></span> 
     </span>
     <span class='ocr_line' id='line_1_21' title="bbox 156 2593 1224 2698; baseline 0.004 -31"><span class='ocrx_word' id='word_1_150' title='bbox 156 2620 179 2667; x_wconf 87' lang='lat' dir='ltr'><strong>a</strong></span> <span class='ocrx_word' id='word_1_151' title='bbox 193 2593 300 2667; x_wconf 84' lang='lat' dir='ltr'><strong>nobis</strong></span> <span class='ocrx_word' id='word_1_152' title='bbox 313 2597 514 2668; x_wconf 84' lang='lat' dir='ltr'><strong>necessario</strong></span> <span class='ocrx_word' id='word_1_153' title='bbox 533 2599 795 2697; x_wconf 85' lang='lat' dir='ltr'><strong>suscipiantur,</strong></span> <span class='ocrx_word' id='word_1_154' title='bbox 816 2616 879 2673; x_wconf 87' lang='lat' dir='ltr'><strong>aut</strong></span> <span class='ocrx_word' id='word_1_155' title='bbox 896 2601 1017 2674; x_wconf 90' lang='lat' dir='ltr'><strong>subito</strong></span> <span class='ocrx_word' id='word_1_156' title='bbox 1032 2614 1142 2698; x_wconf 89' lang='lat' dir='ltr'><strong>atque</strong></span> <span class='ocrx_word' id='word_1_157' title='bbox 1157 2605 1224 2672; x_wconf 89' lang='lat' dir='ltr'><strong>im-</strong></span> 
     </span>
     <span class='ocr_line' id='line_1_22' title="bbox 156 2702 1225 2810; baseline 0.007 -34"><span class='ocrx_word' id='word_1_158' title='bbox 156 2707 299 2805; x_wconf 82' lang='lat' dir='ltr'><strong>provisa</strong></span> <span class='ocrx_word' id='word_1_159' title='bbox 314 2708 527 2779; x_wconf 77' lang='lat' dir='ltr'><strong>nascantur?</strong></span> <span class='ocrx_word' id='word_1_160' title='bbox 540 2733 665 2780; x_wconf 91' lang='lat' dir='ltr'><strong>nonne</strong></span> <span class='ocrx_word' id='word_1_161' title='bbox 676 2724 713 2781; x_wconf 91' lang='lat' dir='ltr'><strong>et</strong></span> <span class='ocrx_word' id='word_1_162' title='bbox 726 2710 911 2784; x_wconf 88' lang='lat' dir='ltr'><strong>hominem</strong></span> <span class='ocrx_word' id='word_1_163' title='bbox 923 2713 1042 2810; x_wconf 87' lang='lat' dir='ltr'><strong>ipsum</strong></span> <span class='ocrx_word' id='word_1_164' title='bbox 1055 2711 1101 2782; x_wconf 91' lang='lat' dir='ltr'><strong>ad</strong></span> <span class='ocrx_word' id='word_1_165' title='bbox 1113 2702 1225 2783; x_wconf 82' lang='lat' dir='ltr'><strong>dubia</strong></span> 
     </span>
     <span class='ocr_line' id='line_1_23' title="bbox 157 2814 1250 2916; baseline 0.006 -30"><span class='ocrx_word' id='word_1_166' title='bbox 157 2814 364 2913; x_wconf 75' lang='lat' dir='ltr'><strong>reipublicae</strong></span> <span class='ocrx_word' id='word_1_167' title='bbox 389 2830 554 2916; x_wconf 89' lang='lat' dir='ltr'><strong>tempora</strong></span> <span class='ocrx_word' id='word_1_168' title='bbox 576 2821 853 2909; x_wconf 87' lang='lat' dir='ltr'><strong>reservandum,</strong></span> <span class='ocrx_word' id='word_1_169' title='bbox 880 2836 917 2895; x_wconf 93' lang='lat' dir='ltr'><strong>et</strong></span> <span class='ocrx_word' id='word_1_170' title='bbox 939 2836 1078 2894; x_wconf 88' lang='lat' dir='ltr'><strong>ceteros</strong></span> <span class='ocrx_word' id='word_1_171' title='bbox 1103 2822 1223 2893; x_wconf 88' lang='lat' dir='ltr'><strong>studio</strong></span> <span class='ocrx_word' id='word_1_172' title='bbox 1246 2906 1250 2913; x_wconf 39' lang='lat'>‚</span> 
     </span>
    </p>
   </div>
   <div class='ocr_carea' id='block_1_4' title="bbox 157 3010 1230 4200">
    <p class='ocr_par' dir='ltr' id='par_1_5' title="bbox 157 3010 1228 3559">
     <span class='ocr_line' id='line_1_24' title="bbox 158 3010 1224 3091; baseline -0.009 -20"><span class='ocrx_word' id='word_1_173' title='bbox 158 3023 250 3083; x_wconf 64' lang='lat' dir='ltr'><strong>bellum</strong></span> <span class='ocrx_word' id='word_1_174' title='bbox 260 3025 354 3091; x_wconf 71' lang='lat' dir='ltr'><strong>populo</strong></span> <span class='ocrx_word' id='word_1_175' title='bbox 365 3041 427 3074; x_wconf 82' lang='lat' dir='ltr'><strong>rom,</strong></span> <span class='ocrx_word' id='word_1_176' title='bbox 440 3026 591 3076; x_wconf 66' lang='lat' dir='ltr'><strong>finfmndum</strong></span> <span class='ocrx_word' id='word_1_177' title='bbox 605 3042 670 3075; x_wconf 71' lang='lat' dir='ltr'><strong>eom.</strong></span> <span class='ocrx_word' id='word_1_178' title='bbox 752 3016 776 3063; x_wconf 78' lang='grc'><strong>5.</strong></span> <span class='ocrx_word' id='word_1_179' title='bbox 785 3017 820 3063; x_wconf 68' lang='lat' dir='ltr'><strong>Il!</strong></span> <span class='ocrx_word' id='word_1_180' title='bbox 831 3013 904 3064; x_wconf 67' lang='lat' dir='ltr'><strong>codd.</strong></span> <span class='ocrx_word' id='word_1_181' title='bbox 909 3014 987 3070; x_wconf 76' lang='lat' dir='ltr'><strong>Olim,</strong></span> <span class='ocrx_word' id='word_1_182' title='bbox 997 3010 1125 3059; x_wconf 70' lang='lat' dir='ltr'><strong>exercitus.</strong></span> <span class='ocrx_word' id='word_1_183' title='bbox 1131 3014 1148 3061; x_wconf 84' lang='lat' dir='ltr'>J</span> <span class='ocrx_word' id='word_1_184' title='bbox 1149 3013 1189 3060; x_wconf 63' lang='grc' dir='ltr'><strong>Ν.</strong></span> <span class='ocrx_word' id='word_1_185' title='bbox 1195 3015 1224 3062; x_wconf 75' lang='lat' dir='ltr'><strong>Is.</strong></span> 
     </span>
     <span class='ocr_line' id='line_1_25' title="bbox 157 3091 1228 3173; baseline -0.011 -22"><span class='ocrx_word' id='word_1_186' title='bbox 157 3115 285 3168; x_wconf 74' lang='lat' dir='ltr'><strong>pararent,</strong></span> <span class='ocrx_word' id='word_1_187' title='bbox 299 3104 444 3173; x_wconf 64' lang='lat' dir='ltr'><strong>obsidesque</strong></span> <span class='ocrx_word' id='word_1_188' title='bbox 456 3106 521 3154; x_wconf 64' lang='lat' dir='ltr'><strong>inter</strong></span> <span class='ocrx_word' id='word_1_189' title='bbox 532 3121 558 3152; x_wconf 67' lang='grc' dir='ltr'><strong>ω</strong></span> <span class='ocrx_word' id='word_1_190' title='bbox 571 3105 669 3165; x_wconf 67' lang='lat' dir='ltr'><strong>darent,</strong></span> <span class='ocrx_word' id='word_1_191' title='bbox 748 3097 843 3143; x_wconf 77' lang='lat' dir='ltr'>XVIII.</span> <span class='ocrx_word' id='word_1_192' title='bbox 862 3110 884 3144; x_wconf 90' lang='lat' dir='ltr'><strong>r.</strong></span> <span class='ocrx_word' id='word_1_193' title='bbox 897 3097 982 3141; x_wconf 74' lang='lat' dir='ltr'><strong>From.</strong></span> <span class='ocrx_word' id='word_1_194' title='bbox 995 3094 1078 3141; x_wconf 69' lang='lat' dir='ltr'><strong>Grae.</strong></span> <span class='ocrx_word' id='word_1_195' title='bbox 1091 3091 1156 3140; x_wconf 82' lang='lat' dir='ltr'><strong>Oliv.</strong></span> <span class='ocrx_word' id='word_1_196' title='bbox 1172 3091 1228 3139; x_wconf 71' lang='lat' dir='ltr'><strong>ul·</strong></span> 
     </span>
     <span class='ocr_line' id='line_1_26' title="bbox 157 3169 1227 3248; baseline -0.011 -17"><span class='ocrx_word' id='word_1_197' title='bbox 157 3183 272 3232; x_wconf 76' lang='lat' dir='ltr'><strong>Servilius</strong></span> <span class='ocrx_word' id='word_1_198' title='bbox 285 3200 313 3231; x_wconf 77' lang='lat' dir='ltr'><strong>ea</strong></span> <span class='ocrx_word' id='word_1_199' title='bbox 332 3183 363 3231; x_wconf 80' lang='lat' dir='ltr'><strong>de</strong></span> <span class='ocrx_word' id='word_1_200' title='bbox 377 3200 403 3231; x_wconf 75' lang='lat' dir='ltr'><strong>ro</strong></span> <span class='ocrx_word' id='word_1_201' title='bbox 420 3183 574 3245; x_wconf 69' lang='lat' dir='ltr'><strong>adamim,</strong></span> <span class='ocrx_word' id='word_1_202' title='bbox 593 3200 670 3248; x_wconf 75' lang='lat' dir='ltr'>quum</span> <span class='ocrx_word' id='word_1_203' title='bbox 713 3175 769 3223; x_wconf 79' lang='lat' dir='ltr'><strong>lem.</strong></span> <span class='ocrx_word' id='word_1_204' title='bbox 782 3190 796 3222; x_wconf 81' lang='lat' dir='ltr'><strong>o</strong></span> <span class='ocrx_word' id='word_1_205' title='bbox 811 3174 885 3224; x_wconf 83' lang='lat' dir='ltr'><strong>codd.</strong></span> <span class='ocrx_word' id='word_1_206' title='bbox 895 3173 977 3221; x_wconf 73' lang='lat' dir='ltr'><strong>vnio.</strong></span> <span class='ocrx_word' id='word_1_207' title='bbox 987 3169 1010 3219; x_wconf 79' lang='lat' dir='ltr'><strong>si</strong></span> <span class='ocrx_word' id='word_1_208' title='bbox 1021 3171 1095 3218; x_wconf 80' lang='lat' dir='ltr'><strong>etiam</strong></span> <span class='ocrx_word' id='word_1_209' title='bbox 1108 3170 1227 3220; x_wconf 73' lang='lat' dir='ltr'><strong>monendi</strong></span> 
     </span>
     <span class='ocr_line' id='line_1_27' title="bbox 159 3251 1096 3327; baseline -0.011 -18"><span class='ocrx_word' id='word_1_210' title='bbox 159 3261 190 3309; x_wconf 74' lang='lat' dir='ltr'><strong>nd</strong></span> <span class='ocrx_word' id='word_1_211' title='bbox 203 3261 345 3310; x_wconf 66' lang='lat' dir='ltr'><strong>Asculanos</strong></span> <span class='ocrx_word' id='word_1_212' title='bbox 358 3263 499 3326; x_wconf 78' lang='lat' dir='ltr'><strong>profectus,</strong></span> <span class='ocrx_word' id='word_1_213' title='bbox 516 3280 559 3312; x_wconf 70' lang='lat' dir='ltr'><strong>eos</strong></span> <span class='ocrx_word' id='word_1_214' title='bbox 573 3264 669 3327; x_wconf 64' lang='lat' dir='ltr'><strong>gravius</strong></span> <span class='ocrx_word' id='word_1_215' title='bbox 713 3255 772 3302; x_wconf 80' lang='lat' dir='ltr'><strong>estis</strong></span> <span class='ocrx_word' id='word_1_216' title='bbox 782 3271 799 3302; x_wconf 85' lang='lat' dir='ltr'><strong>a</strong></span> <span class='ocrx_word' id='word_1_217' title='bbox 812 3270 863 3313; x_wconf 83' lang='lat' dir='ltr'><strong>me,</strong></span> <span class='ocrx_word' id='word_1_218' title='bbox 873 3252 978 3319; x_wconf 80' lang='lat' dir='ltr'><strong>judices.</strong></span> <span class='ocrx_word' id='word_1_219' title='bbox 988 3251 1013 3300; x_wconf 87' lang='lat' dir='ltr'><strong>J.</strong></span> <span class='ocrx_word' id='word_1_220' title='bbox 1023 3251 1055 3298; x_wconf 85' lang='lat' dir='ltr'><strong>V.</strong></span> <span class='ocrx_word' id='word_1_221' title='bbox 1067 3254 1096 3299; x_wconf 87' lang='lat' dir='ltr'><strong>L.</strong></span> 
     </span>
     <span class='ocr_line' id='line_1_28' title="bbox 158 3329 1225 3405; baseline -0.01 -17"><span class='ocrx_word' id='word_1_222' title='bbox 158 3339 287 3405; x_wconf 67' lang='lat' dir='ltr'><strong>objurgare</strong></span> <span class='ocrx_word' id='word_1_223' title='bbox 298 3342 453 3400; x_wconf 76' lang='lat' dir='ltr'><strong>instituisset,</strong></span> <span class='ocrx_word' id='word_1_224' title='bbox 468 3358 517 3390; x_wconf 79' lang='lat' dir='ltr'><strong>um</strong></span> <span class='ocrx_word' id='word_1_225' title='bbox 529 3358 585 3390; x_wconf 72' lang='lat' dir='ltr'><strong>eum</strong></span> <span class='ocrx_word' id='word_1_226' title='bbox 603 3346 668 3391; x_wconf 75' lang='lat' dir='ltr'><strong>Fon.</strong></span> <span class='ocrx_word' id='word_1_227' title='bbox 716 3336 722 3343; x_wconf 88' lang='lat'>&#39;</span> <span class='ocrx_word' id='word_1_228' title='bbox 749 3349 773 3381; x_wconf 81' lang='lat' dir='ltr'><strong>a.</strong></span> <span class='ocrx_word' id='word_1_229' title='bbox 793 3334 848 3381; x_wconf 79' lang='lat' dir='ltr'><strong>Fuit</strong></span> <span class='ocrx_word' id='word_1_230' title='bbox 864 3332 928 3381; x_wconf 74' lang='lat' dir='ltr'><strong>enain</strong></span> <span class='ocrx_word' id='word_1_231' title='bbox 946 3329 1035 3396; x_wconf 81' lang='lat' dir='ltr'><strong>major.</strong></span> <span class='ocrx_word' id='word_1_232' title='bbox 1053 3330 1110 3378; x_wconf 77' lang='lat' dir='ltr'><strong>ruit</strong></span> <span class='ocrx_word' id='word_1_233' title='bbox 1129 3340 1225 3394; x_wconf 80' lang='lat' dir='ltr'><strong>tempus</strong></span> 
     </span>
     <span class='ocr_line' id='line_1_29' title="bbox 159 3410 1225 3486; baseline -0.012 -18"><span class='ocrx_word' id='word_1_234' title='bbox 159 3419 210 3468; x_wconf 71' lang='lat' dir='ltr'><strong>trio</strong></span> <span class='ocrx_word' id='word_1_235' title='bbox 226 3420 306 3484; x_wconf 74' lang='lat' dir='ltr'><strong>legato</strong></span> <span class='ocrx_word' id='word_1_236' title='bbox 320 3431 346 3469; x_wconf 82' lang='lat' dir='ltr'><strong>et</strong></span> <span class='ocrx_word' id='word_1_237' title='bbox 366 3420 493 3479; x_wconf 75' lang='lat' dir='ltr'><strong>omnibus,</strong></span> <span class='ocrx_word' id='word_1_238' title='bbox 506 3432 630 3486; x_wconf 78' lang='lat' dir='ltr'><strong>quotquot</strong></span> <span class='ocrx_word' id='word_1_239' title='bbox 642 3421 669 3469; x_wconf 80' lang='lat' dir='ltr'><strong>in</strong></span> <span class='ocrx_word' id='word_1_240' title='bbox 712 3431 763 3481; x_wconf 81' lang='lat' dir='ltr'><strong>quo</strong></span> <span class='ocrx_word' id='word_1_241' title='bbox 772 3416 857 3462; x_wconf 67' lang='lat' dir='ltr'><strong>Rome</strong></span> <span class='ocrx_word' id='word_1_242' title='bbox 866 3412 947 3460; x_wconf 85' lang='lat' dir='ltr'><strong>molto</strong></span> <span class='ocrx_word' id='word_1_243' title='bbox 962 3410 1044 3475; x_wconf 78' lang='lat' dir='ltr'><strong>plnres</strong></span> <span class='ocrx_word' id='word_1_244' title='bbox 1056 3424 1129 3472; x_wconf 76' lang='lat' dir='ltr'><strong>quam</strong></span> <span class='ocrx_word' id='word_1_245' title='bbox 1142 3422 1225 3466; x_wconf 84' lang='lat' dir='ltr'><strong>nunc,</strong></span> 
     </span>
     <span class='ocr_line' id='line_1_30' title="bbox 159 3491 1081 3559; baseline -0.014 -11"><span class='ocrx_word' id='word_1_246' title='bbox 159 3498 220 3548; x_wconf 79' lang='lat' dir='ltr'><strong>urbe</strong></span> <span class='ocrx_word' id='word_1_247' title='bbox 232 3510 300 3546; x_wconf 74' lang='lat' dir='ltr'><strong>erant</strong></span> <span class='ocrx_word' id='word_1_248' title='bbox 312 3500 379 3548; x_wconf 78' lang='lat' dir='ltr'><strong>cives</strong></span> <span class='ocrx_word' id='word_1_249' title='bbox 393 3501 502 3559; x_wconf 82' lang='lat' dir='ltr'><strong>romani,</strong></span> <span class='ocrx_word' id='word_1_250' title='bbox 515 3512 553 3549; x_wconf 80' lang='lat' dir='ltr'><strong>est</strong></span> <span class='ocrx_word' id='word_1_251' title='bbox 569 3501 668 3548; x_wconf 81' lang='lat' dir='ltr'><strong>interlo-</strong></span> <span class='ocrx_word' id='word_1_252' title='bbox 712 3491 901 3542; x_wconf 71' lang='lat' dir='ltr'><strong>numerabantur</strong></span> <span class='ocrx_word' id='word_1_253' title='bbox 914 3491 1081 3555; x_wconf 75' lang='lat' dir='ltr'><strong>imperatores.</strong></span> 
     </span>
    </p>

    <p class='ocr_par' dir='ltr' id='par_1_6' title="bbox 159 3565 1225 3716">
     <span class='ocr_line' id='line_1_31' title="bbox 159 3565 1225 3644; baseline -0.011 -18"><span class='ocrx_word' id='word_1_254' title='bbox 159 3586 222 3626; x_wconf 74' lang='lat' dir='ltr'><strong>etur.</strong></span> <span class='ocrx_word' id='word_1_255' title='bbox 234 3578 283 3628; x_wconf 87' lang='lat' dir='ltr'><strong>Tit.</strong></span> <span class='ocrx_word' id='word_1_256' title='bbox 295 3579 350 3627; x_wconf 81' lang='lat' dir='ltr'><strong>Liv.</strong></span> <span class='ocrx_word' id='word_1_257' title='bbox 363 3579 422 3643; x_wconf 78' lang='lat' dir='ltr'><strong>opit.</strong></span> <span class='ocrx_word' id='word_1_258' title='bbox 431 3580 544 3641; x_wconf 75' lang='lat' dir='ltr'><strong>L1m3</strong></span> <span class='ocrx_word' id='word_1_259' title='bbox 562 3579 668 3644; x_wconf 71' lang='lat' dir='ltr'><strong>Appius.</strong></span> <span class='ocrx_word' id='word_1_260' title='bbox 747 3574 773 3621; x_wconf 79' lang='lat'><strong>3.</strong></span> <span class='ocrx_word' id='word_1_261' title='bbox 786 3571 885 3620; x_wconf 80' lang='lat' dir='ltr'><strong>hllem.</strong></span> <span class='ocrx_word' id='word_1_262' title='bbox 903 3581 1004 3618; x_wconf 67' lang='lat' dir='ltr'><strong>anctore</strong></span> <span class='ocrx_word' id='word_1_263' title='bbox 1022 3566 1132 3625; x_wconf 63' lang='lat' dir='ltr'><strong>Gavio,</strong></span> <span class='ocrx_word' id='word_1_264' title='bbox 1152 3565 1225 3614; x_wconf 76' lang='lat' dir='ltr'><strong>clan&#39;s</strong></span> 
     </span>
     <span class='ocr_line' id='line_1_32' title="bbox 159 3648 1065 3716; baseline -0.012 -11"><span class='ocrx_word' id='word_1_265' title='bbox 159 3656 191 3705; x_wconf 84' lang='lat' dir='ltr'><strong>(le</strong></span> <span class='ocrx_word' id='word_1_266' title='bbox 203 3656 273 3705; x_wconf 84' lang='lat' dir='ltr'><strong>Bello</strong></span> <span class='ocrx_word' id='word_1_267' title='bbox 288 3654 371 3716; x_wconf 77' lang='lat' dir='ltr'><strong>civili,</strong></span> <span class='ocrx_word' id='word_1_268' title='bbox 383 3659 428 3707; x_wconf 89' lang='lat' dir='ltr'><strong>lib.</strong></span> <span class='ocrx_word' id='word_1_269' title='bbox 437 3661 458 3706; x_wconf 85' lang='lat'><strong>1.</strong></span> <span class='ocrx_word' id='word_1_270' title='bbox 713 3648 1065 3700; x_wconf 71' lang='lat' dir='ltr'><strong>auoemtomoribus.1.v.1,.</strong></span> 
     </span>
    </p>

    <p class='ocr_par' dir='ltr' id='par_1_7' title="bbox 158 3722 1230 4200">
     <span class='ocr_line' id='line_1_33' title="bbox 196 3722 1226 3801; baseline -0.016 -16"><span class='ocrx_word' id='word_1_271' title='bbox 196 3745 220 3794; x_wconf 72' lang='grc'><strong>4.</strong></span> <span class='ocrx_word' id='word_1_272' title='bbox 235 3736 330 3784; x_wconf 67' lang='lat' dir='ltr'><strong>Sociale</strong></span> <span class='ocrx_word' id='word_1_273' title='bbox 341 3738 437 3786; x_wconf 77' lang='lat' dir='ltr'><strong>bellum.</strong></span> <span class='ocrx_word' id='word_1_274' title='bbox 446 3737 522 3801; x_wconf 83' lang='lat' dir='ltr'><strong>Quod</strong></span> <span class='ocrx_word' id='word_1_275' title='bbox 530 3773 538 3798; x_wconf 89' lang='lat'>‚</span> <span class='ocrx_word' id='word_1_276' title='bbox 546 3750 576 3786; x_wconf 85' lang='lat' dir='ltr'><strong>nt</strong></span> <span class='ocrx_word' id='word_1_277' title='bbox 586 3753 670 3785; x_wconf 82' lang='lat' dir='ltr'><strong>omnes</strong></span> <span class='ocrx_word' id='word_1_278' title='bbox 749 3738 774 3787; x_wconf 75' lang='grc'><strong>4.</strong></span> <span class='ocrx_word' id='word_1_279' title='bbox 789 3728 897 3778; x_wconf 79' lang='lat' dir='ltr'><strong>Civitatis</strong></span> <span class='ocrx_word' id='word_1_280' title='bbox 907 3724 1043 3776; x_wconf 73' lang='lat' dir='ltr'><strong>discordiis.</strong></span> <span class='ocrx_word' id='word_1_281' title='bbox 1061 3722 1134 3772; x_wconf 75' lang='lat' dir='ltr'><strong>Bellis</strong></span> <span class='ocrx_word' id='word_1_282' title='bbox 1147 3723 1226 3770; x_wconf 87' lang='lat' dir='ltr'><strong>cirill-</strong></span> 
     </span>
     <span class='ocr_line' id='line_1_34' title="bbox 158 3802 1227 3880; baseline -0.014 -16"><span class='ocrx_word' id='word_1_283' title='bbox 158 3814 252 3875; x_wconf 75' lang='lat' dir='ltr'><strong>nolunt,</strong></span> <span class='ocrx_word' id='word_1_284' title='bbox 265 3816 322 3864; x_wconf 89' lang='lat' dir='ltr'><strong>ideo</strong></span> <span class='ocrx_word' id='word_1_285' title='bbox 331 3828 367 3865; x_wconf 80' lang='lat' dir='ltr'><strong>est</strong></span> <span class='ocrx_word' id='word_1_286' title='bbox 379 3816 522 3875; x_wconf 73' lang='lat' dir='ltr'><strong>conflatum,</strong></span> <span class='ocrx_word' id='word_1_287' title='bbox 531 3817 600 3880; x_wconf 78' lang='lat' dir='ltr'><strong>quod</strong></span> <span class='ocrx_word' id='word_1_288' title='bbox 609 3816 671 3865; x_wconf 69' lang='lat' dir='ltr'><strong>mii</strong></span> <span class='ocrx_word' id='word_1_289' title='bbox 714 3809 772 3868; x_wconf 80' lang='lat' dir='ltr'><strong>bus,</strong></span> <span class='ocrx_word' id='word_1_290' title='bbox 784 3824 851 3873; x_wconf 79' lang='lat' dir='ltr'><strong>quae,</strong></span> <span class='ocrx_word' id='word_1_291' title='bbox 861 3807 953 3855; x_wconf 81' lang='lat' dir='ltr'><strong>victore</strong></span> <span class='ocrx_word' id='word_1_292' title='bbox 962 3803 1042 3863; x_wconf 75' lang='lat' dir='ltr'><strong>Sulla,</strong></span> <span class='ocrx_word' id='word_1_293' title='bbox 1052 3802 1156 3866; x_wconf 77' lang='lat' dir='ltr'><strong>amplius</strong></span> <span class='ocrx_word' id='word_1_294' title='bbox 1170 3818 1227 3850; x_wconf 78' lang='lat' dir='ltr'><strong>oon·</strong></span> 
     </span>
     <span class='ocr_line' id='line_1_35' title="bbox 159 3881 1227 3957; baseline -0.01 -11"><span class='ocrx_word' id='word_1_295' title='bbox 159 3894 208 3941; x_wconf 71' lang='lat' dir='ltr'><strong>tibi</strong></span> <span class='ocrx_word' id='word_1_296' title='bbox 219 3906 351 3957; x_wconf 70' lang='lat' dir='ltr'><strong>mgnum</strong></span> <span class='ocrx_word' id='word_1_297' title='bbox 365 3897 484 3946; x_wconf 76' lang='lat' dir='ltr'><strong>Romanis</strong></span> <span class='ocrx_word' id='word_1_298' title='bbox 494 3898 619 3946; x_wconf 74' lang='lat' dir='ltr'><strong>civitatem</strong></span> <span class='ocrx_word' id='word_1_299' title='bbox 631 3912 672 3943; x_wconf 79' lang='lat' dir='ltr'><strong>rr·</strong></span> <span class='ocrx_word' id='word_1_300' title='bbox 715 3899 768 3938; x_wconf 79' lang='lat' dir='ltr'><strong>tum</strong></span> <span class='ocrx_word' id='word_1_301' title='bbox 796 3887 871 3934; x_wconf 66' lang='lat' dir='ltr'><strong>milli·</strong></span> <span class='ocrx_word' id='word_1_302' title='bbox 897 3884 1024 3932; x_wconf 73' lang='lat' dir='ltr'><strong>hominum</strong></span> <span class='ocrx_word' id='word_1_303' title='bbox 1049 3881 1203 3946; x_wconf 52' lang='grc' dir='ltr'><strong>ΜΡΝ</strong></span> <span class='ocrx_word' id='word_1_304' title='bbox 1218 3916 1227 3939; x_wconf 82' lang='grc'><strong>,</strong></span> 
     </span>
     <span class='ocr_line' id='line_1_36' title="bbox 160 3961 1226 4039; baseline -0.013 -19"><span class='ocrx_word' id='word_1_305' title='bbox 160 3973 207 4020; x_wconf 79' lang='lat' dir='ltr'><strong>mis</strong></span> <span class='ocrx_word' id='word_1_306' title='bbox 231 3973 352 4022; x_wconf 72' lang='lat' dir='ltr'><strong>vindicare</strong></span> <span class='ocrx_word' id='word_1_307' title='bbox 379 3975 530 4039; x_wconf 62' lang='lat' dir='ltr'><strong>quaerebant.</strong></span> <span class='ocrx_word' id='word_1_308' title='bbox 561 3979 599 4024; x_wconf 66' lang='lat' dir='ltr'><strong>Do</strong></span> <span class='ocrx_word' id='word_1_309' title='bbox 624 3975 672 4023; x_wconf 75' lang='lat' dir='ltr'><strong>hoo</strong></span> <span class='ocrx_word' id='word_1_310' title='bbox 716 3967 812 4015; x_wconf 67' lang='lat' dir='ltr'><strong>emissit</strong></span> <span class='ocrx_word' id='word_1_311' title='bbox 824 3976 930 4029; x_wconf 77' lang='lat' dir='ltr'><strong>quatuor</strong></span> <span class='ocrx_word' id='word_1_312' title='bbox 938 3961 1046 4011; x_wconf 81' lang='lat' dir='ltr'><strong>millibus</strong></span> <span class='ocrx_word' id='word_1_313' title='bbox 1054 3970 1078 4008; x_wconf 84' lang='lat' dir='ltr'><strong>et</strong></span> <span class='ocrx_word' id='word_1_314' title='bbox 1086 3961 1226 4024; x_wconf 75' lang='lat' dir='ltr'><strong>septingen-</strong></span> 
     </span>
     <span class='ocr_line' id='line_1_37' title="bbox 162 4039 1230 4120; baseline -0.01 -23"><span class='ocrx_word' id='word_1_315' title='bbox 162 4050 228 4098; x_wconf 82' lang='lat' dir='ltr'><strong>bello</strong></span> <span class='ocrx_word' id='word_1_316' title='bbox 241 4051 296 4099; x_wconf 83' lang='lat' dir='ltr'><strong>vide</strong></span> <span class='ocrx_word' id='word_1_317' title='bbox 309 4054 373 4103; x_wconf 78' lang='lat' dir='ltr'><strong>Flor.</strong></span> <span class='ocrx_word' id='word_1_318' title='bbox 384 4058 437 4117; x_wconf 83' lang='lat'><strong>111,</strong></span> <span class='ocrx_word' id='word_1_319' title='bbox 448 4057 493 4117; x_wconf 83' lang='lat'><strong>18,</strong></span> <span class='ocrx_word' id='word_1_320' title='bbox 507 4072 562 4120; x_wconf 76' lang='lat' dir='ltr'><strong>pag.</strong></span> <span class='ocrx_word' id='word_1_321' title='bbox 575 4055 636 4112; x_wconf 67' lang='lat'><strong>2⁵5,</strong></span> <span class='ocrx_word' id='word_1_322' title='bbox 648 4063 674 4101; x_wconf 72' lang='lat' dir='ltr'><strong>aa</strong></span> <span class='ocrx_word' id='word_1_323' title='bbox 717 4047 830 4110; x_wconf 55' lang='lat' dir='ltr'><strong>linquas</strong></span> <span class='ocrx_word' id='word_1_324' title='bbox 840 4045 905 4094; x_wconf 76' lang='lat' dir='ltr'><strong>Sulla</strong></span> <span class='ocrx_word' id='word_1_325' title='bbox 915 4043 942 4091; x_wconf 88' lang='lat' dir='ltr'><strong>in</strong></span> <span class='ocrx_word' id='word_1_326' title='bbox 950 4041 1061 4107; x_wconf 73' lang='lat' dir='ltr'><strong>publicu</strong></span> <span class='ocrx_word' id='word_1_327' title='bbox 1069 4039 1230 4105; x_wconf 79' lang='lat' dir='ltr'><strong>proscriptio·</strong></span> 
     </span>
     <span class='ocr_line' id='line_1_38' title="bbox 161 4122 962 4200; baseline -0.007 -25"><span class='ocrx_word' id='word_1_328' title='bbox 161 4129 225 4178; x_wconf 80' lang='lat' dir='ltr'><strong>Vell.</strong></span> <span class='ocrx_word' id='word_1_329' title='bbox 236 4131 329 4180; x_wconf 79' lang='lat' dir='ltr'><strong>Patere.</strong></span> <span class='ocrx_word' id='word_1_330' title='bbox 341 4135 379 4196; x_wconf 83' lang='lat'><strong>11,</strong></span> <span class='ocrx_word' id='word_1_331' title='bbox 396 4137 436 4195; x_wconf 82' lang='lat'><strong>15,</strong></span> <span class='ocrx_word' id='word_1_332' title='bbox 443 4152 497 4200; x_wconf 80' lang='lat' dir='ltr'><strong>pag.</strong></span> <span class='ocrx_word' id='word_1_333' title='bbox 508 4137 551 4193; x_wconf 83' lang='lat'><strong>68,</strong></span> <span class='ocrx_word' id='word_1_334' title='bbox 559 4145 622 4183; x_wconf 78' lang='lat' dir='ltr'><strong>nost,</strong></span> <span class='ocrx_word' id='word_1_335' title='bbox 632 4132 672 4181; x_wconf 80' lang='lat' dir='ltr'><strong>ed.</strong></span> <span class='ocrx_word' id='word_1_336' title='bbox 716 4129 754 4174; x_wconf 77' lang='lat' dir='ltr'><strong>ult</strong></span> <span class='ocrx_word' id='word_1_337' title='bbox 768 4125 860 4175; x_wconf 70' lang='lat' dir='ltr'><strong>tabulis</strong></span> <span class='ocrx_word' id='word_1_338' title='bbox 873 4122 962 4172; x_wconf 78' lang='lat' dir='ltr'><strong>retulit.</strong></span> 
     </span>
    </p>
   </div>
   <div class='ocr_carea' id='block_1_5' title="bbox 0 0 1541 4772">
    <p class='ocr_par' dir='ltr' id='par_1_8' title="bbox 0 0 1541 4772">
     <span class='ocr_line' id='line_1_39' title="bbox 0 0 1541 4772; baseline 0 0"><span class='ocrx_word' id='word_1_339' title='bbox 0 0 1541 4772; x_wconf 95' lang='lat' dir='ltr'><strong> </strong></span> 
     </span>
    </p>
   </div>
  </div>
 </body>
</html>
