3142 4774
294 406 298 413 ’
380 441 433 508 ut
458 440 676 507 vaauen
702 440 807 507 lor.
831 440 883 522 11,
910 440 998 506 mn
1025 441 1094 506 111.
1221 435 1265 507 55

164 594 167 601 ’
205 561 429 646 existimatis,
458 582 539 630 eum
570 562 608 629 in
635 560 719 628 vino
745 582 786 628 ao
817 559 905 629 luxu
934 584 1007 629 non
1039 561 1175 659 risisse,
1202 562 1269 656 qui

203 692 303 742 nunc
325 674 362 740 in
384 670 546 766 periculo
568 682 677 765 atque
698 670 808 739 exitio
828 692 895 738 suo
915 669 1026 739 risum
1047 684 1170 740 tenere
1191 692 1266 740 uon

204 784 329 878 possit.
360 782 413 850 Ne
443 780 576 867 multa,
606 777 773 874 judices:
804 777 860 850 his
890 781 1116 851 contumeliis
1141 782 1267 853 scitote

204 894 248 981 Q.
265 889 419 961 Lollium
434 903 620 974 coactum,
635 888 680 959 ad
692 889 840 986 Apronii
854 888 949 984 leges
968 887 1267 987 conditionesque

202 1001 350 1070 venisse.
369 998 524 1081 Lollius,
545 1012 647 1068 aetate
665 1011 703 1067 et
725 996 853 1069 morbo
868 997 1081 1094 impeditus,
1105 997 1150 1068 ad
1168 1001 1267 1069 testi·

203 1112 366 1180 monium
387 1107 583 1180 dicendum
598 1110 722 1177 venire
740 1131 816 1178 non
835 1108 966 1203 potnit.
992 1105 1089 1198 Quid
1107 1104 1200 1203 opus
1216 1123 1269 1178 est

201 1219 344 1291 Lollio?
368 1244 478 1290 nemo
499 1217 570 1289 hoc
596 1218 730 1305 nescit;
753 1234 864 1288 nemo
885 1232 1033 1289 tuorum
1050 1222 1269 1307 amicorum,

202 1354 309 1401 nemo
326 1329 391 1400 abs
411 1344 445 1399 te
466 1327 685 1426 productus,
707 1350 815 1400 nemo
837 1329 1100 1426 interrogatus,
1118 1352 1216 1398 nunc
1233 1352 1270 1397 se

203 1442 360 1534 primum
376 1435 446 1508 hoc
460 1437 554 1508 dicet
567 1436 701 1507 audire.
722 1440 770 1507 Μ.
788 1434 943 1523 Lollius,
961 1442 1038 1531 ejus
1051 1437 1165 1524 filius,
1180 1434 1268 1508 ado·

201 1548 339 1618 lescens
359 1546 592 1631 lectissimus,
614 1560 743 1643 praesto
766 1562 841 1618 est:
858 1546 966 1641 hujus
983 1547 1091 1620 verba
1105 1546 1266 1619 audietis.

163 1656 165 1665 ’
202 1660 291 1727 Nam
315 1660 360 1747 Q.
387 1655 533 1727 Lollius·
547 1656 624 1748 ejus
646 1653 760 1743 filius,
786 1660 849 1753 qui
873 1656 1048 1728 Calidium
1070 1662 1267 1742 accusavit,

203 1764 409 1837 adolescens
428 1776 465 1837 et
481 1764 623 1853 bonus,
645 1781 681 1836 et
698 1764 822 1852 fortis,
839 1780 874 1837 et
894 1769 932 1837 in
951 1767 1076 1864 primis
1094 1764 1266 1851 disertuS,

202 1900 316 1972 quum
336 1876 392 1946 his
412 1876 554 1971 injuriis
573 1877 873 1973 contumeliisque
894 1888 1098 1953 commotus
1119 1878 1154 1947 in
1177 1881 1265 1948 Sici·

201 1983 284 2055 liam
312 2000 406 2056 esset
434 1983 638 2084 proiectus,
665 1988 704 2055 in
730 1988 859 2057 itinere
887 1991 1027 2057 occisus
1055 2002 1137 2059 este
1162 1989 1266 2083 cujus

201 2094 334 2166 mortis'
354 2119 497 2166 causam
523 2088 688 2192 fugitivi8
715 2098 912 2179 sustinent3
940 2121 979 2165 re
1010 2092 1157 2191 quidem
1183 2120 1265 2165 vera

201 2230 309 2276 nemo
337 2208 374 2274 in
396 2204 514 2276 Sicilia
536 2203 697 2290 dubitat,
716 2202 812 2299 'quin
841 2229 886 2274 eo
912 2207 958 2273 sit
982 2207 1142 2290 occisus,
1165 2205 1264 2301 quod

199 2312 333 2385 babere
354 2315 472 2386 clausa
492 2339 568 2385 non
582 2318 743 2412 potuerit
756 2338 820 2385 sua
834 2312 983 2385 consilia
997 2313 1042 2388 de
1056 2318 1178 2385 Verre.
1193 2319 1263 2387 Iste

94 2512 97 2517 Ι
200 2449 310 2521 porro
325 2449 401 2495 non
416 2420 622 2511 dubitabat,
639 2427 730 2521 quin
744 2426 794 2510 iS,
812 2425 876 2520 qui
893 2439 997 2496 antea
1013 2422 1122 2496 alium
1144 2421 1263 2495 studio

200 2532 402 2606 adductus⁹
423 2543 639 2622 accusasset,
655 2532 722 2604 sibi
737 2534 943 2608 advenienti
959 2546 1088 2632 praesto
1103 2550 1196 2607 esset
1210 2532 1264 2605 fu-

199 2658 323 2730 turus,
343 2664 458 2742 quum
482 2659 573 2716 esset
593 2647 753 2742 parentis
767 2644 907 2739 injuriis
926 2660 963 2717 et
982 2643 1180 2717 domestico
1195 2644 1260 2715 do·

200 2752 276 2824 lore
296 2768 510 2827 commotus.

248 2868 373 2934 XXVI.
392 2869 518 2935 iamne
535 2862 748 2962 intelligitis,
761 2862 915 2959 judices,
933 2888 1014 2960 quae
1032 2864 1162 2961 pestis,
1181 2890 1261 2962 quae

201 2973 399 3044 immanitas
422 2978 457 3044 in
481 2988 598 3045 vestra
614 2974 879 3071 antiquissima,
896 2971 1121 3057 fidelissima,
1139 2977 1259 3071 proxi-

199 3100 332 3179 maque
359 3085 541 3180 provincia
565 3099 703 3163 ¹versata
727 3076 795 3154 siti
823 3087 900 3154 Jam
923 3081 1065 3169 videtis,
1085 3107 1195 3179 quam
1211 3080 1259 3152 ob

200 3216 342 3263 causam
370 3191 509 3279 Sicilia,
538 3206 591 3262 tot
614 3192 802 3276 hominum
828 3206 933 3263 antea
956 3191 1072 3278 furta,
1095 3195 1261 3289 rapinas,

198 3305 420 3399 iniquitates,
433 3304 719 3399 ignominiasque
733 3326 918 3402 perpessa,
930 3324 1006 3372 non
1020 3304 1179 3399 potuerit
1190 3302 1261 3374 hoc

198 3434 355 3499 novum,
377 3437 418 3482 ac
443 3410 641 3509 singulare,
667 3426 774 3510 atque
795 3411 1006 3484 incredibile
1027 3437 1141 3509 genus
1165 3413 1259 3507 inju-

197 3523 331 3591 riarum
354 3520 729 3619 contumeliarumque
751 3521 934 3620 perferre?
954 3528 1031 3593 Jam
1056 3547 1183 3594 omnes
1202 3525 1259 3592 in·

200 3630 383 3729 telligunt,
415 3654 480 3703 cur
513 3635 681 3703 universa
714 3634 897 3728 provincia
928 3629 1155 3703 defensorem
1187 3655 1260 3701 suae

198 3738 320 3811 salutis
350 3746 434 3810 cuni
461 3743 623 3837 quaesivit
636 3754 662 3827 ¹,
688 3740 791 3835 cujus
822 3744 888 3811 iste
919 3738 1023 3827 fidei,
1050 3741 1260 3836 diligentiae,

232 3905 256 3952 8.
269 3903 376 3970 Fugitivi.
387 3907 518 3953 Servorum
530 3905 638 3969 reliquia
650 3905 706 3969 qni,
749 3904 816 3952 nulle
830 3920 873 3952 rus
890 3906 985 3969 privata
1003 3905 1093 3965 injuria
1111 3907 1260 3971 compulsus.

197 3983 259 4032 duee
269 3983 424 4042 Athenione,
438 3983 706 4046 rebellaveruntque
785 3984 880 4034 XXVI.
903 4001 925 4033 1.
946 3986 1054 4033 Omnino
1080 4002 1135 4034 cum
1161 3990 1259 4038 Herelio

198 4062 270 4110 endi»
282 4064 460 4112 accusationem
472 4065 600 4111 sustinent.
750 4064 920 4128 corrigendum
933 4065 1055 4127 arbitror,
1074 4089 1085 4107 u
1094 4068 1234 4131 quaesiverit
1242 4090 1265 4109 »-

234 4157 258 4201 9.
266 4144 299 4190 St.
307 4141 366 4191 add.
378 4144 436 4190 Uno
442 4143 535 4206 publici
545 4143 603 4190 boni
614 4143 705 4201 studio,
750 4146 813 4192 Η.
825 4146 852 4191 L.
