3176 4770
374 435 427 501 IN
453 432 665 503 VERREM
691 434 796 500 ACT.
817 434 872 513 ΙΙ,
898 433 991 500 LIB.
1009 435 1076 499 III.
1196 458 1259 530 '²7
1289 498 1293 505 .

198 571 250 626 tes
284 555 423 624 romani
449 551 663 646 judicarent.
704 555 825 622 Minor
856 574 933 621 esse
957 576 1075 634 nunc,
1101 551 1259 647 judices,

196 668 300 738 vobis
320 664 623 763 disceptantibus,
642 664 771 746 debet3
788 678 824 735 et
843 679 945 733 tanto
966 667 1102 767 minor,
1122 683 1260 764 quanto

126 764 131 783 ’
197 794 251 849 est
271 779 475 878 honestius,
494 775 620 847 alienis
638 773 796 868 injuriis,
824 796 933 870 quam
954 799 994 844 re
1016 800 1079 846 sua
1099 802 1260 851 commo-

197 889 285 959 veri.
305 885 402 974 Quid
421 884 466 955 ad
480 884 556 954 haec
571 881 791 981 respondere
809 886 966 980 cogitas?
979 891 1108 958 Utrum
1128 886 1261 960 facturn

198 995 370 1095 negabis?
396 1020 442 1066 an
467 994 533 1065 tibi
556 994 627 1066 hoc
646 995 782 1064 licitum
807 1018 882 1065 esse
910 994 1108 1067 defendes?
1126 1002 1263 1096 Negare

198 1110 262 1203 qui
287 1107 415 1205 potes?
435 1130 481 1175 an
500 1119 541 1175 ut
564 1118 662 1175 tauta
681 1106 893 1177 auctoritate
911 1104 1114 1195 literarum,
1135 1123 1191 1179 tot
1210 1124 1262 1180 te·

198 1216 313 1288 subus
339 1215 541 1315 publicanis
566 1208 802 1285 convincare?
829 1218 986 1286 Licuisse
1013 1240 1098 1287 vero
1124 1220 1212 1314 qui?
1234 1224 1263 1289 si

200 1326 404 1398 mehercule
424 1342 459 1396 te
478 1326 668 1424 pecuniam
683 1339 877 1408 mammon
893 1327 1020 1424 populi
1034 1332 1175 1400 romani
1182 1327 1211 1415 ⁶,
1225 1333 1263 1400 in

199 1438 385 1533 provincia
405 1435 618 1532 foeneratum
636 1434 823 1521 docerem,
846 1449 964 1506 tamen
988 1434 1167 1534 effugere⁷
1189 1464 1263 1510 non

201 1532 347 1643 po'sses:
366 1547 429 1618 sed
445 1541 664 1644 publicam⁸‚
677 1543 740 1614 sed
755 1543 804 1613 ob
823 1542 1048 1615 frumentum
1067 1548 1263 1640 decretam,

201 1654 262 1725 sed
292 1680 314 1725 a
332 1655 533 1754 publicanis
562 1651 702 1724 soenore
730 1667 907 1750 accepto;
930 1653 1001 1725 hoc
1021 1655 1161 1730 licuisse
1187 1663 1265 1731 cui*

202 1788 311 1860 quam
327 1762 523 1862 probabis?
540 1784 615 1860 quo
630 1787 706 1833 non
720 1762 831 1834 modo
849 1767 969 1848 ceteri,
983 1765 1045 1836 sed
1062 1782 1103 1837 tu
1119 1770 1195 1865 ipse
1210 1774 1266 1841 ni·

204 1874 253 1944 hil
264 1874 433 1946 audacius
442 1870 848 1971 improbiusquesecisti.
859 1876 939 1942 Nou
952 1874 1175 1948 mehercule⁹
1184 1880 1266 1966 hoc,

203 1984 303 2082 quod
314 1985 485 2055 omuibus
497 1983 676 2080 singulare
690 1982 842 2071 videtur,
851 1982 895 2054 de
906 2008 982 2082 quo
996 1987 1084 2057 mihi
1097 1987 1266 2087 deinceps

203 2093 396 2166 dicendum
412 2109 482 2181 est,
496 2116 662 2192 possum,
675 2091 832 2188 judices,
851 2092 969 2165 dicere
984 2095 1154 2167 audacius
1172 2122 1266 2184 esse,

204 2220 266 2275 aut
288 2201 653 2301 impudentius‚quod
676 2204 866 2299 permultis
884 2204 1086 2275 civitatibus
1108 2229 1175 2302 pro
1192 2206 1267 2279 fm-

205 2329 328 2384 mento
343 2313 432 2383 nibil
448 2313 552 2383 solvit
571 2315 724 2381 omnino
740 2341 748 2381 ε
768 2312 883 2406 major
896 2313 972 2382 haec
987 2313 1105 2409 praeda
1119 2313 1268 2388 fortasse

206 2439 279 2511 est3
293 2424 356 2495 sed
370 2424 430 2493 illa
443 2421 667 2520 impudentia
679 2437 775 2492 certe
792 2447 866 2492 non
882 2425 1009 2494 minor.
1024 2412 1079 2510 Et,
1095 2430 1268 2524 quoniam

206 2535 251 2605 de
270 2535 329 2604 illa
346 2533 583 2604 soeneratioue
600 2534 683 2602 satis
696 2531 832 2603 dictum
849 2544 922 2621 est,
939 2560 1036 2607 nunc
1052 2535 1178 2609 dehac
1193 2552 1269 2611 tota

207 2645 359 2740 pecunia
377 2664 517 2729 aversa,
539 2666 682 2738 quaeso,
701 2645 918 2738 cognoscite.

256 2757 411 2825 LXXIII.
434 2754 559 2823 Siciliae
578 2754 755 2822 civitates¹
780 2752 900 2822 multae
916 2768 1017 2839 sunt,
1033 2754 1188 2848 judices,
1206 2782 1268 2827 or-

209 2878 299 2933 natae
315 2877 423 2958 atque
438 2863 598 2933 honestae
617 2887 626 2929 t
647 2886 690 2931 ex
706 2861 843 2958 quibus
864 2865 1030 2960 inprimis
1045 2867 1269 2937 numeranda

210 2986 264 3043 est
282 2972 585 3042 civitasHalesina.
602 2971 744 3041 Nullam
758 2976 855 3042 enim
873 2976 1059 3069 reperietis
1073 2974 1271 3047 autolficiis

243 3227 268 3273 6.
280 3220 377 3271 Sebiitz.
388 3239 400 3269 e
410 3221 519 3269 lambini
532 3222 648 3284 margine,
652 3238 720 3284 pm.
763 3214 883 3279 reperiare
897 3214 1037 3279 foerterntns
1056 3234 1106 3266 esse
1124 3236 1172 3266 nort
1186 3233 1269 3279 tuam,

211 3318 287 3354 torem
297 3318 357 3367 pop.
377 3319 398 3350 r.
420 3300 496 3364 Quod
508 3301 592 3364 paucis
606 3300 720 3362 placebit.
763 3295 954 3358 scriptibilem,
966 3308 1012 3345 etc.
1023 3300 1114 3347 Verum
1127 3315 1171 3347 eur
1184 3302 1271 3350 incite-

210 3386 236 3433 J.
244 3385 276 3432 V.
289 3386 318 3430 L.
466 3428 471 3437 ,
764 3375 826 3422 tiore
836 3375 930 3422 dicendi
940 3376 1016 3423 forme
1025 3393 1076 3424 non
1083 3389 1166 3426 utetur
1177 3382 1272 3430 orator?

246 3483 270 3525 7.
296 3465 387 3510 Tamen
407 3459 526 3527 effugere.
548 3459 612 3522 Quin
632 3475 719 3522 nempe
799 3469 824 3515 9.
840 3455 895 3500 Non
912 3454 1052 3503 mehercule.
1071 3459 1129 3504 Non
1148 3461 1274 3519 estmeJor
1348 3469 1354 3480 ·

210 3556 295 3592 mm
306 3542 371 3605 leg„
383 3552 465 3605 „pem
478 3549 609 3604 peccam
623 3539 719 3587 Nom.
763 3533 845 3579 Verris
866 3535 1016 3597 Impudentiu
1031 3538 1056 3582 in
1076 3536 1124 3583 isto
1137 3538 1188 3596 ejus
1208 3539 1273 3586 lecto

211 3623 269 3671 dum
283 3621 427 3687 pmidibu„
443 3620 625 3683 provinciarum
634 3618 659 3664 in
671 3622 720 3665 suis
764 3628 814 3675 qno
822 3613 947 3674 permultis
955 3611 1145 3679 civitatibnepro
1151 3617 1273 3665 frumento

211 3702 345 3766 provineIIs
358 3702 404 3748 trit
421 3700 474 3746 baec
490 3699 619 3746 interdic-u
633 3698 720 3756 luisse,
765 3690 825 3736 nillil
836 3691 920 3747 mlvit,
931 3692 1022 3755 dequo
1033 3710 1091 3740 mox
1103 3693 1190 3749 dicam,
1202 3711 1275 3757 quam

211 3782 416 3847 negotiationem,
429 3789 552 3834 mutuum,
567 3777 719 3826 foennt.Vid.
765 3768 791 3814 ln
805 3784 832 3815 ω
846 3769 1003 3818 soemratione
1017 3773 1047 3817 de
1057 3787 1104 3833 qua
1111 3774 1161 3830 jam
1175 3772 1274 3836 loquor.

212 3860 368 3908 Modestinus
380 3860 474 3921 DIgest.
483 3858 526 3906 llb.
536 3858 601 3911 xli,
613 3867 632 3904 t.
647 3874 668 3904 ι.
766 3847 900 3910 Diligemer
909 3848 1086 3896 observandum
1095 3864 1167 3913 quen.-
1181 3863 1237 3915 epte
1245 3854 1277 3902 ab

250 3941 275 3987 8.
294 3938 343 3986 Sed
352 3937 485 4002 publicam.
500 3935 566 3984 Ante
579 3936 630 3982 ltaee
649 3936 721 3983 verba
766 3927 811 3975 bac
825 3927 856 3974 ad
870 3939 1010 3990 sequentem
1024 3932 1185 3978 narrationem
1200 3943 1277 3981 tenne·

215 4018 281 4065 docti
295 4017 397 4082 paucula
415 4016 525 4079 quaedam
540 4015 670 4062 derident}
685 4032 725 4062 m.
769 4016 807 4053 eat
816 4017 906 4061 orator,
916 4017 939 4053 et
950 4006 1011 4054 lianc
1021 4023 1076 4054 curu
1085 4007 1126 4055 ille
1135 4012 1276 4076 conjunget.

215 4096 347 4158 opinentur.
362 4100 482 4143 lacunam
495 4094 578 4158 explet
598 4095 726 4142 Lambinus
804 4088 921 4135 Lxxln.
945 4102 967 4134 ι.
988 4086 1078 4135 Sicilire
1100 4089 1215 4139 ciuitates.
1238 4096 1280 4139 Se·

217 4174 265 4220 boc
272 4177 357 4221 modo:
368 4177 438 4220 ll‘une
450 4190 506 4219 ueni
514 4190 588 4236 qnam
594 4174 726 4238 pecuniam
771 4164 850 4210 ⁰¹¹⁰&
864 4165 971 4213 ssssrfflllo
980 4200 988 4219 2
998 4166 1029 4213 ad
1042 4181 1097 4228 cap.
1115 4184 1158 4227 77.
