3142 4774
302 403 351 487 ot
521 407 524 415 ’
616 402 663 471 Μ.
689 406 727 471 Τ.
756 406 1052 477 CICERONIS
1417 509 1419 514 Ι

301 524 379 622 puli
397 526 537 595 romani
554 526 692 619 magnis
708 523 867 617 injuriis,
882 540 917 595 et
934 550 1065 621 magno
1080 524 1205 598 dolore
1249 527 1367 600 ublice

304 637 550 707 testimouium
567 633 686 706 dicere
701 650 927 731 cogerentur.
943 639 1030 724 Uni,
1042 553 1268 727 meherculei,
1282 640 1367 711 huic

273 776 285 809 x
304 748 436 818 civitati
447 757 474 833 ⁷,
488 748 635 829 Verres,
654 743 829 815 obsistere
849 759 909 815 tua
926 742 1135 816 defensione
1151 771 1225 816 non
1242 764 1364 845 potes:

305 870 403 926 tauta
431 855 623 924 auctoritas
653 868 707 923 est
736 854 773 922 in
803 878 930 924 eorum
959 853 1148 925 homiuum
1176 855 1367 944 fidelitate,

305 981 425 1036 tantus
454 963 559 1034 dolor
580 964 618 1032 in
644 952 794 1057 injuria,
817 978 917 1034 tanta
939 964 1067 1061 religio
1091 968 1129 1035 in
1147 967 1368 1038 testimonio.
1471 964 1474 969 ’

302 1080 439 1146 Verum
459 1099 534 1143 non
555 1098 626 1144 una
652 1089 687 1144 te
707 1088 871 1161 tantum,
895 1073 958 1144 sed
979 1077 1168 1163 universae,
1194 1076 1369 1150 similibus
1413 1146 1417 1165 ,

303 1183 441 1256 afflictae
461 1183 719 1268 incommodis,
743 1182 984 1280 legationibus
1007 1206 1048 1252 ac
1072 1185 1283 1255 testimoniis
1300 1210 1367 1282 pu-

304 1294 409 1365 blicis
429 1304 708 1391 persequuntur.

355 1405 501 1475 XXXII.
516 1405 658 1474 Etenim
676 1405 846 1501 deinceps
862 1402 1066 1490 videamus,
1084 1404 1307 1477 Herbitensis
1323 1408 1370 1477 ci-

307 1517 418 1600 vitas,
448 1513 621 1600 honesta,
652 1530 688 1583 et
723 1528 827 1584 antea
863 1516 1031 1612 copiosa,
1062 1516 1370 1611 quemadmodum

306 1624 456 1722 spoliata
477 1622 522 1693 ab
545 1627 614 1694 isto
637 1648 677 1694 ac
695 1618 821 1713 vexata
842 1625 896 1694 sit.
918 1630 963 1694 At
981 1649 1139 1721 quorum
1160 1624 1372 1697 hominum?

306 1757 530 1804 summorum
559 1747 741 1803 aratorum
751 1744 776 1822 1,
800 1735 1123 1804 remotissimorum
1149 1760 1169 1805 a
1196 1734 1295 1821 for0,
1314 1738 1371 1831 ju·

307 1843 428 1930 dicii's,
455 1846 739 1914 controversiis:
767 1840 901 1939 quibus
927 1866 1073 1940 parcere
1100 1858 1136 1914 et
1161 1846 1370 1932 consulere,

307 1953 419 2024 homo
437 1954 697 2051 impurissime,
718 1968 754 2022 ct
771 1950 872 2048 quod
889 1976 1003 2049 genus
1021 1952 1213 2022 hominum
1232 1953 1370 2024 studio-

305 2065 443 2134 sissime
473 2085 682 2133 conservare
710 2058 876 2132 debuisti.
907 2065 1026 2132 Primo
1055 2087 1153 2132 anno
1178 2065 1372 2134 venierunt

308 2175 384 2268 ejus
405 2174 479 2269 agri
500 2170 660 2242 decumae
685 2172 793 2241 tritici
813 2171 1042 2241 'medimnum
1067 2196 1165 2242 xvm.
1191 2171 1371 2259 Atidius²,

307 2285 409 2353 istius
435 2285 520 2352 item
549 2284 712 2353 minister
737 2284 774 2351 in
795 2281 976 2369 decumis,
1005 2306 1119 2378 quum
1148 2285 1310 2365 emisset,
1337 2299 1373 2356 et

307 2390 467 2489 praefecti
484 2389 656 2461 nomine³
679 2416 793 2487 quum
818 2394 973 2461 veulsset
994 2390 1179 2462 Herbitam
1198 2417 1282 2462 cum
1301 2396 1372 2462 Ve-

308 2503 437 2581 neriis,
454 2499 628 2609 locusque
645 2504 677 2569 ei
695 2500 861 2597 publice,
884 2524 959 2596 quo
981 2499 1247 2587 deverteretur,
1268 2501 1372 2571 datus
1408 2564 1420 2578 ,

308 2625 418 2695 esset3
440 2622 622 2706 coguntur
643 2607 875 2680 Herbitenses
898 2611 930 2680 ei
953 2610 1045 2683 lucri
1067 2609 1152 2681 dare
1170 2612 1280 2681 tritici
1298 2635 1373 2680 me·

309 2720 474 2793 dimnum
507 2743 651 2805 xxxvu,
692 2742 808 2814 quum
843 2717 1004 2789 decumae
1044 2720 1226 2788 venissent
1264 2720 1373 2790 tritici

310 2830 533 2904 medimnum
558 2855 657 2900 xvnr.
687 2836 804 2925 Atque
832 2827 902 2899 hoc
932 2842 1072 2899 tantum
1098 2830 1258 2898 triticum
1285 2830 1373 2902 lucri

309 2956 490 3038 coguntur
510 2941 594 3010 dare
614 2938 776 3036 publice,
799 2963 913 3036 quum
930 2938 1195 3035 jamprivatim
1218 2956 1375 3011 aratores

310 3075 355 3121 ex
374 3051 484 3145 agris,
503 3049 643 3145 spoliati
662 3065 771 3145 atquc
790 3050 956 3144 exagitati
980 3047 1265 3120 decumanorum
1283 3050 1375 3143 inju-

309 3160 389 3242 riis,
403 3155 654 3254 profugissent.
672 3163 778 3228 Anno
796 3159 956 3232 secundo
971 3184 1087 3256 quum
1103 3162 1246 3230 emisset
1263 3164 1376 3255 Apro·
1415 3152 1420 3161 “

312 3272 393 3336 nius
414 3267 583 3339 decumas
602 3268 710 3337 tritici
729 3269 953 3341 medimnum
970 3297 1039 3340 xxv
1056 3260 1281 3352 millibus,'et
1298 3270 1375 3364 ipse

311 3375 497 3447 Herbitam
524 3400 607 3447 cum
636 3376 697 3447 illa
727 3379 937 3474 praedonum
971 3382 1073 3474 copia
1104 3401 1286 3472 manuque
1316 3403 1375 3448 ve·

348 3644 373 3687 7.
389 3623 438 3672 Uni
454 3622 511 3670 huic
524 3620 625 3669 civitati.
645 3605 724 3669 Etiam
738 3622 820 3670 sihaec
901 3637 925 3668 a.
940 3618 1045 3681 Quidam
1055 3619 1153 3679 volunt,
1169 3624 1290 3669 Arrenius
1300 3620 1374 3675 istius,

310 3723 359 3754 nnn
371 3704 431 3752 urbs
450 3710 524 3757 esset,
548 3700 609 3747 nihil
630 3702 651 3747 ei
675 3701 822 3765 respondere
865 3699 920 3746 item
934 3714 967 3747 m.
984 3699 1010 3745 J.
1023 3702 1055 3748 V.
1066 3703 1093 3748 L.

310 3802 407 3849 posses,
419 3796 492 3846 utque
510 3781 535 3828 in
556 3781 604 3828 boc
618 3792 662 3829 tuo
681 3796 822 3846 propugnn·
902 3778 1052 3841 &Profecti
1063 3779 1167 3828 nornine.
1182 3779 1280 3828 Scilicet
1288 3781 1323 3827 elo
1333 3796 1379 3843 ap·

311 3865 381 3921 culo,
392 3862 504 3910 nimirum
512 3873 536 3908 te
545 3876 634 3925 magno
644 3860 757 3909 decumas
765 3873 822 3904 ven·
866 3856 1019 3921 pellabantur
1026 3857 1106 3921 plures
1113 3858 1257 3921 inpraetoria
1264 3859 1377 3906 cohorte:
1421 3906 1427 3917 ,

313 3940 415 4001 didisse,
424 3956 486 3987 esses
500 3942 585 3988 victus.
866 3946 938 3997 atque
955 3937 1027 3984 etiarn
1044 3936 1092 3983 hoc
1106 3938 1204 3984 nornine
1222 3952 1280 3984 sane
1291 3954 1322 3984 ex
1332 3937 1377 3985 do·

274 4070 276 4075 ,
347 4020 497 4066 xxx11.1.
515 4022 666 4065 Summorum
685 4026 819 4063 aratorum.
866 4016 972 4063 mestitia
992 4032 1068 4064 unum
1089 4027 1216 4063 ornaverat
1235 4019 1336 4074 Verres,
1350 4027 1378 4063 ut

314 4099 364 4159 Qui
374 4097 416 4144 uni
424 4097 526 4144 arationi
538 4107 595 4143 sunt
608 4096 685 4141 dediti
694 4102 717 4140 et
727 4094 821 4140 Intenti
865 4095 914 4141 hoc
935 4095 1031 4142 militari
1049 4094 1123 4143 titulo
1136 4106 1160 4143 et
1179 4096 1304 4157 equitum,
1316 4111 1379 4160 quos
