3116 4774
392 397 580 467 ORATIO
604 398 702 464 PRO
728 399 769 464 A.
791 396 998 468 CAECINA.
1155 398 1221 481 481

170 520 284 592 beret.
304 525 401 605 lmo,
420 531 462 587 ut
478 518 554 586 viro
571 512 657 586 lorti
674 539 714 586 ac
735 515 887 611 sapienti
906 514 1055 613 dignum
1075 512 1162 603 fuit,
1178 517 1227 586 ita

172 628 387 701 calumniam
405 625 664 722 stultitiamque
681 623 829 696 obtrivit
847 647 887 694 ac
904 622 1077 695 contudit.
1093 630 1135 695 ln
1147 651 1228 723 pos·

174 741 329 810 sessione
348 736 530 809 bonorum
550 759 664 830 quum
684 743 812 819 esset²‚
831 748 867 803 et
881 758 994 829 quum
1010 735 1086 831 ipse
1106 751 1227 806 sextu·

173 851 243 921 lam
262 873 363 921 suam
376 851 528 919 nimium
541 859 780 942 exaggeraret,
794 844 940 915 nomine
956 842 1122 916 heredis³
1137 846 1228 917 arbi·

174 975 271 1030 trum
288 957 424 1029 lumiliae
439 955 655 1028 erciscundae
670 954 873 1051 postulavit.
891 958 1008 1050 Atque
1022 956 1089 1026 illis
1107 959 1229 1054 paucis

175 1068 318 1154 diebus,
333 1082 568 1165 posteaquam
581 1063 697 1151 videt,
710 1063 800 1133 nihil
812 1089 850 1137 se
862 1063 908 1135 ab
922 1067 962 1134 t.
977 1068 1114 1137 caecina
1125 1090 1230 1163 posse

174 1180 290 1251 litium
314 1182 474 1250 terrorel
494 1175 685 1263 abradere3
704 1174 844 1244 homini
865 1177 988 1245 Romae
1010 1177 1046 1244 in
1068 1173 1149 1247 foro
1171 1175 1231 1249 de·

174 1289 316 1359 nuntiat
324 1284 350 1376 ⁵,
364 1285 517 1358 lundum
530 1285 646 1370 illum,
659 1282 792 1380 dequo
806 1299 888 1355 ante
903 1283 994 1372 dixi,
1008 1285 1108 1378 cujus
1120 1287 1230 1359 istum

24 1428 29 1435 ·
69 1474 74 1483 ¹
176 1412 376 1496 emptorem
405 1396 647 1466 demonstravi
680 1391 788 1465 fuisse
822 1394 993 1466 mandatu
1021 1388 1231 1486 Caesenniae,

176 1531 281 1578 suum
297 1531 392 1591 esse,
411 1529 523 1602 seque
542 1503 610 1575 sihi
627 1503 765 1574 emisse.
783 1503 880 1592 Quid
895 1505 1063 1577 cisimus
1079 1506 1231 1578 illelun·

178 1616 246 1688 dus
258 1632 310 1687 est
317 1613 346 1703 θ,
363 1640 473 1713 quem
486 1618 563 1685 sine
576 1611 651 1684 ulla
663 1617 903 1684 controversia
917 1613 1194 1710 quadriennium
1204 1630 1231 1705 ⁷,

3 1734 17 1759 '
178 1726 249 1798 hoc
264 1740 318 1798 est
328 1750 404 1814 „ex
423 1749 498 1821 quo
516 1736 679 1821 tempore
694 1718 829 1793 fundus
842 1722 970 1809 veniit,
992 1725 1110 1820 quoad
1128 1727 1233 1813 vixit,

175 1902 682 1970 pouetaocipere.Voleterresautsmbieu·
760 1902 784 1961 4.
798 1900 884 1949 Litium
895 1913 993 1950 terrore.
1006 1904 1179 1953 concussionis
1190 1922 1233 1969 ge·

62 1990 82 2062 ‘3
178 1984 247 2032 uium
264 1983 385 2041 obsessas,
398 1992 423 2030 et
438 1982 552 2031 omuibus
564 1981 683 2043 injuriisa
727 1995 787 2040 uus,
797 1980 814 2029 l.
826 1978 926 2043 1‚§nlt.
936 1982 968 2030 D.
977 1981 1008 2029 de
1019 1981 1122 2031 wama.
1132 1984 1233 2031 Passus.

22 2077 26 2083 ·
62 2057 99 2123 ’ᾗ
179 2063 246 2111 Sulla
258 2063 376 2110 dictatore
386 2062 498 2120 affectas,
510 2071 598 2109 notum
610 2069 686 2107 estex
727 2084 763 2095 -
780 2059 911 2106 Abrudere.
930 2062 1088 2122 Extorquere.
1108 2061 1235 2110 Abmdere

177 2141 289 2191 historia.
302 2141 350 2189 Sed
362 2141 420 2189 bule
432 2140 488 2188 loeo
496 2138 630 2205 respondet
639 2150 685 2200 po·
728 2146 764 2184 eat
774 2136 866 2200 aliquid
874 2152 918 2200 per
928 2137 1085 2187 vimauterrs.
1098 2141 1176 2187 lusu.

179 2231 229 2270 stre
240 2221 326 2270 Cicero
340 2219 448 2284 copiose.
462 2222 580 2268 Hsmoru
592 2241 629 2254 —
640 2213 685 2262 Gu-
764 2214 789 2262 5.
799 2212 898 2262 Homini
906 2216 989 2263 Romae
997 2213 1090 2281 infero
1099 2216 1235 2269 denudat.
1336 2207 1338 2211 ’

180 2299 299 2348 lumniam
308 2297 481 2362 taediumque
490 2295 620 2344 obtrivdae
627 2310 686 2341 eou-
729 2296 768 2342 llx
779 2294 828 2343 boo
842 2294 914 2352 loeo,
927 2305 951 2343 et
968 2294 1011 2344 illo
1027 2295 1116 2357 altero,
1131 2296 1236 2361 intelligi

179 2378 252 2427 rudit.
283 2377 405 2442 Iurprobu
428 2377 478 2424 litis
504 2388 635 2430 terrorem,
662 2382 686 2420 et
729 2381 825 2436 potest,
847 2372 1029 2434 meminisse,
1051 2385 1079 2421 ut
1101 2376 1145 2438 qui
1167 2375 1235 2424 litem

180 2456 305 2505 stultitiam
332 2454 485 2521 prostravit,
511 2453 643 2518 perfregit,
662 2461 687 2499 et
728 2451 852 2499 instituere
862 2451 983 2515 etuliquid
991 2464 1072 2516 petere
1081 2453 1237 2518 veneepriuc

179 2536 276 2583 imuem
289 2534 405 2584 reddidit.
730 2530 800 2581 dees
812 2546 838 2578 re
849 2530 957 2580 debitori
967 2531 1131 2591 denuntiaret,
1144 2533 1171 2581 id
1183 2545 1234 2594 eat,

217 2630 243 2663 a.
263 2616 293 2660 Iu
307 2611 458 2677 possessione
476 2611 594 2659 botrorum
613 2624 687 2673 quum
731 2621 863 2658 untounte
871 2609 1238 2674 praediceret‚liremseetcou·

181 2703 248 2740 suet.
267 2693 366 2740 Mortua
385 2690 459 2755 igitur
479 2689 608 2737 fructuaria
626 2703 687 2741 con-
731 2689 870 2738 troversiam
893 2690 917 2737 ei
939 2690 1001 2739 velle
1022 2690 1167 2751 intendere,
1188 2693 1238 2741 nisi

182 2768 262 2815 testim
278 2778 398 2831 tamquam
415 2765 608 2815 consolidatione
625 2766 688 2815 tacta
731 2767 866 2816 cedendum
879 2779 983 2831 putaret.
997 2772 1116 2817 Hor-rou.

182 2856 208 2894 et
219 2846 292 2910 pleno
299 2847 353 2905 jure
366 2845 478 2894 doudw
489 2845 540 2904 ejus
550 2845 620 2892 lundi
632 2860 688 2908 pos·
766 2847 792 2894 6.
805 2846 872 2909 Quid
884 2846 935 2893 air?
947 2845 1014 2893 istius
1026 2847 1067 2894 illc
1075 2846 1169 2909 fitam
1182 2855 1238 2895 est?

182 2925 313 2973 sessionem
330 2924 461 2972 naturalem
483 2924 688 2988 apprehenderet;
731 2925 912 2975 Hortomanuus
928 2924 964 2972 ait
980 2940 1005 2972 se
1023 2936 1107 2974 eontra
1127 2927 1237 2975 omnium

116 3055 126 3069 .
183 3020 241 3052 uam
248 3014 318 3051 autu
326 3003 431 3051 civiliter
439 3014 533 3051 nutum
540 3002 688 3066 possidebat,
731 3002 849 3051 librorum
867 3002 1034 3050 auctoritatem
1047 3005 1171 3052 restituere
1184 3016 1239 3053 turus

108 3134 111 3139 ,
183 3099 258 3147 quum
280 3081 424 3145 ususfructus
444 3081 618 3145 possessionem
639 3095 689 3127 nou
733 3078 1240 3145 illefuudusest,iuquuseutentirsedieit

95 3152 102 3233 ⁸¹
140 3194 142 3199 ,
183 3160 314 3226 iuapediut,
334 3161 351 3209 l.
370 3177 425 3224 pen.
444 3162 478 3210 D.
501 3160 532 3208 de
547 3176 603 3224 acq.
624 3174 689 3223 poss.
733 3159 992 3207 oeaehmbiuusme
1007 3160 1123 3209 librorum
1137 3165 1240 3227 seriptu-

3 3258 7 3269 ·
184 3245 335 3291 nouom·
344 3237 692 3303 Eddquaedamvsttbabeut
734 3236 1240 3303 ranouolfeudit,bouamquelocutioue1u

78 3314 97 3344 '¹
154 3334 157 3341 ’
183 3318 432 3385 pouessimmunde
441 3320 691 3380 conjiciuntdupos·
733 3316 1240 3385 illam‚atqueusiratamesssvideo;quasi

184 3400 349 3451 curionem...
361 3414 435 3462 quum
446 3397 509 3446 isset.
520 3396 614 3446 Deinde
625 3410 692 3443 men·
734 3394 761 3442 id
774 3410 883 3459 quaerens
897 3395 990 3445 alieuua
1002 3396 1089 3462 aliquis
1100 3398 1241 3458 inducitur;

185 3476 308 3534 doesnel
323 3475 396 3524 dubie
411 3474 493 3523 multa.
512 3474 652 3536 sublegit,
669 3480 694 3517 et
735 3476 1054 3539 etsieuesoioquomodo
1067 3479 1243 3538 majorvisest

186 3573 260 3621 quum
271 3557 330 3612 ἐπες
341 3564 410 3619 post,
421 3558 501 3618 Atque
511 3554 556 3602 iste
563 3571 590 3617 p.
600 3552 691 3600 debus.
735 3553 807 3613 bujus
824 3554 1025 3619 anthypophora.
1043 3557 1114 3605 Plura
1129 3556 1242 3605 vidistis

186 3637 211 3683 J.
220 3636 252 3682 V.
261 3637 289 3683 1..
736 3633 1149 3696 CiceroueipsoinLueulloudilla
1163 3635 1244 3693 verbs,

223 3710 693 3774 tuomuetmuismmbiguedtuum.
723 3698 840 3758 'Vererer
859 3728 914 3759 satos
933 3728 1013 3761 seusus
1029 3712 1169 3770 medicis,
1188 3730 1243 3776 quse

188 3791 251 3839 Num
274 3790 367 3839 heredes
387 3790 485 3838 neruiue
507 3789 626 3847 dicimus,
647 3805 694 3854 pro
737 3790 1243 3854 uouesthicueeeeserepetere.l³.l·'asra.

188 3869 261 3933 quasi
273 3869 338 3917 lieres
351 3882 427 3926 esser3
445 3880 469 3917 et
482 3868 584 3916 ridicule
597 3868 644 3915 boe
662 3869 694 3915 si·
775 3887 799 3932 7.
815 3870 1015 3931 Quadrieunium.
1031 3862 1245 3933 dimidiumque

189 3947 302 4011 gnificat,
312 3949 380 4012 quasi
391 3949 434 4012 qui
443 3960 492 3996 tam
502 3964 577 4013 perra
588 3963 618 3995 ex
627 3960 695 4012 parte
737 3949 816 4014 spatio
827 3964 899 4011 quam
909 3965 941 3996 ex
951 3949 1003 4012 lege
1011 3965 1052 3997 ιιι
1066 3948 1199 3998 tabularum
1212 3950 1244 3998 ad

190 4026 259 4074 berea
272 4037 348 4087 esset,
360 4027 475 4090 indiguus
487 4026 582 4076 heredia
598 4029 695 4075 nomine
738 4028 911 4090 usucapionem
928 4027 1070 4092 requiratur.
1088 4029 1165 4079 Jubet
1181 4031 1246 4080 enim

192 4103 323 4153 rideretur.
336 4106 457 4154 Horrore.
740 4116 832 4155 tantum
843 4121 893 4155 esse
906 4105 1040 4159 biennium.
1055 4111 1132 4157 Iners.

287 4187 333 4253 ss.
357 4202 400 4247 Cir.
409 4217 466 4262 pars
475 4202 581 4248 urenda.
1086 4189 1125 4260 31
