3176 4770
330 440 397 535 146
637 444 684 509 Μ.
710 443 749 510 Τ.
775 444 1065 515 crenaonrs

322 562 563 650 administras,
577 577 723 659 paratus
737 567 805 639 sim
816 564 921 654 dare3
938 563 1111 661 angulum
1124 564 1212 636 mihi
1226 565 1384 664 aliquem

323 673 432 770 eligas
458 672 650 769 provinciae
674 673 903 751 reconditum
930 698 971 745 ac
998 672 1233 749 derelictum?
1257 677 1387 773 jubeas

321 781 372 855 ibi
385 805 444 857 me
458 783 594 870 metiri,
608 807 683 880 quo
698 798 841 881 portare
855 810 931 859 non
945 783 1157 882 expediat²l
1171 785 1235 856 ubi
1246 786 1384 861 ernere³

320 917 394 965 non
413 894 591 990 possint?
608 895 818 991 Improbum
827 892 985 981 lacinus,
998 892 1240 988 judices,non
1260 895 1382 971 feren·

318 1003 429 1090 dum,
450 1004 588 1081 nemini
612 1003 691 1098 lege
711 1028 942 1092 eoncessum,
959 1001 1022 1075 sed
1037 1001 1186 1076 fortasse
1206 1003 1326 1078 adhuc
1343 1009 1382 1079 in

317 1113 420 1189 nullo
442 1114 550 1186 etiam
567 1112 810 1187 vindicatum:
834 1128 954 1185 tamen
973 1136 1040 1210 ego
1060 1112 1148 1200 hoc,
1170 1112 1271 1210 quod
1294 1112 1383 1186 ferri

317 1248 414 1321 nego
446 1245 568 1320 posse,
598 1224 720 1311 Verri,
749 1221 912 1317 judices,
937 1221 1098 1297 concedo
1123 1236 1159 1297 et
1180 1221 1321 1318 largior.
1346 1227 1384 1296 Si

315 1333 390 1404 ullo
420 1335 458 1402 in
475 1330 567 1403 'loco
595 1331 674 1425 ejus
702 1334 894 1429 provinciae
922 1330 1147 1405 frumentum
1177 1331 1384 1432 muniuit,

313 1443 440 1538 quanti
455 1442 522 1512 iste
542 1442 742 1529 estimavit,
764 1443 836 1515 hoc
857 1449 993 1517 crimen
1010 1446 1047 1514 in
1062 1445 1170 1516 istum
1193 1467 1296 1514 reum
1318 1470 1380 1516 va·

315 1552 389 1623 lere
414 1565 582 1649 oportere
610 1577 685 1625 non
705 1552 871 1625 arbitror.
900 1559 1036 1627 Verum
1062 1555 1247 1626 enimvero
1267 1581 1382 1653 quum

314 1677 407 1733 esset
428 1666 495 1735 Hs
516 1659 632 1749 binis,
658 1678 722 1733 aut
749 1664 855 1733 etiam
879 1667 1007 1751 ternis,
1029 1663 1218 1760 quibusvis
1235 1669 1273 1737 in
1294 1665 1382 1737 locis

311 1775 525 1870 provincie,
542 1771 733 1843 duodenos
755 1772 960 1843 sestertios⁵
980 1776 1139 1872 exegisti.
1159 1780 1195 1846 Si
1216 1775 1305 1849 mihi
1326 1789 1381 1847 te·

310 1879 418 1959 cum⁶
440 1906 559 1978 neque
583 1878 629 1953 de
654 1906 816 1968 annona,
842 1906 963 1978 neque
987 1883 1033 1954 de
1061 1888 1298 1957 aestimatione
1319 1900 1380 1957 tua

309 2007 430 2091 potest
449 2016 526 2063 esse
543 1993 801 2078 controversia,
820 1988 908 2087 quid
925 1991 1048 2062 sedes?
1066 1992 1154 2089 quid
1171 1995 1380 2090 exspectas?

198 2098 203 2105 ’
308 2102 398 2200 quid
425 2100 620 2173 defendes?
637 2104 769 2172 Utrum
787 2099 877 2171 tibi⁷
900 2096 1085 2198 pecuniae⁸
1105 2098 1301 2170 conciliatae
1323 2101 1376 2170 ri-

311 2213 445 2284 dentur
459 2210 648 2282 adversum
664 2210 775 2308 leges,
793 2208 981 2309 adversum
996 2209 1276 2308 rempublicam,
1292 2234 1376 2280 cum

311 2324 466 2393 maxima
493 2324 674 2391 sociorum
697 2320 846 2416 iujuria3
865 2345 911 2391 an
931 2320 1072 2392 veroid
1093 2334 1208 2404 recte,
1227 2319 1376 2403 ordine,

310 2426 553 2525 erepublica,
573 2432 650 2499 sine
674 2431 892 2527 cujusquam
908 2429 1037 2531 injuria
1063 2429 1197 2503 facturn
1216 2454 1292 2503 esse
1311 2427 1375 2500 de-

309 2538 458 2613 fendes?
471 2541 597 2630 Quum
612 2536 680 2609 tibi
696 2554 840 2612 senatus
857 2564 902 2611 en
914 2541 1037 2615 aerario
1050 2540 1239 2638 pecuniam
1250 2563 1375 2639 prom·

305 2649 454 2746 psisset,
476 2660 514 2719 et
531 2646 692 2744 singulos
711 2647 778 2719 tibi
789 2649 957 2743 denarios
974 2648 1263 2734 adnumerasset,
1280 2674 1375 2746 quos

306 2774 345 2828 tu
357 2784 424 2856 pro
438 2758 585 2857 singulis
601 2756 732 2829 modiis
745 2758 947 2833 aratoribus
961 2744 1136 2845 solveres;
1152 2756 1243 2856 quid
1255 2756 1374 2831 facere

304 2869 486 2945 debuisti?
502 2873 555 2956 Si,
571 2868 696 2967 quoda
714 2871 752 2939 Ia
775 2870 856 2940 Piso
878 2869 938 2940 ille
963 2869 1086 2965 Frugi,
1109 2871 1173 2964 qui
1190 2867 1306 2966 legem
1326 2866 1374 2940 de
1481 2949 1489 2963 „

341 3078 366 3108 a.
388 3062 445 3108 Non
458 3060 583 3124 expediat.
595 3064 698 3125 Propter
710 3012 835 3111 venturae1
858 3048 989 3110 rot'ternia
1010 3062 1097 3123 luisse3
1117 3079 1197 3126 nequo
1218 3062 1250 3112 de
1271 3064 1373 3113 utimr·

306 3138 483 3187 difficultatem.
819 3150 821 3161 ¹
858 3142 938 3199 tione,
951 3140 978 3188 ld
990 3153 1042 3203 ert,
1061 3140 1092 3190 de
1104 3142 1180 3189 ternis
1194 3141 1308 3190 denariis.

341 3218 365 3265 3.
381 3217 428 3264 Ubi
440 3230 526 3264 ernon.
538 3218 641 3280 Propter
648 3217 720 3267 istius
732 3219 814 3284 auguli
894 3236 919 3281 7.
935 3223 1019 3269 Utrum
1030 3221 1081 3270 tibi.
1097 3223 1187 3269 Utrum
1205 3221 1287 3267 fateris
1298 3236 1372 3284 poru-

305 3296 433 3345 mireriam.
573 3332 577 3339 .
857 3300 910 3347 niro
922 3300 1126 3359 istrr‚duodenos
1137 3299 1236 3360 inquam
1247 3299 1372 3347 mtertior

340 3385 364 3433 4.
374 3374 437 3431 Atii,
446 3388 553 3437 possum.
562 3374 586 3421 J.
596 3377 629 3423 V.
640 3377 670 3425 Ι..
856 3380 958 3427 moniis
979 3381 1022 3436 vi,
1045 3389 1070 3426 et
1088 3392 1143 3423 oum
1165 3375 1254 3435 injuria
1275 3387 1374 3440 erepta

338 3453 362 3505 ⁵.
375 3452 506 3501 Duodenor
523 3452 650 3501 sestertios.
671 3455 719 3503 deu
730 3466 814 3504 ternos
857 3456 948 3505 fnisse?
959 3457 1023 3504 Nm
1036 3454 1166 3502 conciliare
1175 3454 1217 3501 hio
1229 3465 1266 3502 ert
1274 3470 1369 3519 erpere.

302 3535 427 3594 denudat,
439 3530 508 3596 quod
526 3530 593 3579 idem
607 3543 642 3579 ert
651 3546 659 3593 3
668 3549 727 3581 nrm
742 3534 816 3584 dena·
857 3537 992 3598 Utrumque
1000 3533 1101 3581 verbum
1120 3533 1278 3594 coniungitur
1295 3548 1368 3598 supr:

301 3618 352 3664 rius
363 3616 471 3679 quatuor
482 3610 615 3676 respondet
628 3614 751 3662 munau.
856 3629 912 3676 erp.
929 3611 974 3670 do,
992 3611 1082 3675 quibu·
1093 3612 1173 3659 rtatim
1191 3611 1370 3673 mbjieiturex-

336 3696 361 3743 6.
374 3693 402 3740 Si
413 3692 479 3741 milri·
489 3702 577 3740 tecum.
590 3691 698 3740 Tollitur
715 3704 813 3742 oontro·
856 3690 964 3757 plicandl
977 3707 1064 3751 otuu,
1076 3691 1103 3738 vi
1119 3703 1192 3755 atque
1207 3690 1312 3755 imperio
1328 3706 1369 3740 oo·

300 3775 377 3823 versia
391 3788 468 3838 quun
481 3771 507 3820 id
525 3770 659 3835 probatur,
672 3772 740 3835 quod
753 3772 814 3832 obii
856 3787 914 3837 gere
923 3771 1023 3818 invitor.

300 3852 371 3900 citor.
379 3853 433 3916 Ego
446 3850 508 3899 nihil
522 3851 614 3913 objicio
622 3851 692 3915 quod
698 3866 749 3899 noo
757 3866 815 3914 pro-
881 3851 917 3900 aa.
927 3849 1040 3898 hubin.
1052 3848 1123 3896 addit
1131 3851 1264 3897 conceal.
1273 3850 1307 3896 V.
1318 3850 1346 3896 L.

298 3928 368 3988 bem3
382 3930 659 3993 ergomibitooumnon
671 3939 811 3993 potestesse
890 3946 915 3995 9.
929 3929 956 3976 Si
974 3928 1048 3993 quod.
1061 3928 1087 3977 Si
1102 3928 1198 3975 loeium
1219 3926 1288 3991 quod
1307 3927 1366 3977 fecit

299 4008 478 4064 controversia,
491 4025 570 4071 neque
584 4008 615 4056 de
633 4020 744 4065 monn,
761 4008 778 4053 i.
788 4023 809 4058 e.
854 4011 881 4057 L.
904 4009 976 4067 Piso,
993 4020 1070 4072 quom
1091 4007 1180 4055 statie
1203 4018 1316 4071 premet
1333 4024 1366 4054 rx

296 4084 383 4150 quanti
396 4084 463 4149 apud
480 4084 575 4133 Siculos
594 4085 734 4132 eonstiterit
750 4086 811 4133 triti-
853 4099 975 4153 pratum,
991 4102 1057 4133 anno
1080 4086 1155 4134 Urbis
1170 4085 1279 4133 condit·
1296 4087 1367 4141 614:

296 4181 361 4224 eum,
367 4163 435 4227 quod
441 4163 511 4210 troile
517 4162 637 4226 probatur
644 4164 811 4213 sesam.sz
854 4165 911 4214 tulit
924 4166 1000 4231 legem
1012 4181 1079 4214 anno
1088 4165 1162 4214 Urbir
1172 4165 1279 4215 conditu
1288 4166 1349 4241 (iot.
