3200 4768
329 437 398 485 uro
643 413 691 480 Μ.
715 412 754 478 Τ.
781 408 1059 478 CICERONIS

327 537 364 605 in
374 533 442 604 diis
455 533 578 632 patriis
587 528 808 629 repetundis,
819 527 881 600 sed
893 530 1000 598 etiam
1014 528 1052 597 in
1061 530 1142 624 ipso
1149 527 1384 625 jurejurando

327 670 368 717 ac
394 645 618 730 testimonio,
641 640 826 739 proximus
846 636 915 708 tuit
935 662 943 707 ε
963 637 1149 709 hominem
1170 642 1319 712 missum
1340 642 1386 712 ab

327 759 395 826 isto
423 758 551 825 scitote
576 776 652 824 esse
678 754 877 820 Messanam
896 746 942 819 de
962 747 1107 845 legatis⁷
1131 773 1263 839 unum,
1285 752 1386 823 illum

327 868 464 962 ipsum,
476 864 540 960 qui
554 861 635 932 navi
648 859 749 928 istius
761 855 977 928 aedificanda
993 857 1137 954 publice
1146 860 1305 957 praefuit3
1324 866 1388 959 qui
1445 948 1449 955 ἱ

325 999 347 1045 a
364 987 491 1046 senatu
506 982 660 1068 peteret,
682 980 725 1039 ut
740 970 850 1040 Heius
860 969 1057 1065 ignominia
1067 967 1281 1042 afficeretur.

373 1088 436 1156 IX.
452 1088 569 1153 Homo
579 1080 838 1164 amentissime,
854 1076 944 1175 quid
956 1078 1109 1175 putasti?
1127 1092 1162 1149 te
1176 1082 1388 1178 impetratu·
1474 1098 1476 1102 “

326 1190 575 1283 rumiQuanti
590 1191 620 1259 is
638 1213 658 1261 a
675 1187 815 1260 civibus
832 1191 906 1259 suis
923 1184 1042 1275 fieret,
1061 1190 1186 1286 quanti
1196 1193 1390 1261 auctoritas

327 1306 404 1400 ejus
415 1300 626 1385 haberetur,
641 1297 993 1395 ignorabasi'Verum
1007 1296 1062 1372 fac
1075 1313 1110 1371 te
1125 1301 1389 1398 impetravisse3
1427 1298 1430 1311 '

328 1412 383 1485 sac
405 1408 540 1508 aliquid
562 1411 704 1507 gravius
723 1410 762 1478 in
783 1410 914 1478 Heium
939 1413 1105 1480 statuisse
1129 1410 1388 1480 Mamertinos:

328 1535 500 1619 quantam
512 1529 637 1616 putas¹
656 1521 903 1589 auctoritatem
918 1517 1134 1589 laudationis
1147 1542 1275 1589 eorum
1291 1515 1390 1588 futu·
1493 1548 1497 1553 ·
1592 1554 1593 1567 .

329 1655 424 1717 ram,
441 1632 471 1701 si
489 1633 528 1700 in
546 1653 649 1714 eum,
667 1652 778 1722 quem
796 1642 939 1698 constet
954 1652 1081 1700 verum
1099 1652 1168 1726 pro
1186 1631 1393 1701 testimonio

331 1742 480 1829 dixisse,
504 1762 652 1838 poenam
672 1738 951 1809 constituerint?
971 1740 1125 1810 Tametsi
1152 1764 1232 1835 quse
1258 1752 1312 1809 est
1330 1739 1395 1809 ista

332 1850 511 1935 laudatio,
537 1872 653 1944 quum
675 1845 840 1918 laudator
862 1848 1102 1945 interrogatus
1124 1846 1225 1919 iaedat
1250 1871 1395 1920 necesse

332 1962 407 2034 est?
425 1957 545 2052 Quid?
562 1958 620 2029 isti
637 1955 840 2028 laudatores
857 1960 911 2026 tui
929 1980 1052 2029 nonne
1069 1970 1179 2028 testes
1194 1959 1264 2027 mei
1287 1957 1396 2028 sunt?

333 2072 443 2140 Heius
452 2079 506 2137 est
515 2063 1018 2162 laudatortlaesitgravissime.
1028 2064 1227 2137 Ptodueam
1237 2079 1394 2137 ceteros:

333 2173 554 2263 reticebunt,
568 2198 648 2271 quae
669 2187 859 2271 poterunt,
880 2173 1052 2263 libentem
1070 2173 1206 2260 dicent,
1225 2199 1306 2272 quas
1329 2200 1395 2247 ne·

336 2311 434 2358 cesse
459 2286 546 2373 erit,
569 2285 714 2381 ingratis
724 2294 751 2353 ².
779 2286 921 2382 Negent
950 2286 1009 2355 isti
1034 2286 1234 2357 onerariam
1266 2308 1396 2356 navem

335 2397 528 2464 maximam
544 2391 750 2463 aedificatam
759 2416 836 2467 esse
848 2390 1196 2492 Messanaein'egent,
1207 2396 1236 2466 si
1246 2397 1396 2492 possint.

335 2506 479 2598 Negent
498 2503 531 2572 ei
550 2503 632 2571 navi
654 2498 824 2573 iaciendae
841 2519 1043 2575 senatorem
1060 2508 1314 2577 Mamertinum
1332 2528 1399 2602 pu·

337 2611 430 2682 blice
452 2607 656 2709 prefuisse?
676 2612 814 2683 utinam
840 2612 996 2711 negent!
1025 2618 1117 2685 Sunt
1134 2617 1242 2686 etiam
1260 2627 1398 2700 cetera,

337 2746 418 2818 quae
435 2718 530 2791 malo
550 2717 711 2817 integra³
730 2745 929 2810 reservare,
952 2736 993 2793 ut
1015 2747 1124 2819 quam
1145 2727 1337 2794 minimum
1355 2724 1400 2793 sit

337 2832 407 2902 iliis
424 2831 597 2928 temporis
613 2828 658 2902 ad
673 2828 921 2902 meditandum
944 2832 1305 2931 confirmandumque
1321 2856 1401 2930 per·

334 2967 482 3038 jurium.

384 3058 469 3122 Haec
483 3049 547 3121 tibi
565 3048 723 3121 laudatio
737 3049 909 3149 procedat
925 3054 965 3122 in
977 3055 1193 3124 numerum⁴
1210 3078 1218 3122 ε
1233 3051 1273 3121 hi
1286 3067 1321 3122 te
1339 3051 1402 3122 ho-

339 3263 455 3311 discmit.
472 3261 532 3310 Tale
551 3259 650 3323 quidem
665 3260 760 3322 profert
778 3261 848 3311 Phe·
929 3266 954 3314 3.
964 3266 1032 3328 Qua
1042 3266 1109 3314 malo
1122 3265 1227 3329 integra.
1235 3265 1281 3311 MS
1294 3263 1403 3312 anbin.

340 3344 400 3390 drus
412 3338 656 3403 exemplum,1ib.1,
671 3353 716 3390 10:
726 3341 850 3407 «ngsbut
892 3347 1016 3392 etVenets
1029 3344 1133 3405 habent,
1142 3354 1214 3404 «quat
1227 3341 1302 3389 modo
1311 3341 1404 3403 integr·

339 3424 380 3472 slis
392 3439 417 3471 ss
429 3419 568 3484 emoulpoe
577 3419 741 3483 proximam.
892 3437 1013 3472 ressrmrs
1025 3422 1114 3479 volui,
1136 3430 1165 3467 ut
1182 3434 1256 3482 quum
1276 3418 1405 3467 minimum

377 3521 401 3563 7.
414 3499 555 3564 Daiagotr's.
570 3500 609 3548 Ex
629 3500 660 3547 iis
678 3499 787 3561 seilicet,
805 3502 849 3563 qui
892 3500 947 3547 dem
967 3498 1080 3548 itlis...·
1103 3498 1144 3545 Sic
1167 3512 1265 3560 quoque
1282 3506 1308 3543 et
1328 3496 1404 3560 prim.

339 3588 438 3632 Verrem
445 3578 605 3627 oollaudsturi
614 3581 848 3643 venerant-Igno·
891 3581 977 3625 Fruue.
992 3575 1061 3638 quod
1072 3575 1161 3639 pmbrt
1176 3577 1235 3624 Gar.

340 3664 417 3714 mritis
432 3659 581 3732 afficeretur.
599 3658 638 3707 Ne
657 3659 749 3707 seilicet
768 3657 848 3706 verbis
926 3661 952 3708 t·
962 3652 1112 3701 Prouedaer'n
1124 3652 1406 3703 numerumlioneum·

340 3743 460 3808 ejmfides
472 3738 720 3802 adhibentur,qnnm
733 3738 849 3787 murum
892 3732 946 3781 dem
959 3731 1001 3780 hit·
1021 3747 1117 3780 sensnm
1140 3741 1343 3780 commonutorss
1363 3733 1406 3781 ds-

339 3826 508 3890 perditnmqns
521 3819 620 3868 scirent.
891 3811 1081 3877 prehenderunt.
1096 3811 1221 3860 Manutius
1239 3812 1405 3875 netuphorum

296 3888 299 3893 θ
374 3906 422 3952 lx.
441 3919 463 3951 r.
475 3903 600 3965 Quantam
608 3909 691 3963 putus.
703 3897 793 3960 Regius
805 3895 849 3942 hr-
892 3891 923 3940 sb
944 3891 1104 3940 histrionibus
1117 3902 1238 3955 sumptum
1251 3891 1388 3954 suspicatur
1394 3926 1403 3949 ,

340 3982 397 4041 ber,
411 3979 601 4043 quam.Meiiru.
893 3986 1020 4020 nnmerum
1034 3972 1061 4019 in
1081 3981 1151 4019 motu
1163 3970 1323 4019 sementibus.
1348 3973 1403 4020 Ho-

375 4075 402 4107 α.
425 4058 499 4107 Multi
517 4058 593 4107 codd.
610 4056 742 4111 mendose,
759 4054 847 4118 gratis.
893 4060 1045 4099 torncontn
1051 4048 1225 4113 domteiiigit:
1235 4050 1404 4099 Laudatioilia

340 4135 486 4195 Lambinus,
497 4134 616 4201 irrgnts'is
627 4136 652 4185 J.
661 4137 693 4183 V.
703 4133 733 4179 L·
892 4130 939 4178 tibi
947 4130 980 4180 sit
991 4144 1037 4194 pro
1047 4128 1404 4191 numsmrlisrumeiritutum,
