3054 4772
373 410 569 507 ORATlO
593 411 695 479 PRO
719 409 778 480 Μ’.
803 410 1045 483 FONTEIO.
1169 409 1236 481 661

178 535 244 629 qui
265 531 471 630 supplicent
487 531 617 605 vobis:
640 531 872 621 dubitabitis,
891 557 965 603 non
987 532 1097 604 modo
1115 538 1243 606 vestris

179 638 334 728 civibus,
356 643 422 738 qui
439 646 593 715 maxime
611 644 724 741 gloria
741 668 783 715 ac
807 641 913 714 laude
934 641 1120 714 ducuntur
1128 642 1157 732 ⁶,
1181 668 1243 715 ve·

179 774 262 821 rum
285 753 392 821 etiam
411 752 540 825 exteris
557 752 766 825 nationibus
783 777 825 827 ac
845 751 1013 851 gentibus
1031 751 1245 840 ostendere,

180 884 246 930 vos
269 861 308 930 in
330 862 517 933 sententiis
546 859 704 935 serendis
727 865 795 934 civi
818 886 984 961 parcere,
1009 886 1118 960 quam
1147 862 1243 935 hosti

180 968 334 1042 cedere⁷
357 971 548 1043 maluisse?

227 1084 302 1151 XV.
323 1083 454 1179 Magna
473 1081 679 1153 mehercule
694 1105 818 1170 causa,
834 1081 989 1177 judices,
1007 1079 1244 1152 absolutionis

180 1210 264 1259 cum
282 1192 410 1260 ceteris
428 1191 544 1262 causis
562 1190 639 1263 haec
656 1207 728 1278 est,
748 1176 796 1263 ne
814 1216 885 1289 qua
902 1192 1051 1288 insignis
1072 1190 1158 1262 huic
1176 1194 1244 1261 im·

179 1300 283 1394 perio
303 1297 445 1368 macula
461 1313 571 1397 atque
587 1302 786 1397 ignominia
803 1305 1038 1400 suscipiatur,
1059 1302 1089 1373 si
1106 1300 1177 1381 hoc
1196 1303 1246 1371 ita

179 1405 359 1503 perlatum
380 1408 448 1484 erit
467 1409 504 1477 in
526 1409 696 1494 Galliam,
714 1425 897 1499 senatum,
915 1412 1151 1508 equitesque¹
1176 1435 1244 1508 po·

180 1513 258 1611 puli
279 1517 443 1604 romani,
471 1541 546 1588 non
573 1520 788 1591 testimoniis
813 1522 1021 1609 Gallorum,
1048 1520 1111 1592 sed
1138 1522 1245 1591 minis

181 1639 398 1713 commotos,
422 1649 499 1697 rem
525 1625 570 1696 atl
597 1626 743 1699 illorum
768 1626 955 1701 libidinem
977 1628 1165 1726 judicasse.
1191 1635 1246 1701 lta

180 1743 306 1823 vero²,
329 1734 359 1806 si
381 1734 433 1805 illi
452 1733 590 1806 bellum
617 1734 735 1809 facere
759 1735 1010 1828 conabuntur,
1034 1740 1247 1814 excitandus

128 1922 136 1939 ,
181 1841 288 1914 nobis
314 1846 382 1915 erit
407 1844 453 1917 ab
480 1843 604 1918 inferis
626 1851 665 1919 C.
697 1847 832 1918 Marius
844 1844 872 1936 ³,
906 1849 969 1945 qui
992 1848 1247 1922 induciomaro

182 1953 259 2040 isti,
277 1952 408 2025 niinaci
425 1969 535 2052 atque
551 1959 750 2055 arroganti,
768 1980 834 2056 par
854 1959 892 2028 in
908 1956 1154 2056 belligerando
1169 1985 1246 2032 esse

181 2065 317 2162 possit;
337 2063 547 2137 excitandus
569 2071 636 2138 Cn.
666 2069 848 2137 Domitius
860 2070 888 2157 ⁴,
917 2081 953 2139 et
981 2069 1024 2157 Q.
1049 2071 1248 2155 Maximus,

182 2174 248 2270 qui
276 2175 461 2246 nationem
492 2174 729 2273 Allobrogum
758 2190 795 2247 et
822 2176 979 2274 reliquas
1013 2178 1087 2248 suis
1115 2179 1248 2248 iterum

183 2287 293 2355 armis
306 2282 472 2357 conficiat
487 2300 595 2383 atque
608 2288 809 2384 opprimat;
827 2300 907 2371 aut,
930 2289 1102 2383 quonium
1119 2287 1156 2358 id
1171 2292 1249 2384 qui·

182 2391 265 2465 dem
287 2420 363 2464 non
387 2407 525 2491 potest,
549 2394 707 2466 orandus
732 2396 800 2465 erit
824 2393 931 2466 nobis
957 2396 1094 2471 amicus
1122 2420 1246 2483 meus,

182 2507 232 2575 Μ.
247 2503 432 2574 Plaetorius
444 2501 477 2593 ⁵,
494 2518 535 2574 ut
547 2528 632 2576 suos
642 2528 756 2576 novos
771 2505 919 2576 clientes
931 2529 952 2574 a
964 2502 1063 2576 bello
1080 2502 1248 2576 faciendo

184 2610 381 2701 deterreat,
412 2627 603 2685 uteorum
631 2615 741 2684 iratos
765 2617 905 2685 animos
927 2628 1037 2712 atque
1055 2612 1248 2719 horribiles

183 2725 340 2822 impetus
355 2721 591 2820 deprecetur,
609 2738 689 2813 aut,
708 2725 827 2795 sinon
841 2725 993 2822 poterit,
1007 2728 1056 2797 M.
1069 2720 1247 2795 Fabinm⁶

220 2955 246 3004 6.
269 2955 356 3004 Laude
374 2955 502 3009 dueuuuu.
522 2960 573 3023 Qui
592 2960 696 3008 maxime
739 2960 860 3023 οὶωίωε,
881 2975 936 3024 qnte
949 2974 1006 3009 cnm
1022 2956 1122 3009 immani
1140 2957 1249 3005 exercitu

184 3032 324 3099 ignominiae
337 3048 402 3086 metu
420 3049 568 3103 tanguntur,
580 3055 652 3103 qnatn
665 3057 697 3088 ex
739 3039 766 3087 in
779 3038 873 3086 italiana
891 3038 1021 3086 inruunt.

185 3113 340 3164 damnatione
351 3118 460 3177 Fonteii,
469 3119 530 3166 civis
538 3120 591 3177 sni,
601 3130 626 3168 et
633 3119 696 3168 mul·
775 3104 860 3176 sicu.
867 3117 996 3167 Domitius.
1005 3117 1051 3166 Cn.
1061 3114 1184 3164 Domitius
1193 3129 1249 3162 ctam

185 3193 218 3245 tit
229 3195 364 3247 honoribus
380 3197 476 3256 affecti,
491 3209 677 3262 consequentur.
738 3198 872 3258 Arvernis,
883 3199 914 3259 Q.
928 3197 1014 3245 Fabius
1027 3197 1095 3249 uas
1111 3210 1168 3243 oum
1177 3192 1249 3242 suo-

222 3290 246 3335 7.
258 3273 354 3323 Cedere.
365 3276 448 3341 anrn
456 3275 492 3323 illi
501 3293 544 3325 vos
552 3292 694 3343 oppugnare
737 3276 855 3340 brogibns
866 3275 952 3325 acerba
963 3283 988 3325 et
998 3275 1113 3324 diuturna
1125 3272 1189 3322 bella
1199 3288 1251 3339 ges·

185 3361 211 3401 et
223 3353 296 3401 minis
308 3364 397 3402 terrere
409 3366 536 3404 conentur.
737 3365 830 3406 set-unt.

221 3436 281 3482 XV.
298 3450 323 3482 1.
332 3435 448 3482 Senatum
458 3434 604 3500 equitesque.
615 3435 696 3484 Maxi-
775 3436 800 3483 5.
816 3436 851 3483 Μ.
860 3433 997 3483 Pistoriae.
1008 3432 1057 3481 Hie
1068 3441 1104 3480 est
1111 3431 1205 3478 Fonteii
1213 3446 1251 3477 ac·

185 3513 220 3560 nai
232 3512 474 3573 illudestmonsenti,
487 3527 516 3563 nt
525 3531 575 3579 quo
586 3526 695 3579 tempora
739 3512 1077 3578 cusatorinqnetncieeronis
1087 3510 1157 3558 loeus
1166 3508 1250 3557 exbac

186 3593 220 3641 sit
230 3592 312 3641 habita
322 3593 374 3641 btec
384 3595 478 3653 oratio,
491 3593 696 3658 delibutumque
738 3592 792 3658 ipsa
805 3594 916 3641 oratione
933 3608 948 3640 a
961 3590 1114 3654 Quintiliano
1131 3604 1252 3637 memora·

185 3672 300 3720 montio
311 3682 424 3731 auctore,
437 3673 468 3721 ad
477 3690 568 3722 annum
578 3675 629 3732 684
638 3673 697 3722 satis
739 3672 877 3733 ratur,V1,
889 3671 973 3729 3‚51‚
984 3685 1057 3734 quem
1069 3668 1101 3717 ad
1114 3666 1251 3731 argumenti

186 3751 347 3817 probabiliter
359 3752 436 3815 possit
446 3753 536 3801 referri.
740 3750 830 3799 calcem
848 3748 1003 3811 subjecimus.
1017 3750 1065 3796 Hic
1085 3763 1129 3811 per
1147 3747 1251 3794 ironiam

223 3845 247 3878 a.
261 3833 303 3878 lta
316 3822 385 3880 uere.
400 3831 495 3880 Itonice
507 3831 615 3889 dictum,
625 3842 698 3879 utae-
740 3831 792 3891 ejus
800 3829 859 3877 noui
867 3828 967 3877 clientes
977 3827 1043 3876 Galli
1051 3836 1177 3885 vocantur,
1187 3840 1251 3889 qno·

187 3909 296 3974 quentia.
740 3925 794 3957 runt
807 3907 905 3972 patroni
918 3917 987 3955 erant
1001 3906 1077 3955 Fabii.

223 3990 251 4037 3.
266 3988 291 4036 0.
306 3990 408 4040 ilarius.
427 3991 507 4040 Nemo
526 3988 604 4038 nescit
623 4004 697 4053 qnam
776 3988 801 4034 6.
816 3988 850 4034 Μ.
863 3985 974 4034 Fubium.
985 3982 1147 4037 Creditnrbio
1156 3980 1249 4030 alienus

188 4079 291 4133 stragem
305 4068 347 4118 ille
368 4082 481 4135 quartum
501 4069 587 4118 consul
613 4067 698 4117 iecerit
741 4064 842 4114 aFabia
860 4076 931 4128 gente
952 4064 1079 4123 fuim,et
1093 4072 1187 4110 tantuna
1206 4073 1251 4122 per

188 4146 341 4196 Ambronutn
352 4150 537 4214 Teutonumque
545 4149 623 4214 gentis
632 4148 699 4197 iero·
740 4146 824 4207 iocum
841 4143 1006 4210 interpositus.
1028 4145 1066 4192 De
1079 4136 1251 4204 subscriptori-
