3186 4772
362 421 417 494 m
439 419 653 492 vnnnnn
676 419 788 492 scr.
807 393 867 506 '11‚
891 420 982 489 mn.
1006 420 1071 493 lv.
1169 418 1238 493 305

183 562 308 624 natum
334 547 519 629 referatur,
543 541 639 614 dicat
660 540 893 629 sententiam,
911 542 976 639 qui
997 541 1092 614 velit.
1113 544 1239 615 Nomi-

185 660 297 729 natim
320 680 427 728 nemo
448 667 617 752 rogatur:
636 666 673 723 ct
693 665 834 738 tamen,
856 664 899 722 ut
922 654 1077 748 quisque
1099 653 1240 725 honore

185 782 225 840 et
235 781 336 839 aetate
350 764 545 852 antecedit,
559 764 609 834 ita
622 762 759 860 primus
774 760 866 832 solet
881 786 945 833 sua
959 777 1088 860 sponte
1104 761 1242 853 dicere3

184 876 297 974 idque
322 901 343 946 a
370 878 497 947 ceteris
524 873 557 944 ei
588 870 808 944 conceditur.
838 876 874 943 si
900 872 1075 968 qnando²
1102 887 1243 944 taceant

186 1011 332 1074 omnes,
353 1000 440 1056 tunc
461 982 588 1056 sortito
608 996 789 1079 coguntur
804 980 933 1053 dicere.
954 983 1078 1071 Quum
1092 983 1152 1053 hic
1165 1006 1245 1053 mos

186 1111 296 1183 esset,
318 1094 472 1168 refertur
494 1092 540 1165 ad
563 1107 728 1164 senatum
749 1090 795 1163 de
818 1090 1024 1164 laudatione
1047 1096 1179 1164 Verris.
1203 1097 1246 1163 In

187 1232 262 1306 quo
290 1207 470 1305 primum,
491 1218 533 1274 ut
558 1200 695 1300 aliquid
723 1216 815 1275 esset
840 1200 986 1288 morre3,
1012 1203 1117 1273 multi
1136 1204 1246 1274 inter-

189 1317 341 1416 pellant:
360 1315 405 1386 dc
420 1318 515 1385 Sext.
528 1311 722 1399 Peducaeo,
736 1310 856 1409 quide
871 1312 930 1384 illa
944 1314 1086 1421 ciuitate
1100 1326 1248 1411 totaque

189 1425 373 1526 provincia
390 1424 527 1520 optime
544 1424 693 1491 meritus
708 1436 821 1508 esset,
836 1445 912 1493 sese
926 1436 1046 1507 antea,
1059 1446 1174 1519 quum
1188 1446 1249 1493 au-

189 1535 327 1607 dissent
335 1535 369 1605 ei
380 1530 565 1628 negotium
578 1528 798 1619 facessitnm,
811 1555 998 1628 quumque
1011 1554 1094 1602 eum
1106 1530 1251 1631 publice

191 1668 260 1743 pro
281 1642 445 1740 plurimis
464 1642 543 1735 ejus
568 1652 605 1710 et
628 1638 792 1709 maximis
815 1640 952 1710 meritis
975 1638 1121 1711 laudare
1144 1665 1252 1739 cupe-

192 1767 317 1837 rent,a
329 1755 369 1822 C.
378 1754 491 1822 Verre
501 1747 703 1847 prohibitos
715 1772 809 1837 esse;
821 1749 988 1846 iniquum
1000 1772 1098 1835 esse,
1111 1751 1253 1822 tametsi

192 1861 386 1933 Peducaeus
404 1882 531 1931 eorum
548 1858 753 1930 laudatione
765 1859 839 1954 jam
854 1883 931 1929 non
945 1872 1120 1946 uteretur,
1131 1873 1254 1933 tamen

193 1994 268 2041 non
290 1968 328 2041 id
348 1971 448 2066 prius
470 1967 682 2057 decernere,
705 1966 806 2066 quod
826 1967 1020 2067 aliquando
1036 1969 1254 2059 voluissent,

193 2104 303 2179 quam
322 2077 422 2175 quod
442 2091 521 2150 tum
541 2093 769 2175 cogerentur.

242 2188 477 2262 Conclamant
489 2212 637 2277 omnes,
656 2203 692 2258 et
706 2186 968 2286 approbantita
980 2187 1059 2260 fieri
1073 2204 1253 2288 oportere.

195 2298 362 2372 Refertur
387 2298 434 2369 de
461 2298 647 2370 Peducoeo.
675 2301 724 2370 Ut
749 2299 903 2394 quisque
926 2314 1030 2372 aetate
1053 2315 1089 2372 et
1113 2300 1255 2374 honore
1356 2292 1360 2296 ¹

83 2393 85 2399 ¹
194 2408 449 2494 antecedebat,
473 2407 521 2478 ita
543 2408 758 2479 sententiam
779 2405 869 2477 dixit
888 2432 934 2478 ex
955 2409 1094 2482 ordine.
1110 2410 1151 2482 ld
1164 2411 1256 2482 adeo

195 2545 240 2591 ex
261 2521 341 2618 ipso
364 2516 676 2590 senatusconsulto
698 2517 928 2614 cognoscite:
949 2544 1032 2589 narn
1050 2522 1256 2619 principum

196 2631 401 2702 sententiae⁴
419 2627 593 2726 perscribi
607 2627 733 2699 solent.
751 2630 880 2699 Recita.
894 2631 1001 2719 Quon
1015 2654 1128 2701 venes
1141 2654 1257 2702 racrs

196 2763 285 2810 surr
299 2764 344 2809 nn
358 2744 460 2811 Snxr.
472 2740 644 2809 Penncno
654 2734 678 2808 ⁵.
699 2739 923 2809 Decemitnr.
941 2737 1110 2809 Refertur
1126 2738 1257 2811 deinde

197 2908 256 2940 vero
273 2892 376 2956 collegio
394 2908 448 2940 mos
466 2893 539 2941 ferme
551 2893 616 2940 idem
629 2909 658 2940 ae
676 2892 704 2940 in
748 2908 823 2957 qnnm
845 2891 875 2940 de
899 2891 944 2939 illo
964 2902 1093 2954 ageretur,
1112 2893 1261 2955 instaretque

197 2986 345 3036 syracusano
358 2980 443 3018 senatu
453 2969 634 3020 observabatur.
748 2970 878 3019 Marcellus
890 2980 993 3034 praetor,
1004 2985 1054 3017 rem
1063 2982 1154 3019 vorant
1163 2973 1189 3018 in
1199 2987 1262 3019 ron·

235 3067 261 3098 a.
275 3049 407 3113 Siquando
419 3051 608 3098 tarmevnus
620 3059 644 3097 et
653 3048 706 3114 pln-
748 3049 829 3097 silium
842 3048 943 3095 omnino
949 3060 1101 3108 extraneam,
1111 3051 1258 3115 minimeque

199 3145 237 3177 res
246 3130 308 3177 Mss
321 3127 360 3174 sin
370 3125 503 3190 aliquande
513 3137 620 3175 taceant.
749 3127 781 3175 ad
790 3138 885 3190 tempus
890 3126 953 3175 illud
965 3130 1138 3193 pertinentem,
1150 3141 1180 3178 nt
1193 3133 1259 3179 Mar·

236 3209 260 3256 3.
274 3205 380 3271 Aliquid
397 3215 459 3253 esset
469 3220 552 3253 morse.
566 3206 649 3266 Quum
662 3206 707 3250 co'·
751 3204 925 3254 rellimandata
939 3222 989 3254 non
998 3207 1078 3272 palem
1094 3208 1260 3260 declinareti-

198 3296 313 3353 gerentur
324 3285 488 3334 laudationem
497 3283 639 3341 decernere,
654 3293 708 3330 ten·
751 3283 873 3332 derentur.

111 3378 115 3385 '
199 3376 311 3416 taverunt
320 3376 396 3414 totam
404 3363 467 3412 hane
480 3362 544 3410 diem
556 3360 706 3410 consulendo
788 3369 812 3418 4.
826 3362 963 3428 Principum
975 3366 1107 3414 sententies.
1129 3367 1259 3416 Primario·

199 3448 312 3495 eximere.
321 3447 407 3508 Itaque
413 3444 518 3508 primurn
525 3441 708 3506 interpellavere
751 3455 804 3486 rnrn
818 3453 921 3489 senatus.
935 3442 1015 3492 Codd.
1027 3444 1097 3492 multi
1110 3446 1260 3509 principium

201 3525 232 3572 de
243 3526 268 3572 8.
281 3523 414 3581 Pedneaeo,
426 3523 469 3586 qni
483 3531 573 3585 praetor
585 3520 651 3585 apud
666 3534 709 3567 eos
751 3520 888 3578 sententiis,
901 3522 969 3586 qnod
980 3523 1049 3571 nullo
1067 3524 1143 3572 modo
1161 3525 1259 3572 arridet.

202 3603 291 3662 inerat,
313 3601 512 3666 provinciamque
534 3599 709 3663 sapientissime
789 3599 814 3646 5.
830 3599 897 3647 Sext.
919 3600 1047 3650 Peducaeeo.
1069 3602 1189 3649 Nonnulli
1203 3604 1261 3651 MSS

148 3722 152 3732 .
201 3677 708 3743 administraverat.hantempostreditnm
751 3687 809 3741 post
827 3676 875 3725 lroc
890 3678 991 3726 verbum
1010 3678 1117 3741 habent,
1136 3680 1198 3727 dicit
1218 3680 1262 3744 qni

201 3777 257 3809 rena
270 3761 347 3809 iactus
359 3770 425 3816 erat3
439 3773 489 3821 qno
509 3758 607 3805 nomine
620 3767 708 3820 etque
750 3755 826 3820 primi
843 3759 973 3805 arraserint.
998 3761 1060 3820 Qnre
1083 3759 1155 3806 verba
1176 3775 1261 3806 omnes

202 3855 280 3887 eansae
291 3850 379 3887 eventu
392 3839 520 3885 ineertnm.
536 3836 618 3885 Verba
629 3846 709 3884 tamen
753 3845 953 3883 commentatores
976 3835 1109 3904 rejicienda
1135 3853 1260 3885 cnravere.

202 3918 243 3966 illa
256 3933 310 3981 qum
331 3927 478 3981 sequnntur,
494 3932 549 3964 enm
569 3914 708 3963 absolutum
752 3917 841 3963 Sensus
850 3930 933 3963 eornm
940 3915 1261 3969 essetrsenatnseonsnltnns

204 3997 276 4043 luisse
285 3993 709 4044 demonstraremilsiridentnr.lnde
752 3993 1041 4060 ipsumsdnotatnomina
1049 3995 1261 4060 eornmqniprimi

203 4084 271 4139 patet
278 4076 492 4138 quantumaVerrs
501 4073 624 4123 laudando
633 4076 710 4122 aversi
752 4076 895 4123 sententiam
906 4074 1054 4138 aperuerint.
1067 4073 1115 4122 Sed
1131 4075 1209 4124 multo
1224 4093 1263 4124 re·

155 4170 159 4177 ·
203 4164 285 4202 essem
297 4154 405 4201 omnium
417 4165 555 4202 senatorum
569 4153 656 4214 animi,
667 4155 711 4219 qni
754 4152 961 4203 consonanter.

303 4242 350 4309 Π.
380 4256 424 4302 Cic.
431 4262 601 4319 parasceuen«.
1098 4266 1144 4311 20

28 4458 49 4742 Ι
72 4738 79 4741 .
193 4674 229 4742 ι’,
