3148 4780
309 404 381 491 ara
497 476 501 483 Α
628 362 676 471 Μ’.
702 402 740 471 τ.
768 401 1058 471 cressonis

311 526 444 609 lemau,
470 545 584 619 quum
608 519 808 605 videamus,
836 521 882 591 ad
906 544 1039 617 paucos
1058 519 1225 615 homines
1247 546 1376 593 omnes

312 636 476 707 omnium
489 634 679 703 nationum
695 632 866 729 pecunias
883 633 1087 729 pervenisse
1100 657 1108 700 ε
1124 630 1227 728 quod
1240 656 1285 702 eo
1300 658 1375 703 ma·

313 746 366 842 gis
379 741 472 815 ferre
489 766 596 839 aequo
613 743 734 813 animo
748 755 858 837 atque
876 740 1075 813 concedere
1089 739 1274 831 videmur,
1290 744 1376 839 quia

312 879 422 926 nemo
439 854 613 924 istorum⁷
632 851 852 934 dissimulem
867 876 975 922 nemo
989 850 1147 939 laborat,
1166 865 1207 922 ut
1221 851 1376 923 obscura

313 988 378 1036 sua
398 961 576 1060 cupiditas
594 984 673 1031 esse
694 960 870 1055 videatur.
890 966 934 1032 ln
955 960 1047 1032 urbe
1069 976 1191 1032 nostra
1209 961 1375 1059 pulcher·

312 1075 402 1145 rima
411 1088 520 1168 atque
530 1062 755 1142 ornatissima
769 1069 869 1168 quod
880 1071 1038 1166 signum,
1052 1094 1132 1167 quse
1143 1069 1266 1142 tabula
1278 1072 1374 1169 picta

313 1198 386 1269 est,
405 1205 485 1278 quae
499 1204 574 1250 nou
589 1178 635 1250 ab
653 1178 819 1250 hostibus
828 1182 932 1251 victis
946 1195 1049 1278 capta
1064 1194 1174 1276 atque
1188 1194 1374 1278 apportato

313 1294 383 1365 sit?
401 1292 607 1363 iustorum
621 1289 734 1376 villar,
750 1292 931 1361 sociorum
942 1287 1235 1360 fidelissimorum
1249 1304 1286 1361 et
1298 1290 1376 1387 plu·

313 1403 432 1487 rimis,
449 1415 487 1469 et
503 1399 756 1497 pulcherrimis
768 1398 890 1497 spoliis
903 1413 1038 1470 ornatu
1050 1397 1264 1495 refertaque
1277 1413 1372 1471 sunt.

313 1510 387 1583 Ubi
404 1512 576 1607 pecunias
596 1521 803 1581 exterarum
824 1511 1013 1580 nationum
1031 1532 1109 1580 esse
1134 1507 1375 1596 arbitramini,

314 1620 689 1719 quibusuuucomnes
698 1634 824 1715 egent,
834 1644 949 1717 quum
961 1620 1134 1705 Athenas,
1149 1625 1376 1716 Pergamum,

314 1732 502 1829 Cyzicum,
518 1728 701 1812 Miletum,
722 1727 874 1814 Chium,
895 1731 1059 1815 Samum,
1086 1743 1198 1799 totam
1219 1727 1376 1826 denique

314 1844 451 1941 Asiam,
478 1839 667 1927 Achaiam,
693 1839 887 1926 Graeciam,
906 1839 1077 1927 Siciliam,
1101 1839 1231 1932 jamin
1253 1842 1376 1936 paucis

314 1952 406 2024 villis
426 1950 581 2023 inclusas
599 1974 676 2021 esse
694 1948 867 2020 videatis?
883 1948 954 2020 Sed
974 1948 1065 2035 haec,
1082 1965 1123 2020 ut
1136 1949 1236 2038 dico,
1255 1952 1376 2021 omnia

313 2062 388 2159 jam
405 2061 494 2132 socii
512 2062 623 2130 vestri
643 2058 858 2156 relinquunt
879 2073 915 2129 et
936 2059 1140 2156 negligunt,
1155 2058 1304 2155 judices.
1320 2064 1375 2130 Ne

314 2169 490 2269 pubiicea
507 2169 646 2268 populo
654 2192 806 2240 romano
816 2163 1094 2266 spoliarentur⁸,
1108 2167 1235 2241 officiis
1248 2195 1290 2242 ac
1305 2168 1375 2241 fide
1487 2228 1490 2233 ,

314 2276 575 2380 providerunt:
596 2304 794 2379 paucorum
817 2278 1007 2378 cupiditati
1029 2293 1126 2367 tum,
1145 2304 1260 2377 quum
1280 2280 1375 2351 ohsi-

315 2406 410 2463 stere
422 2412 499 2460 non
514 2400 701 2485 poterant,
714 2401 834 2460 tamen
845 2387 1010 2460 sufficere
1021 2388 1144 2486 aliquo
1158 2389 1267 2460 modo
1278 2405 1376 2488 pote-

314 2513 406 2570 rant.
416 2498 447 2567 N
451 2519 522 2566 unc
532 2518 619 2566 vero
632 2494 706 2589 jam
716 2496 885 2595 adempta
897 2513 950 2570 est
962 2524 1038 2570 non
1052 2494 1163 2569 modo
1173 2499 1374 2584 resistendi,

313 2628 441 2678 rerum
452 2607 559 2676 etiam
569 2604 825 2703 suppeditandi
835 2606 995 2680 facultas.
1005 2614 1131 2706 Itaque
1144 2633 1201 2679 res
1216 2631 1296 2680 suas
1309 2632 1375 2679 nc-

314 2716 469 2817 gligunt3
483 2717 671 2814 pecuniam,
691 2740 767 2813 quo
780 2719 927 2788 nomine
939 2716 1118 2813 judicium
1135 2716 1206 2788 hoc
1224 2716 1376 2817 appella-

313 2843 390 2917 tur,
404 2853 480 2899 non
492 2840 682 2925 repetunt3
700 2826 914 2925 relinquunt
928 2843 965 2899 et
978 2826 1175 2925 negligunt.
1190 2833 1292 2899 Hoc⁹
1304 2827 1376 2921 jam

253 2995 258 3005 .
315 2952 445 3010 ornatu
463 2936 507 3009 ad
526 2962 591 3010 vos
609 2935 843 3036 confugiunt:
862 2936 1052 3038 adspicite,
1079 2937 1268 3035 adspicite,
1283 2938 1377 3033 judi-

314 3074 388 3135 ces,
404 3046 610 3146 squalorem
630 3049 828 3147 sordesque
849 3052 1044 3122 sociorum.

361 3163 484 3231 xux„
507 3157 678 3229 Sthenius
693 3159 772 3231 hic¹
794 3159 1049 3233 Thermitanus
1064 3183 1147 3231 cum
1165 3157 1237 3228 hoc
1249 3157 1377 3257 capilio

349 3350 374 3396 7.
387 3333 466 3380 Nm
484 3332 591 3381 utum
610 3334 731 3397 Quicum
747 3336 822 3399 imps-
864 3346 950 3378 corun
964 3331 1075 3392 integrm,
1087 3327 1375 3390 mjororstadhucnc·

313 3417 369 3474 rio,
385 3422 428 3465 lul
445 3421 565 3477 ponente
577 3413 604 3459 itt
616 3414 754 3481 provincias
766 3415 822 3461 mit·
864 3421 971 3458 mrum
983 3407 1114 3472 cupidius

312 3504 408 3551 tantur.
418 3516 454 3529 -·-
471 3493 503 3539 Ut
515 3491 618 3540 obsum
630 3508 675 3540 sua
692 3492 821 3555 mpidiras.
901 3505 926 3551 9.
941 3490 996 3536 Hoc
1003 3486 1074 3550 jum,
1086 3492 1132 3534 eto·
1146 3487 1248 3535 &sm
1259 3482 1377 3541 intendit,

311 3578 348 3626 12·
360 3575 412 3622 m
425 3570 473 3618 nlla
483 3584 534 3617 non
544 3570 620 3620 modo
632 3571 765 3635 religione,
779 3587 821 3621 η.
865 3567 918 3615 hnc
927 3566 1026 3624 diceus,
1038 3566 1065 3612 in
1076 3565 1173 3614 Siculos
1182 3566 1226 3630 qui
1233 3564 1329 3625 judicio
1337 3561 1378 3610 nd·

311 3671 365 3706 m
391 3651 464 3701 etism
487 3649 679 3698 dissimubtionc
704 3651 732 3698 in
755 3653 822 3700 crunt
866 3655 943 3695 erant
957 3647 1015 3693 ruo·
1031 3645 1136 3693 enimin
1146 3643 1314 3709 spilopimel
1326 3658 1378 3691 uo·

311 3748 398 3800 ganan
408 3728 507 3779 amnui
514 3743 544 3776 ιο
551 3729 679 3794 pendendi
687 3742 822 3780 versuum.
866 3724 952 3773 vend·
959 3723 1141 3783 misericordie,
1152 3724 1193 3772 vsi
1203 3723 1379 3788 indignam

346 3815 372 3861 Β.
385 3810 560 3876 dpcfamtm.
572 3810 638 3860 utin
654 3826 702 3876 pro
712 3808 824 3883 hostibus
866 3803 1002 3854 excitanda
1015 3820 1101 3865 musa,
1113 3802 1315 3868 rsmprodmere
1324 3818 1379 3851 sus·

309 3890 395 3941 habiti«
409 3888 822 3955 -Sqssoem...powane.1ns·
867 3883 1030 3949 Memnon
1043 3883 1379 3949 supplicandjudtmpe-

311 3970 361 4034 μὴ
382 3967 463 4017 adhuc
481 3970 533 4019 suis
557 3970 648 4033 opibus
670 3969 701 4019 sb
721 3970 823 4018 iveritis
865 3961 1103 4025 dna-biioerent-

309 4055 448 4101 nomm
472 4049 661 4112 magistratuum.
678 4072 714 4086 -—
731 4048 822 4111 Aiiqso
900 4044 991 4092 xttx.
1005 4040 1146 4089 esmona
1155 4041 1203 4089 ἠὼ.
1224 4041 1261 4087 Dc
1278 4051 1309 4085 eo
1322 4036 1377 4084 fuse

312 4123 391 4183 modo.
399 4121 463 4168 Nun
473 4136 676 4189 quantacumque
683 4136 753 4174 mut
762 4139 823 4190 opes
865 4133 976 4170 nurum
986 4121 1029 4168 lib.
1041 4122 1075 4181 11,
1086 4135 1140 4185 esp.
1150 4120 1282 4179 Sne-Seu
1291 4116 1379 4181 ipim
