3186 4772
386 437 883 527 INVERREMACT.11,
909 444 1002 516 arn.
1028 452 1069 519 v.
1190 449 1259 555 339

199 554 419 652 dotibusque
429 556 624 654 publicis⁷‚
638 575 801 631 orantem
817 577 925 658 atque
935 565 1200 661 obsecrantem,
1219 596 1260 655 ut

201 665 394 763 aliquando
421 668 480 737 ille
504 672 612 739 miser
637 684 745 766 atque
774 672 950 745 innocens
976 679 1174 758 calamitate
1197 692 1257 763 illa

200 774 439 848 liberaretur:
470 778 669 875 relinquam
702 779 946 872 haecomnia,
980 812 1061 883 quae
1094 796 1124 862 si
1152 799 1258 871 velim

199 891 389 984 persequi,
411 885 511 958 facile
538 889 745 979 ostendam,
780 905 842 962 tua
858 894 1068 970 crudelitate
1088 906 1124 972 in
1147 907 1258 995 alios,

198 1019 325 1066 omues
349 995 414 1067 tibi
441 996 557 1068 aditus
580 999 832 1071 misericordie
857 1003 1019 1098 judicum
1046 1009 1259 1108 jampridem

198 1128 274 1174 esse
295 1107 494 1200 praeclusos.

244 1218 304 1284 IX.
322 1218 454 1286 Omnia
466 1217 574 1312 igitur
586 1218 652 1287 ista
669 1218 883 1310 concedam,
901 1237 938 1292 et
950 1227 1128 1299 remittam
1145 1259 1153 1301 ε
1169 1259 1258 1330 pree·

196 1320 302 1393 video
324 1326 439 1407 enirn,
468 1324 556 1420 quid
577 1330 622 1396 sit
640 1325 853 1400 defensurus
871 1334 1083 1406 Hortensius
1106 1338 1258 1415 :latebi-

195 1442 300 1518 tur¹,
322 1430 419 1528 apud
438 1436 546 1503 istum
575 1459 695 1531 neque
724 1453 947 1511 senectutem
976 1451 1107 1539 patris,
1135 1475 1256 1550 neque

195 1537 472 1611 adolescentiam
500 1542 583 1629 filii,
615 1568 734 1639 neque
762 1547 934 1642 lacrymas
963 1556 1152 1654 utriusque
1176 1565 1257 1658 plns

194 1649 361 1737 valuisse,
371 1674 481 1747 quarn
490 1652 679 1724 utilitatem
687 1656 913 1755 salutemque
927 1665 1134 1758 provinciae;
1150 1669 1259 1762 dicet,

194 1758 455 1855 rempublicam
469 1763 705 1834 administrari
718 1769 794 1836 sine
808 1782 909 1838 metu
922 1794 964 1840 ac
980 1777 1166 1849 severitate
1180 1806 1256 1853 non

194 1892 320 1965 posse,
338 1886 484 1966 quaeret,
497 1872 734 1969 quamobrem
753 1875 888 1948 fasces²
902 1881 1114 1975 praetoribus
1129 1890 1225 1983 praef
1240 1932 1256 1946 -

193 1993 341 2066 rantur,
357 2004 422 2050 cur
438 2004 580 2054 secures
598 1983 706 2074 datae,
724 2010 792 2056 eur
809 2013 932 2060 career
951 1990 1167 2083 edificatus,
1195 2024 1259 2070 cur

194 2101 248 2157 tot
270 2089 446 2186 supplicia
461 2095 534 2163 sint
556 2095 593 2163 in
610 2094 796 2192 improbos
814 2122 916 2168 more
930 2100 1106 2192 majorum
1124 2111 1257 2178 consti-

192 2199 292 2268 tuta?
310 2203 398 2288 Quae
427 2226 542 2298 quum
573 2207 694 2274 omnia
716 2206 869 2300 graviter
889 2228 1084 2303 severeque
1112 2211 1255 2303 dixerit,

192 2332 364 2403 quaeram,
374 2308 460 2381 cur³
476 2311 575 2382 hune
586 2313 752 2384 eumdem
764 2315 996 2411 Apollonium
1007 2319 1254 2413 Verrosidem,

190 2432 356 2513 repente,
378 2420 477 2489 nulla
495 2446 589 2493 nova
607 2448 646 2493 re
669 2423 790 2511 allata,
807 2424 906 2494 nulla
927 2423 1153 2519 defensione,
1176 2436 1253 2506 sine

191 2549 313 2615 causa,
330 2527 376 2599 de
397 2553 538 2602 carcere
559 2535 673 2604 emitti
692 2534 863 2628 jusserit?
887 2549 1101 2633 tantumque
1124 2543 1162 2610 in
1184 2542 1255 2614 boc

190 2636 339 2707 crimine
353 2639 566 2736 suspicionis
583 2665 659 2713 esse
674 2641 881 2729 affirmabo,
907 2652 949 2727 ut
962 2645 1035 2741 jam
1054 2649 1139 2745 ipsis
1154 2651 1252 2744 judi-

190 2739 291 2814 cibus
316 2748 391 2817 sine
417 2772 497 2821 mea
529 2754 839 2847 argumentatione
864 2752 1108 2846 conjecturam
1137 2757 1253 2836 facere

225 2911 249 2955 7.
264 2896 695 2965 Sacerdotibusquepublicis.Sacer·
738 2920 808 2950 neam
830 2902 967 2961 ducerent;
991 2914 1016 2950 et
1038 2905 1079 2967 qui
1102 2910 1250 2972 magistratui
1301 2966 1304 2975 Ι

188 2975 258 3023 dotes
268 2974 373 3038 publici,
384 2981 446 3027 nulli
455 2982 546 3046 templo
555 2988 695 3050 praecipuo,
737 2984 863 3045 proximus
871 2992 941 3039 esset,
946 2984 1072 3043 proximus
1080 2988 1250 3049 appellaretur.

188 3054 249 3101 nulli
262 3056 358 3118 privato
372 3060 464 3106 numiui
479 3063 625 3123 prestabant
644 3082 695 3112 mu·
738 3060 859 3123 Populum
880 3059 1056 3109 submonebant
1072 3065 1177 3114 venienti
1198 3086 1250 3117 ma.

187 3149 250 3192 uus,
270 3134 312 3181 sed
332 3135 431 3198 publice
452 3138 555 3187 litabant
567 3141 592 3187 in
606 3143 695 3189 tenter
739 3137 856 3202 gistratui.
874 3136 961 3184 Sontes
975 3139 1047 3202 virgis
1061 3143 1205 3209 caedebaut,
1225 3160 1249 3196 et

187 3211 328 3273 magistratu
346 3213 485 3279 designatis,
738 3216 818 3263 securi
831 3215 955 3265 feriebant
964 3216 1017 3265 Liv.
1027 3218 1072 3267 lib.
1086 3222 1105 3270 1.

223 3292 268 3338 tx.
285 3306 306 3339 1.
322 3293 454 3341 Fatebr'tur.
465 3296 600 3361 Occupatio
612 3299 696 3345 Verris
774 3296 799 3341 3.
815 3295 927 3355 Qua-runs
941 3310 992 3344 cur.
1016 3293 1149 3359 Subiectio.
1170 3306 1250 3354 Refel-

186 3369 361 3418 defensionum.
374 3373 558 3423 —Provinete
571 3376 646 3436 Cujus
658 3378 695 3425 tn·
738 3373 797 3420 litut
815 3373 958 3420 Hortensius
971 3374 1002 3421 ab
1021 3376 1073 3439 ipsa
1092 3380 1175 3429 Verris
1192 3382 1248 3433 cuin

185 3450 345 3498 terestmalos
358 3452 451 3515 puniri,
463 3464 491 3501 ut
503 3467 635 3504 ceterorum
648 3459 695 3504 im·
739 3451 873 3516 Apollonio
893 3452 1040 3500 rarionej-
1053 3459 1207 3525 Tautrrrnque
1221 3466 1245 3511 in

185 3528 295 3590 probitas
308 3542 374 3577 metu
387 3533 545 3581 contincatur.
738 3530 785 3579 icoc
797 3529 895 3577 catastae
905 3531 1056 3595 suspicionis.
1071 3536 1164 3601 Nempe
1183 3540 1247 3590 ,121ae

221 3624 246 3654 a.
262 3608 423 3669 Quamobrem
427 3611 520 3674 fasces.
538 3615 694 3678 Propraetofi.
738 3608 808 3657 verri
836 3621 860 3657 et
887 3611 1022 3673 Apollonio
1052 3617 1170 3677 pecuniae.
1196 3621 1246 3667 Cur

185 3686 230 3733 bus
241 3688 267 3735 in
280 3690 406 3753 provincia
425 3708 467 3739 sex
479 3691 577 3741 lictores
592 3695 694 3743 totidem
737 3700 787 3737 tarn
799 3688 871 3753 longa
882 3689 912 3736 de
921 3690 1056 3752 Apollonio
1065 3705 1089 3739 et
1103 3704 1150 3741 tam
1163 3695 1242 3748 brevis

184 3767 693 3836 praelerebuntiascesvirgarnm,equibus
738 3768 768 3815 de
792 3767 947 3816 Aristodemo
969 3780 993 3816 et
1017 3770 1109 3818 Leonte
1129 3770 1157 3820 lit
1177 3793 1244 3826 men.

185 3860 280 3893 secures
301 3847 439 3897 eminebant
460 3849 492 3896 ad
514 3861 630 3899 terrorem
649 3853 693 3901 im·
737 3847 790 3895 tio?
814 3848 877 3908 Quia
901 3846 953 3892 istis
977 3848 1104 3909 pecuniam
1129 3851 1248 3908 dumam

184 3922 317 3985 proborum
335 3936 360 3974 et
379 3929 525 3994 supplicium
544 3933 692 3980 nocentium.
736 3924 889 3989 subripuerat
913 3925 1016 3985 Verres,
1036 3929 1062 3974 in
1085 3931 1244 3993 Apollonium

184 4001 309 4051 lictorum
328 4022 415 4056 munus
437 4020 488 4058 erat
506 4006 601 4074 triplex.
621 4010 693 4060 Ibant
736 4016 818 4055 autem
830 4005 984 4053 atrocissime
1003 4007 1139 4059 crudelitati
1152 4026 1177 4063 et
1189 4033 1246 4066 uva.

183 4089 240 4126 unte
261 4083 424 4145 magistratum
445 4104 497 4136 uon
518 4091 632 4155 gregatim
650 4104 692 4138 unt
737 4084 950 4149 ritiaeturpissinne
963 4084 1244 4144 habenaslsxaremille

184 4169 286 4222 ΜΕΝ,
297 4162 340 4210 “d
353 4165 452 4228 tinguli,
471 4168 557 4217 ordine
576 4171 609 4217 ita
621 4181 648 4218 ut
662 4170 692 4219 lt-
737 4175 825 4229 praetor
835 4163 1014 4213 audacissimus.

1045 4284 1101 4328 22.
