3116 4774
403 439 597 509 ORATIO
622 441 724 509 PRO
746 442 788 508 A.
812 437 1030 511 CAECINA.
1179 433 1250 531 475

185 563 332 662 petisse,
352 584 463 657 quam
480 583 539 630 me
558 561 651 631 ratio
668 561 761 656 juris
782 560 877 656 ejus,
899 558 945 631 de
964 567 1059 656 quo¹
1073 555 1248 652 judicium

186 686 257 759 est,
279 684 315 741 ct
336 684 464 742 natura
484 693 597 740 causae
621 672 798 767 coegerit,
817 694 958 767 quaeso,
978 681 1019 738 ut
1037 667 1247 762 ignoscatis:

184 805 260 853 non
284 782 381 853 euim
401 782 521 851 minus
546 778 686 855 laborat
707 786 748 852 Α.
768 781 924 867 Caecina,
941 802 989 849 ne
1007 800 1150 849 summo
1168 777 1251 870 jure

183 893 299 989 egisse
309 901 337 977 ²,
352 914 461 987 quarn
476 913 522 960 ne
536 903 676 961 certum
692 891 752 986 jus
767 916 843 963 non
862 890 1064 963 obtinuisse
1076 885 1250 957 videatur·

231 1006 279 1072 M.
297 999 479 1071 Fulcinius
497 996 585 1085 luit,
602 1015 891 1099 recuperatores,
915 1025 935 1071 e
953 998 1153 1096 municipio
1165 1001 1251 1067 Tar-

183 1111 381 1206 quiniensi,
398 1112 463 1208 qui
481 1124 518 1180 et
538 1107 636 1181 domi
650 1135 723 1182 suae
743 1135 826 1182 cum
846 1112 970 1207 primis
985 1107 1161 1179 honestus
1175 1105 1251 1176 cai·

181 1221 346 1291 stimatns
369 1233 448 1305 est,
477 1232 514 1290 et
542 1223 665 1291 Romae
691 1221 929 1318 argentariam
952 1243 1027 1289 non
1055 1213 1249 1313 ignobilem

181 1325 302 1401 fecit³.
318 1332 354 1399 Is
367 1326 496 1399 babuit
514 1329 551 1398 in
570 1331 803 1402 matrimonio
825 1332 1069 1413 Caesenniam,
1088 1323 1251 1405 eodemc

181 1438 406 1537 municipio,
427 1462 571 1509 summo
590 1438 671 1510 loco
689 1455 809 1511 natam
832 1454 868 1511 et
887 1437 1175 1538 probatissimam
1197 1433 1250 1505 fe·
1273 1440 1276 1445 “

181 1550 337 1635 minam,
360 1551 453 1619 sicut
476 1561 512 1619 ct
528 1548 632 1647 vivus
649 1549 773 1620 multis
794 1552 871 1647 ipse
892 1547 1003 1620 rebus
1020 1545 1196 1630 ostendit,
1214 1559 1251 1616 et

181 1658 220 1727 in
241 1672 358 1729 morte
377 1660 467 1730 suai
487 1671 703 1730 testamento
722 1657 925 1731 declararit.
948 1661 1040 1731 Huic
1057 1660 1251 1730 Caesenniae

181 1764 338 1843 fundum
366 1769 406 1837 in
433 1790 519 1863 agro
547 1770 801 1865 Tarquiniensi
831 1767 993 1839 vendidit
1023 1764 1250 1865 temporibus

180 2024 285 2073 dinarias
293 2023 473 2089 persecutiones
482 2035 543 2088 puto
557 2025 690 2076 contineri:
735 2038 781 2076 set.
792 2030 874 2077 Horu.
887 2055 921 2065 -
936 2029 965 2076 in
980 2027 1026 2075 bac
1044 2023 1138 2073 AEbutil
1158 2032 1249 2071 arenata

178 2114 207 2152 nt
220 2114 280 2168 puta
293 2100 557 2163 fideicommissorum,
571 2106 626 2153 etsi
637 2121 691 2169 qnae
734 2104 760 2153 il
777 2123 898 2155 summurn
912 2116 965 2155 erat
978 2106 1020 2166 jus
1038 2120 1070 2152 ex
1082 2101 1202 2151 Corneliis
1214 2100 1249 2149 le·

178 2181 232 2230 aliar
244 2193 318 2244 sunt,
335 2198 390 2245 quae
407 2199 459 2230 non
471 2182 564 2231 babent
573 2183 635 2243 juris
648 2198 689 2230 cr·
734 2183 805 2248 gibus
823 2185 855 2232 de
873 2184 902 2232 vi
920 2200 1005 2247 apere,
1027 2193 1069 2230 ant
1086 2179 1249 2245 injuriarum

179 2260 267 2309 dinarii
277 2261 487 2311 exsecutionem».
500 2260 598 2309 Paullus
610 2272 691 2310 antesn
733 2264 781 2311 fuit
794 2274 874 2310 autern
885 2262 1061 2325 aequissimum,
1077 2275 1110 2306 ex
1120 2257 1248 2305 interdicto

178 2340 307 2390 inl.actio
319 2341 350 2388 D.
363 2340 486 2404 denegnt.
499 2351 559 2404 pest.
573 2342 690 2390 «Necre-
733 2341 805 2389 fundi
822 2342 1000 2405 possessionem
1018 2336 1188 2388 tantummodo
1209 2352 1251 2384 re·

178 2419 240 2478 fert,
251 2420 298 2475 ait,
312 2418 402 2467 directa
411 2418 512 2482 qnis,an
527 2419 582 2467 utili
592 2420 689 2467 actione
732 2431 823 2483 petere.
835 2419 899 2468 Vide
911 2436 965 2484 cap.
975 2421 1000 2467 3.
1012 2417 1114 2466 Scilicet
1126 2416 1249 2464 lenissime

178 2508 247 2562 apat,
260 2498 300 2546 sel
309 2499 481 2556 conveniatura
498 2496 571 2565 plane
583 2497 609 2546 in
626 2514 689 2547 con·
733 2497 829 2546 Curius
843 2500 900 2562 egit.
914 2497 1019 2562 Quodsi
1032 2495 1142 2561 gratime
1151 2494 1248 2555 jndicio

178 2578 257 2625 trariis
265 2576 366 2637 judiciis
377 2576 420 2624 nbi
433 2577 564 2640 conceptio
573 2576 690 2625 formula·
732 2578 836 2641 experiri
848 2578 965 2626 voluisset
975 2614 984 2640 ,
996 2592 1048 2625 non
1062 2585 1114 2622 erut
1128 2575 1150 2620 ei
1161 2589 1246 2620 veren-

180 2672 234 2705 ataan
252 2671 305 2706 non
322 2656 479 2717 observatur,
500 2656 553 2704 brec
572 2655 693 2706 subtilitas
737 2656 808 2715 dum,
821 2673 851 2704 ne
863 2656 1020 2722 probationes
1033 2672 1088 2703 euna
1104 2651 1247 2711 deficerent,

182 2749 331 2799 supervacua
351 2747 388 2785 est
402 2757 424 2784 ·.
447 2736 509 2797 Quae
529 2735 611 2783 omnia
631 2737 693 2796 juris
737 2746 780 2784 snt
800 2752 917 2784 summam
935 2736 1047 2797 injuriam
1069 2746 1134 2782 recte
1154 2732 1248 2796 legibus

180 2813 305 2861 studiosus
318 2830 349 2862 ex
361 2824 423 2862 orat.
435 2829 482 2876 pro
497 2816 529 2878 Q.
541 2816 645 2874 Roscio,
657 2816 693 2863 ia·
736 2830 809 2879 agens
831 2815 917 2863 secisse
936 2814 1069 2862 videretur.
1089 2813 1147 2875 Quo
1171 2812 1247 2874 magis

179 2890 252 2938 cilius
265 2891 392 2954 intelliget.
400 2893 481 2939 Horr.
737 2895 810 2942 etiarn
822 2894 870 2941 snit
889 2894 920 2942 de
934 2909 977 2941 sua
990 2892 1089 2940 lenitate
1102 2888 1246 2937 laudandus.

212 2971 258 3017 tv.
273 2984 295 3017 1.
310 2971 391 3032 Quam
407 2986 445 3018 me
456 2970 521 3019 ratio
526 2971 605 3037 juris,
619 2983 645 3020 et
650 2971 693 3037 jus
738 2975 837 3022 Gaur.
860 2997 895 3009 -
917 2973 1012 3021 &reum
1028 2971 1088 3036 jus,·
1111 2968 1202 3016 bonam
1223 2978 1248 3015 ct

176 3047 290 3112 dequo,
310 3059 358 3097 etc.
381 3049 526 3111 lambinus,
548 3061 595 3099 «et
611 3050 648 3097 vis
661 3051 692 3098 de
732 3051 822 3112 justam
854 3054 959 3099 cansam.
987 3051 1033 3098 Jns
1060 3058 1246 3097 controversum

177 3142 258 3190 qua-3
269 3125 351 3190 sicque
361 3127 396 3175 ait
408 3127 550 3190 legendum,
563 3128 691 3176 codicibn³
736 3129 796 3177 huie
809 3128 952 3194 opponitur.
964 3130 1008 3178 Or.
1021 3145 1047 3193 p.
1059 3129 1179 3175 Muraena.

177 3207 288 3269 quamvis
300 3204 508 3254 reclamantibus:
526 3216 552 3253 at
566 3207 691 3270 aliquanto
771 3208 974 3273 &Argentariam
981 3224 1031 3257 nors
1041 3203 1243 3275 pnobilmsecie,

176 3284 279 3349 propius
289 3284 433 3348 scripturam
442 3296 546 3332 veterem
557 3284 691 3349 reponebat
733 3287 880 3351 Argentaris'
889 3286 963 3336 latine
975 3287 1036 3336 dicti
1045 3298 1111 3344 sunt,
1118 3286 1161 3350 qui
1168 3301 1246 3350 grece

177 3363 337 3424 Gulielmius,
351 3364 430 3424 «juris
440 3365 493 3424 ejus
505 3363 536 3411 de
548 3380 631 3427 qnos:
645 3380 686 3412 na-
733 3366 859 3429 trapesitoe
872 3366 1030 3426 dicebantur;
1047 3365 1113 3432 apud
1126 3380 1188 3430 qnos
1202 3380 1245 3428 pe-

176 3453 278 3506 tuntque
296 3442 350 3491 vult
372 3457 495 3497 errorem,
510 3442 579 3506 quod
596 3452 688 3491 veteres
732 3446 809 3492 cnniae
819 3445 909 3510 deponi
919 3445 1112 3510 solebant,quas
1121 3459 1242 3509 occupare

177 3520 329 3587 duplicarent
339 3521 360 3578 i,
375 3531 404 3569 nt
420 3521 492 3569 docet
505 3522 686 3584 Quintilianus;
731 3522 818 3586 aliquis
840 3535 913 3589 atque
936 3542 1046 3574 exemere
1068 3525 1160 3573 vellet:
1185 3520 1244 3569 inde

176 3599 298 3649 affirmans
309 3600 417 3649 Tullium
433 3611 553 3666 perpetuo
564 3600 688 3665 scripsisse
732 3602 795 3649 enim
807 3604 900 3652 soenore
913 3605 988 3668 vulgo
999 3603 1170 3659 sumebantur3
1180 3616 1244 3665 prrs-

176 3679 244 3728 -siio
258 3681 449 3736 Msiiana,etc.·
462 3679 546 3728 Gnnr.
731 3693 799 3729 erant
825 3683 897 3731 etiatn
921 3682 1076 3732 auctionibus
1104 3678 1243 3729 ssciendis:

211 3773 237 3808 a.
251 3761 291 3806 Ne
302 3775 395 3807 summo
404 3757 460 3822 jure
469 3757 688 3823 egissenmqnid
731 3775 787 3807 nam
805 3761 837 3809 ad
853 3778 937 3811 eorum
955 3761 1080 3810 tabernam
1098 3760 1242 3824 plerumque

176 3835 221 3896 sit,
241 3835 345 3886 diximus
369 3837 394 3884 in
420 3846 483 3884 orat.
505 3852 552 3901 pro
573 3837 687 3900 Quintio.
731 3836 839 3905 fiebant,
859 3852 883 3890 et
904 3843 930 3889 in
949 3841 1044 3890 tubulus
1065 3841 1133 3905 quod
1155 3838 1243 3904 cuique

175 3915 272 3961 &mmo
294 3927 375 3965 autern
400 3913 485 3979 egs‘sset
495 3915 555 3978 jure
576 3914 687 3976 Csecina,
730 3934 864 3984 expensum
877 3932 920 3968 ant
933 3931 1061 3984 receptum
1072 3919 1243 3983 esset,rcfere·

176 3992 282 4056 aiquuns
291 3995 388 4043 actione
399 3994 490 4043 leviore
501 3992 631 4059 confligere
638 4012 686 4061 po-
729 3995 799 4047 baut.
809 4001 891 4047 Hor-r.

176 4069 323 4127 tuiaset‚nti
338 4082 416 4120 tannen
430 4072 489 4121 odio
501 4084 527 4120 et
541 4075 686 4125 mulirolen·
765 4087 790 4134 4.
820 4080 891 4127 Forte
918 4077 1073 4127 scribendum
1096 4095 1148 4127 suo.
1168 4077 1242 4129 nect.

178 4144 210 4194 tis
219 4147 292 4197 aniani
303 4147 425 4213 inductus,
436 4152 481 4203 ista
489 4155 585 4204 actione
596 4156 687 4205 voluis·
731 4159 811 4206 omisit
823 4175 877 4206 sua.
887 4160 904 4209 J
907 4160 952 4209 .V.
966 4158 993 4208 L.
