3142 4774
627 443 1019 511 ARGUMENTUM.

332 565 478 635 cumanis,
500 561 535 619 ad
558 562 612 633 663
637 563 670 631 4⁰
684 560 721 619 ab
743 561 982 639 interpretatione
1001 554 1191 618 Timarchidis
1209 559 1352 637 epistola,

333 661 370 719 ad
382 662 432 736 69.

369 758 466 816 Altera
482 769 511 814 et
529 756 613 814 tertia
638 775 705 834 pars
726 755 929 814 contentionis.
946 755 1084 827 Quamvis
1105 754 1134 809 in
1155 753 1249 830 prima
1270 767 1353 830 parte

332 854 478 932 promissis
489 853 548 910 suis
560 864 661 909 orator
673 850 788 910 abunde
801 850 971 909 satisfecisse
985 849 1127 924 videatur,
1135 862 1163 906 et
1173 850 1238 907 luce
1249 849 1352 907 clarius

332 952 556 1018 demonstrasse,
583 967 620 1005 ex
637 948 760 1006 Verrina
785 948 969 1006 decumarum
991 945 1158 1022 redditione
1182 945 1294 1004 nullum
1316 945 1352 1003 ad

331 1046 539 1125 rempublicam
560 1045 786 1104 emolumentum
806 1044 943 1103 rediisse:
957 1045 1017 1101 imo
1037 1044 1116 1102 illam
1132 1063 1309 1101 summarum
1322 1043 1353 1101 in

330 1144 423 1202 socios
443 1139 631 1221 injuriarum,
645 1142 730 1199 Verri
744 1154 841 1199 autem
854 1140 973 1197 infinitae
988 1139 1095 1217 praedae
1109 1157 1225 1197 causam
1241 1138 1329 1197 luisse
1344 1161 1351 1194 :

331 1255 427 1297 tamen
445 1250 478 1294 ut
498 1236 671 1295 defensionis
684 1236 815 1295 Veninae
834 1237 1084 1315 propugnaculum
1109 1235 1198 1312 magis
1215 1255 1248 1293 ac
1263 1236 1354 1311 magis

331 1333 488 1403 convellat,
509 1346 539 1390 et
553 1346 587 1391 ut
601 1352 639 1390 ne
652 1353 710 1410 qua
730 1333 856 1411 suspicio
873 1333 919 1390 vel
935 1331 1053 1390 minima
1066 1332 1192 1390 resideat
1208 1333 1239 1389 in
1252 1333 1354 1389 animis

328 1431 474 1509 judicum,
498 1431 585 1511 istum
606 1432 764 1509 respexisse
781 1431 828 1488 vel
849 1430 993 1489 tantillum
1017 1430 1054 1488 ad
1075 1429 1228 1488 commoda
1252 1429 1354 1507 populi

332 1527 462 1598 romuni3
479 1545 555 1585 noua
568 1527 696 1605 quinque
712 1526 830 1585 adducit
844 1540 1028 1603 argumenta,
1041 1524 1163 1603 quibus,
1181 1524 1251 1583 dum
1264 1544 1354 1603 snpe-

333 1625 410 1682 riora
429 1621 617 1695 corroborat,
642 1612 997 1682 demonstrando'nullum
1014 1620 1164 1699 praedandi
1185 1640 1275 1698 genus
1294 1640 1355 1679 esse

333 1722 365 1778 in
378 1741 436 1797 quo
453 1719 609 1778 indomitus
622 1720 676 1778 iste
691 1720 789 1797 praedo
802 1719 907 1780 Siciliae
918 1719 1027 1777 nelarie
1040 1732 1169 1777 versatus
1180 1738 1239 1776 non
1250 1718 1353 1786 fuerit,

332 1817 362 1874 id
380 1815 460 1893 quod
482 1815 607 1872 intendit
624 1815 816 1893 persequitur.
839 1813 955 1872 iudices
972 1814 1082 1890 quippe
1099 1815 1260 1872 necessario
1281 1833 1354 1870 con-

335 1911 427 1970 vincit
448 1909 610 1969 istiusmodi
629 1910 775 1968 hominem
797 1909 833 1967 de
853 1909 955 1987 populi
981 1908 1140 1967 commodis
1160 1930 1197 1967 ne
1217 1909 1355 1988 cogitasse

335 2006 474 2084 quidem3
493 2018 581 2083 atque
598 2005 671 2064 adeo
691 2026 750 2063 non
765 2026 840 2078 esse,
864 2004 943 2082 quod
958 2005 1056 2062 Verris
1077 2005 1161 2063 amici
1175 2005 1254 2063 illam
1272 2006 1356 2064 istius

335 2103 531 2162 defensionem
546 2115 698 2180 tantopere
705 2103 846 2180 jactitent.

375 2208 551 2280 Argumenta
565 2200 613 2258 illa
627 2213 708 2271 sunt,
723 2199 844 2278 r⁰quod
856 2206 962 2258 Verres
978 2201 1129 2277 pecuniam
1143 2199 1290 2278 publicam
1304 2201 1356 2257 fm-

337 2309 453 2355 neratus
464 2309 523 2366 est3
534 2293 655 2373 a⁰quod
667 2296 766 2353 multis
778 2294 941 2354 aratoribus
953 2314 1010 2373 pro
1020 2296 1164 2353 frumento
1175 2297 1246 2354 nihil
1259 2297 1356 2367 scuit,

339 2389 371 2449 3⁰
379 2390 459 2468 quod
472 2390 524 2459 iis,
538 2389 646 2467 quibus
662 2390 769 2462 solvit,
785 2410 851 2447 non.
860 2403 954 2448 totum
964 2391 1073 2462 soluit3
1086 2389 1204 2468 a⁰quod
1219 2393 1357 2450 frumenti

337 2486 428 2545 multo
443 2486 574 2563 amplius,
586 2504 673 2562 quam
683 2497 824 2561 wantum
835 2486 862 2542 ei
874 2487 904 2543 in
915 2487 1016 2544 cellam
1031 2506 1143 2545 sumere
1152 2488 1262 2547 licitum
1272 2502 1357 2556 esset,

336 2579 501 2642 civitan'bus
523 2581 693 2657 imperavit3
718 2578 842 2656 5⁰quod
860 2580 935 2638 idem
955 2581 1131 2641 intumentum
1151 2584 1241 2642 multo
1265 2586 1357 2662 pluris

338 2679 505 2746 estimavit,
528 2695 617 2754 qnam
632 2690 755 2753 usquam
767 2677 944 2735 venderetur
955 2679 985 2735 in
999 2680 1158 2756 provincia.
1173 2661 1285 2740 Horum
1302 2683 1357 2739 tria

337 2776 436 2853 priora
451 2774 481 2831 in
495 2771 622 2833 seottnda
633 2785 732 2849 parte,
749 2770 785 2829 ad
798 2772 850 2843 813
870 2771 929 2830 duo
941 2776 1104 2851 posteriora
1114 2777 1144 2834 in
1159 2780 1243 2836 tertia
1256 2790 1355 2855 parte,

339 2871 376 2929 ad
387 2891 437 2947 97,
452 2872 641 2948 explicantur.

376 2967 540 3039 Peroratio,
565 2987 616 3026 seu
631 2970 727 3045 potius
742 2970 903 3041 conclusio,
922 2970 954 3030 fit
968 2991 1022 3050 per
1035 2972 1240 3051 apostropham
1259 2972 1296 3030 ad
1306 2972 1356 3049 ju-

338 3064 429 3133 dices,
444 3083 517 3140 quos
532 3062 570 3122 ad
583 3065 764 3123 severitatem
778 3067 863 3124 acuit.

380 3160 649 3237 interpretationem
668 3160 717 3219 hic
737 3163 906 3241 prinsquam
925 3164 1046 3225 diversa
1059 3167 1200 3224 orationis
1215 3179 1311 3243 partes
1326 3167 1357 3223 in

340 3255 459 3333 synopsi
479 3256 659 3332 explicentur
679 3257 781 3334 subjici
800 3261 924 3336 pretium
938 3262 1001 3320 sore
1020 3282 1117 3340 opera
1132 3260 1266 3318 duximus
1280 3280 1357 3339 qno-

338 3351 470 3410 ntmdam
480 3352 651 3423 verborum,
661 3372 741 3429 quae,
751 3354 818 3430 quia
828 3358 932 3434 sapius
941 3356 996 3414 bac
1004 3356 1173 3413 inoratione
1186 3372 1357 3427 occurnmt,

339 3448 428 3507 semel
441 3448 573 3524 exposita
586 3447 700 3506 lectoris
716 3447 844 3508 laborem
857 3451 1031 3509 allevabunt

380 3549 582 3613 Frumentum,
597 3556 641 3601 est
660 3563 765 3601 nomen
779 3565 944 3618 commune,
965 3546 1045 3623 quod
1067 3548 1209 3619 triticum,
1232 3550 1356 3619 milium,

338 3640 390 3711 lar,
404 3637 547 3696 hordeum
561 3640 777 3717 complectitur3
791 3656 821 3699 et
835 3661 935 3700 omnes
946 3642 1071 3721 denique
1086 3645 1182 3723 fruges
1195 3666 1261 3723 quaa
1275 3648 1357 3723 legu-

337 3739 415 3795 mina
427 3755 486 3797 non
499 3748 574 3794 suun
586 3736 657 3794 Plin.
668 3757 704 3795 ex
713 3738 861 3816 Tlteophr.
873 3738 1049 3814 tinxvttl,
1062 3762 1125 3821 cap.
1137 3763 1167 3820 9.

339 3888 341 3893 .
377 3833 557 3905 Medimnns,
577 3852 629 3891 seu
638 3834 814 3894 medimnum
828 3836 858 3893 in
869 3850 990 3908 neutro,
1016 3839 1093 3917 apud
1106 3842 1291 3912 Ciceronem3
1307 3860 1357 3900 seu

338 3926 483 3985 medimna
493 3930 525 3985 in
539 3928 664 3987 femineo
677 3930 756 4008 apud
770 3930 930 4003 Isidorum,
945 3935 1040 4010 quiin
1058 3935 1144 4012 hujus
1151 3924 1238 3994 ‘verbi
1259 3949 1357 4013 etymo

337 4020 454 4099 illepide
466 4038 634 4099 argutatum
649 4027 757 4084 Graecis
768 4041 832 4084 erat
842 4048 976 4087 mannua
990 4031 1137 4089 aridorum
1151 4055 1158 4088 :
1174 4045 1244 4109 puta
1259 4033 1357 4101 tritici,

335 4117 437 4175 bordei
450 4160 458 4187 ,
473 4131 527 4176 etc.
539 4118 663 4196 denique
679 4120 804 4195 'ettjusvis
821 4124 975 4196 immenti,
990 4140 1019 4184 et
1033 4128 1217 4205 leguminum.
1230 4130 1356 4185 Varinus
