<?xml version="1.0" encoding="UTF-8"?>
<!DOCTYPE html PUBLIC "-//W3C//DTD XHTML 1.0 Transitional//EN"
    "http://www.w3.org/TR/xhtml1/DTD/xhtml1-transitional.dtd">
<html xmlns="http://www.w3.org/1999/xhtml" xml:lang="en" lang="en">
 <head>
  <title>
</title>
<meta http-equiv="Content-Type" content="text/html;charset=utf-8" />
  <meta name='ocr-system' content='tesseract 3.04.00' />
  <meta name='ocr-capabilities' content='ocr_page ocr_carea ocr_par ocr_line ocrx_word'/>
</head>
<body>
  <div class='ocr_page' id='page_1' title='image "./mtciceronisquae00bouigoog_0035.png"; bbox 0 0 3142 4774; ppageno 0'>
   <div class='ocr_carea' id='block_1_1' title="bbox 283 286 1348 1257">
    <p class='ocr_par' dir='ltr' id='par_1_1' title="bbox 289 286 1015 369">
     <span class='ocr_line' id='line_1_1' title="bbox 289 286 1015 369; baseline 0.001 -16"><span class='ocrx_word' id='word_1_1' title='bbox 289 290 333 369; x_wconf 65' lang='lat' dir='ltr'><strong>nd</strong></span> <span class='ocrx_word' id='word_1_2' title='bbox 616 290 664 355; x_wconf 88' lang='lat' dir='ltr'><strong>M.</strong></span> <span class='ocrx_word' id='word_1_3' title='bbox 685 288 721 353; x_wconf 90' lang='grc' dir='ltr'><strong>Τ.</strong></span> <span class='ocrx_word' id='word_1_4' title='bbox 742 286 1015 355; x_wconf 88' lang='lat' dir='ltr'><strong>CICERONIS</strong></span> 
     </span>
    </p>

    <p class='ocr_par' dir='ltr' id='par_1_2' title="bbox 283 392 1348 1257">
     <span class='ocr_line' id='line_1_2' title="bbox 288 392 1347 491; baseline 0.004 -26"><span class='ocrx_word' id='word_1_5' title='bbox 288 392 401 479; x_wconf 87' lang='lat' dir='ltr'><strong>leant,</strong></span> <span class='ocrx_word' id='word_1_6' title='bbox 414 396 624 465; x_wconf 84' lang='lat' dir='ltr'><strong>Mamertina</strong></span> <span class='ocrx_word' id='word_1_7' title='bbox 637 407 674 463; x_wconf 91' lang='lat' dir='ltr'><strong>et</strong></span> <span class='ocrx_word' id='word_1_8' title='bbox 683 392 983 463; x_wconf 88' lang='lat' dir='ltr'><strong>Taurominitana.</strong></span> <span class='ocrx_word' id='word_1_9' title='bbox 994 395 1167 489; x_wconf 81' lang='lat' dir='ltr'><strong>Quinque</strong></span> <span class='ocrx_word' id='word_1_10' title='bbox 1178 409 1347 491; x_wconf 83' lang='lat' dir='ltr'><strong>praeterea</strong></span> 
     </span>
     <span class='ocr_line' id='line_1_3' title="bbox 289 500 1344 593; baseline 0.006 -22"><span class='ocrx_word' id='word_1_11' title='bbox 289 506 366 572; x_wconf 91' lang='lat' dir='ltr'><strong>sine</strong></span> <span class='ocrx_word' id='word_1_12' title='bbox 395 500 531 573; x_wconf 84' lang='lat' dir='ltr'><strong>foedere</strong></span> <span class='ocrx_word' id='word_1_13' title='bbox 551 501 751 575; x_wconf 82' lang='lat' dir='ltr'><strong>immunes8</strong></span> <span class='ocrx_word' id='word_1_14' title='bbox 776 506 935 573; x_wconf 88' lang='lat' dir='ltr'><strong>civitates</strong></span> <span class='ocrx_word' id='word_1_15' title='bbox 958 526 999 574; x_wconf 86' lang='lat' dir='ltr'><strong>ac</strong></span> <span class='ocrx_word' id='word_1_16' title='bbox 1023 501 1160 593; x_wconf 86' lang='lat' dir='ltr'><strong>liberae,</strong></span> <span class='ocrx_word' id='word_1_17' title='bbox 1180 510 1344 577; x_wconf 89' lang='lat' dir='ltr'><strong>Centuri-</strong></span> 
     </span>
     <span class='ocr_line' id='line_1_4' title="bbox 283 604 1345 709; baseline 0.006 -29"><span class='ocrx_word' id='word_1_18' title='bbox 283 604 390 707; x_wconf 88' lang='lat' dir='ltr'><strong>pina,</strong></span> <span class='ocrx_word' id='word_1_19' title='bbox 409 613 589 698; x_wconf 89' lang='lat' dir='ltr'><strong>Halesiua,</strong></span> <span class='ocrx_word' id='word_1_20' title='bbox 606 615 815 708; x_wconf 84' lang='lat' dir='ltr'><strong>Segestana,</strong></span> <span class='ocrx_word' id='word_1_21' title='bbox 832 612 1067 709; x_wconf 85' lang='lat' dir='ltr'><strong>Halicyensis,</strong></span> <span class='ocrx_word' id='word_1_22' title='bbox 1084 617 1345 686; x_wconf 89' lang='lat' dir='ltr'><strong>Panormitana.</strong></span> 
     </span>
     <span class='ocr_line' id='line_1_5' title="bbox 287 721 1346 818; baseline 0.007 -29"><span class='ocrx_word' id='word_1_23' title='bbox 287 724 483 799; x_wconf 75' lang='lat' dir='ltr'><strong>Praeterea9</strong></span> <span class='ocrx_word' id='word_1_24' title='bbox 510 725 628 792; x_wconf 91' lang='lat' dir='ltr'><strong>omnis</strong></span> <span class='ocrx_word' id='word_1_25' title='bbox 654 746 739 818; x_wconf 84' lang='lat' dir='ltr'><strong>ager</strong></span> <span class='ocrx_word' id='word_1_26' title='bbox 766 721 892 792; x_wconf 84' lang='lat' dir='ltr'><strong>Siciliae</strong></span> <span class='ocrx_word' id='word_1_27' title='bbox 918 723 1101 793; x_wconf 88' lang='lat' dir='ltr'><strong>civitatum</strong></span> <span class='ocrx_word' id='word_1_28' title='bbox 1125 721 1346 796; x_wconf 89' lang='lat' dir='ltr'><strong>decumanus</strong></span> 
     </span>
     <span class='ocr_line' id='line_1_6' title="bbox 289 830 1346 931; baseline 0.007 -34"><span class='ocrx_word' id='word_1_29' title='bbox 289 843 358 912; x_wconf 89' lang='lat' dir='ltr'><strong>est;</strong></span> <span class='ocrx_word' id='word_1_30' title='bbox 371 833 550 926; x_wconf 75' lang='lat' dir='ltr'><strong>itemque,</strong></span> <span class='ocrx_word' id='word_1_31' title='bbox 562 844 646 900; x_wconf 91' lang='lat' dir='ltr'><strong>ante</strong></span> <span class='ocrx_word' id='word_1_32' title='bbox 660 830 852 928; x_wconf 82' lang='lat' dir='ltr'><strong>imper-ium</strong></span> <span class='ocrx_word' id='word_1_33' title='bbox 868 831 994 929; x_wconf 94' lang='lat' dir='ltr'><strong>populi</strong></span> <span class='ocrx_word' id='word_1_34' title='bbox 1010 836 1171 921; x_wconf 90' lang='lat' dir='ltr'><strong>romani,</strong></span> <span class='ocrx_word' id='word_1_35' title='bbox 1184 836 1346 931; x_wconf 87' lang='lat' dir='ltr'><strong>ipsorum</strong></span> 
     </span>
     <span class='ocr_line' id='line_1_7' title="bbox 288 937 1348 1015; baseline 0.008 -10"><span class='ocrx_word' id='word_1_36' title='bbox 288 938 489 1015; x_wconf 89' lang='lat' dir='ltr'><strong>Siculorum</strong></span> <span class='ocrx_word' id='word_1_37' title='bbox 516 938 702 1011; x_wconf 82' lang='lat' dir='ltr'><strong>voluntate</strong></span> <span class='ocrx_word' id='word_1_38' title='bbox 731 954 767 1010; x_wconf 89' lang='lat' dir='ltr'><strong>et</strong></span> <span class='ocrx_word' id='word_1_39' title='bbox 793 942 964 1010; x_wconf 89' lang='lat' dir='ltr'><strong>institutis</strong></span> <span class='ocrx_word' id='word_1_40' title='bbox 990 937 1068 1010; x_wconf 88' lang='lat' dir='ltr'><strong>fuit.</strong></span> <span class='ocrx_word' id='word_1_41' title='bbox 1098 941 1226 1012; x_wconf 87' lang='lat' dir='ltr'><strong>Videte</strong></span> <span class='ocrx_word' id='word_1_42' title='bbox 1248 966 1348 1013; x_wconf 89' lang='lat' dir='ltr'><strong>nunc</strong></span> 
     </span>
     <span class='ocr_line' id='line_1_8' title="bbox 288 1048 1346 1147; baseline 0.004 -31"><span class='ocrx_word' id='word_1_43' title='bbox 288 1048 466 1142; x_wconf 89' lang='lat' dir='ltr'><strong>majorum</strong></span> <span class='ocrx_word' id='word_1_44' title='bbox 491 1050 724 1146; x_wconf 88' lang='lat' dir='ltr'><strong>sapientiam;</strong></span> <span class='ocrx_word' id='word_1_45' title='bbox 746 1052 828 1145; x_wconf 87' lang='lat' dir='ltr'><strong>qui,</strong></span> <span class='ocrx_word' id='word_1_46' title='bbox 851 1073 965 1145; x_wconf 88' lang='lat' dir='ltr'><strong>quum</strong></span> <span class='ocrx_word' id='word_1_47' title='bbox 990 1048 1164 1137; x_wconf 88' lang='lat' dir='ltr'><strong>Siciliam,</strong></span> <span class='ocrx_word' id='word_1_48' title='bbox 1186 1064 1259 1120; x_wconf 88' lang='lat' dir='ltr'><strong>tam</strong></span> <span class='ocrx_word' id='word_1_49' title='bbox 1280 1075 1346 1147; x_wconf 92' lang='lat' dir='ltr'><strong>op·</strong></span> 
     </span>
     <span class='ocr_line' id='line_1_9' title="bbox 287 1156 1348 1257; baseline 0.001 -29"><span class='ocrx_word' id='word_1_50' title='bbox 287 1173 490 1254; x_wconf 88' lang='lat' dir='ltr'><strong>portunum</strong></span> <span class='ocrx_word' id='word_1_51' title='bbox 509 1156 707 1229; x_wconf 82' lang='lat' dir='ltr'><strong>subsidium</strong></span> <span class='ocrx_word' id='word_1_52' title='bbox 726 1157 811 1228; x_wconf 91' lang='lat' dir='ltr'><strong>belli</strong></span> <span class='ocrx_word' id='word_1_53' title='bbox 828 1173 936 1254; x_wconf 90' lang='lat' dir='ltr'><strong>atque</strong></span> <span class='ocrx_word' id='word_1_54' title='bbox 953 1160 1070 1255; x_wconf 83' lang='lat' dir='ltr'><strong>pacis,</strong></span> <span class='ocrx_word' id='word_1_55' title='bbox 1089 1158 1133 1229; x_wconf 91' lang='lat' dir='ltr'><strong>ad</strong></span> <span class='ocrx_word' id='word_1_56' title='bbox 1153 1160 1348 1257; x_wconf 91' lang='lat' dir='ltr'><strong>rempubli-</strong></span> 
     </span>
    </p>
   </div>
   <div class='ocr_carea' id='block_1_2' title="bbox 288 1265 1451 1360">
    <p class='ocr_par' dir='ltr' id='par_1_3' title="bbox 288 1265 1451 1360">
     <span class='ocr_line' id='line_1_10' title="bbox 288 1265 1451 1360; baseline 0.005 -26"><span class='ocrx_word' id='word_1_57' title='bbox 288 1291 366 1334; x_wconf 82' lang='lat' dir='ltr'><strong>cam</strong></span> <span class='ocrx_word' id='word_1_58' title='bbox 380 1265 640 1360; x_wconf 80' lang='lat' dir='ltr'><strong>adjunxissent,</strong></span> <span class='ocrx_word' id='word_1_59' title='bbox 659 1281 759 1337; x_wconf 83' lang='lat' dir='ltr'><strong>tauta</strong></span> <span class='ocrx_word' id='word_1_60' title='bbox 776 1292 861 1338; x_wconf 85' lang='lat' dir='ltr'><strong>cura</strong></span> <span class='ocrx_word' id='word_1_61' title='bbox 878 1267 1015 1337; x_wconf 87' lang='lat' dir='ltr'><strong>Siculos</strong></span> <span class='ocrx_word' id='word_1_62' title='bbox 1033 1269 1127 1337; x_wconf 89' lang='lat' dir='ltr'><strong>tueri</strong></span> <span class='ocrx_word' id='word_1_63' title='bbox 1143 1282 1180 1338; x_wconf 94' lang='lat' dir='ltr'><strong>et</strong></span> <span class='ocrx_word' id='word_1_64' title='bbox 1191 1271 1347 1340; x_wconf 87' lang='lat' dir='ltr'><strong>retinere</strong></span> <span class='ocrx_word' id='word_1_65' title='bbox 1447 1266 1451 1273; x_wconf 74' lang='grc'><strong>’</strong></span> 
     </span>
    </p>
   </div>
   <div class='ocr_carea' id='block_1_3' title="bbox 286 1375 1430 3099">
    <p class='ocr_par' dir='ltr' id='par_1_4' title="bbox 286 1375 1430 3099">
     <span class='ocr_line' id='line_1_11' title="bbox 286 1375 1347 1473; baseline 0.005 -31"><span class='ocrx_word' id='word_1_66' title='bbox 286 1375 500 1461; x_wconf 85' lang='lat' dir='ltr'><strong>voluerunt,</strong></span> <span class='ocrx_word' id='word_1_67' title='bbox 515 1391 556 1447; x_wconf 92' lang='lat' dir='ltr'><strong>ut</strong></span> <span class='ocrx_word' id='word_1_68' title='bbox 572 1401 647 1447; x_wconf 91' lang='lat' dir='ltr'><strong>non</strong></span> <span class='ocrx_word' id='word_1_69' title='bbox 666 1376 776 1447; x_wconf 89' lang='lat' dir='ltr'><strong>modo</strong></span> <span class='ocrx_word' id='word_1_70' title='bbox 794 1401 918 1447; x_wconf 91' lang='lat' dir='ltr'><strong>eorum</strong></span> <span class='ocrx_word' id='word_1_71' title='bbox 936 1379 1028 1473; x_wconf 84' lang='lat' dir='ltr'><strong>agris</strong></span> <span class='ocrx_word' id='word_1_72' title='bbox 1043 1376 1193 1472; x_wconf 86' lang='lat' dir='ltr'><strong>vectigal</strong></span> <span class='ocrx_word' id='word_1_73' title='bbox 1212 1402 1347 1447; x_wconf 88' lang='lat' dir='ltr'><strong>novum</strong></span> 
     </span>
     <span class='ocr_line' id='line_1_12' title="bbox 288 1483 1348 1584; baseline 0.003 -32"><span class='ocrx_word' id='word_1_74' title='bbox 288 1484 429 1555; x_wconf 88' lang='lat' dir='ltr'><strong>nullum</strong></span> <span class='ocrx_word' id='word_1_75' title='bbox 443 1489 690 1584; x_wconf 86' lang='lat' dir='ltr'><strong>imponerent,</strong></span> <span class='ocrx_word' id='word_1_76' title='bbox 705 1486 768 1558; x_wconf 89' lang='lat' dir='ltr'><strong>sed</strong></span> <span class='ocrx_word' id='word_1_77' title='bbox 782 1511 829 1557; x_wconf 93' lang='lat' dir='ltr'><strong>ne</strong></span> <span class='ocrx_word' id='word_1_78' title='bbox 842 1486 956 1583; x_wconf 84' lang='lat' dir='ltr'><strong>legem</strong></span> <span class='ocrx_word' id='word_1_79' title='bbox 970 1483 1119 1582; x_wconf 90' lang='lat' dir='ltr'><strong>quidem</strong></span> <span class='ocrx_word' id='word_1_80' title='bbox 1132 1484 1348 1557; x_wconf 84' lang='lat' dir='ltr'><strong>venditionis</strong></span> 
     </span>
     <span class='ocr_line' id='line_1_13' title="bbox 287 1592 1349 1693; baseline 0.003 -30"><span class='ocrx_word' id='word_1_81' title='bbox 287 1592 541 1683; x_wconf 85' lang='lat' dir='ltr'><strong>decumarum,</strong></span> <span class='ocrx_word' id='word_1_82' title='bbox 559 1622 649 1667; x_wconf 87' lang='lat' dir='ltr'><strong>neve</strong></span> <span class='ocrx_word' id='word_1_83' title='bbox 662 1596 883 1668; x_wconf 56' lang='lat' dir='ltr'><strong>vendundis</strong></span> <span class='ocrx_word' id='word_1_84' title='bbox 898 1610 961 1667; x_wconf 86' lang='lat' dir='ltr'><strong>aut</strong></span> <span class='ocrx_word' id='word_1_85' title='bbox 976 1610 1131 1693; x_wconf 90' lang='lat' dir='ltr'><strong>tempus,</strong></span> <span class='ocrx_word' id='word_1_86' title='bbox 1147 1611 1210 1667; x_wconf 89' lang='lat' dir='ltr'><strong>aut</strong></span> <span class='ocrx_word' id='word_1_87' title='bbox 1228 1597 1349 1675; x_wconf 89' lang='lat' dir='ltr'><strong>locum</strong></span> 
     </span>
     <span class='ocr_line' id='line_1_14' title="bbox 290 1702 1350 1802; baseline 0.003 -30"><span class='ocrx_word' id='word_1_88' title='bbox 290 1719 573 1793; x_wconf 74' lang='lat' dir='ltr'><strong>commutarent3</strong></span> <span class='ocrx_word' id='word_1_89' title='bbox 596 1721 637 1776; x_wconf 92' lang='lat' dir='ltr'><strong>ut</strong></span> <span class='ocrx_word' id='word_1_90' title='bbox 663 1721 763 1778; x_wconf 86' lang='lat' dir='ltr'><strong>certo</strong></span> <span class='ocrx_word' id='word_1_91' title='bbox 784 1721 947 1802; x_wconf 89' lang='lat' dir='ltr'><strong>tempore</strong></span> <span class='ocrx_word' id='word_1_92' title='bbox 968 1709 1072 1789; x_wconf 89' lang='lat' dir='ltr'><strong>anni,</strong></span> <span class='ocrx_word' id='word_1_93' title='bbox 1097 1718 1138 1773; x_wconf 92' lang='lat' dir='ltr'><strong>ut</strong></span> <span class='ocrx_word' id='word_1_94' title='bbox 1159 1702 1291 1775; x_wconf 89' lang='lat' dir='ltr'><strong>ibidem</strong></span> <span class='ocrx_word' id='word_1_95' title='bbox 1305 1715 1350 1789; x_wconf 87' lang='lat'><strong>¹¹,</strong></span> 
     </span>
     <span class='ocr_line' id='line_1_15' title="bbox 290 1812 1353 1912; baseline 0.001 -29"><span class='ocrx_word' id='word_1_96' title='bbox 290 1817 327 1883; x_wconf 93' lang='lat' dir='ltr'><strong>in</strong></span> <span class='ocrx_word' id='word_1_97' title='bbox 345 1814 478 1903; x_wconf 87' lang='lat' dir='ltr'><strong>Sicilia,</strong></span> <span class='ocrx_word' id='word_1_98' title='bbox 495 1815 653 1912; x_wconf 91' lang='lat' dir='ltr'><strong>denique</strong></span> <span class='ocrx_word' id='word_1_99' title='bbox 666 1830 708 1886; x_wconf 91' lang='lat' dir='ltr'><strong>ut</strong></span> <span class='ocrx_word' id='word_1_100' title='bbox 723 1817 801 1912; x_wconf 84' lang='lat' dir='ltr'><strong>lege</strong></span> <span class='ocrx_word' id='word_1_101' title='bbox 815 1815 1004 1884; x_wconf 84' lang='lat' dir='ltr'><strong>Hieronica</strong></span> <span class='ocrx_word' id='word_1_102' title='bbox 1015 1824 1046 1857; x_wconf 80' lang='lat'><strong>¹²</strong></span> <span class='ocrx_word' id='word_1_103' title='bbox 1061 1812 1276 1884; x_wconf 87' lang='lat' dir='ltr'><strong>venderent:</strong></span> <span class='ocrx_word' id='word_1_104' title='bbox 1292 1838 1353 1884; x_wconf 76' lang='lat' dir='ltr'><strong>vo.</strong></span> 
     </span>
     <span class='ocr_line' id='line_1_16' title="bbox 290 1921 1351 2019; baseline 0.002 -29"><span class='ocrx_word' id='word_1_105' title='bbox 290 1921 438 1993; x_wconf 91' lang='lat' dir='ltr'><strong>luerunt</strong></span> <span class='ocrx_word' id='word_1_106' title='bbox 458 1948 519 1995; x_wconf 91' lang='lat' dir='ltr'><strong>eos</strong></span> <span class='ocrx_word' id='word_1_107' title='bbox 542 1925 580 1994; x_wconf 89' lang='lat' dir='ltr'><strong>in</strong></span> <span class='ocrx_word' id='word_1_108' title='bbox 600 1926 673 1995; x_wconf 89' lang='lat' dir='ltr'><strong>suis</strong></span> <span class='ocrx_word' id='word_1_109' title='bbox 695 1924 804 1996; x_wconf 89' lang='lat' dir='ltr'><strong>rebus</strong></span> <span class='ocrx_word' id='word_1_110' title='bbox 826 1924 923 2019; x_wconf 93' lang='lat' dir='ltr'><strong>ipsos</strong></span> <span class='ocrx_word' id='word_1_111' title='bbox 940 1923 1132 2009; x_wconf 81' lang='lat' dir='ltr'><strong>interesse3</strong></span> <span class='ocrx_word' id='word_1_112' title='bbox 1149 1946 1351 2019; x_wconf 86' lang='lat' dir='ltr'><strong>eorumque</strong></span> 
     </span>
     <span class='ocr_line' id='line_1_17' title="bbox 289 2031 1349 2131; baseline 0.002 -31"><span class='ocrx_word' id='word_1_113' title='bbox 289 2034 448 2120; x_wconf 87' lang='lat' dir='ltr'><strong>animos,</strong></span> <span class='ocrx_word' id='word_1_114' title='bbox 471 2057 546 2103; x_wconf 91' lang='lat' dir='ltr'><strong>non</strong></span> <span class='ocrx_word' id='word_1_115' title='bbox 572 2032 681 2103; x_wconf 91' lang='lat' dir='ltr'><strong>modo</strong></span> <span class='ocrx_word' id='word_1_116' title='bbox 707 2034 786 2131; x_wconf 84' lang='lat' dir='ltr'><strong>lege</strong></span> <span class='ocrx_word' id='word_1_117' title='bbox 810 2056 921 2119; x_wconf 87' lang='lat' dir='ltr'><strong>nova,</strong></span> <span class='ocrx_word' id='word_1_118' title='bbox 945 2031 1008 2103; x_wconf 91' lang='lat' dir='ltr'><strong>sed</strong></span> <span class='ocrx_word' id='word_1_119' title='bbox 1030 2056 1076 2102; x_wconf 91' lang='lat' dir='ltr'><strong>ne</strong></span> <span class='ocrx_word' id='word_1_120' title='bbox 1098 2033 1244 2102; x_wconf 89' lang='lat' dir='ltr'><strong>nomine</strong></span> <span class='ocrx_word' id='word_1_121' title='bbox 1267 2035 1349 2129; x_wconf 92' lang='lat' dir='ltr'><strong>qui·</strong></span> 
     </span>
     <span class='ocr_line' id='line_1_18' title="bbox 292 2138 1353 2238; baseline 0.005 -30"><span class='ocrx_word' id='word_1_122' title='bbox 292 2138 373 2208; x_wconf 92' lang='lat' dir='ltr'><strong>dem</strong></span> <span class='ocrx_word' id='word_1_123' title='bbox 395 2140 483 2238; x_wconf 81' lang='lat' dir='ltr'><strong>legis</strong></span> <span class='ocrx_word' id='word_1_124' title='bbox 506 2168 601 2221; x_wconf 86' lang='lat' dir='ltr'><strong>novo</strong></span> <span class='ocrx_word' id='word_1_125' title='bbox 620 2147 851 2214; x_wconf 84' lang='lat' dir='ltr'><strong>commoveri.</strong></span> <span class='ocrx_word' id='word_1_126' title='bbox 875 2145 929 2212; x_wconf 87' lang='lat' dir='ltr'><strong>ltu</strong></span> <span class='ocrx_word' id='word_1_127' title='bbox 947 2140 1116 2213; x_wconf 91' lang='lat' dir='ltr'><strong>decumas</strong></span> <span class='ocrx_word' id='word_1_128' title='bbox 1133 2141 1210 2237; x_wconf 85' lang='lat' dir='ltr'><strong>lege</strong></span> <span class='ocrx_word' id='word_1_129' title='bbox 1222 2145 1353 2213; x_wconf 85' lang='lat' dir='ltr'><strong>Hiero·.</strong></span> 
     </span>
     <span class='ocr_line' id='line_1_19' title="bbox 293 2251 1351 2353; baseline 0.006 -36"><span class='ocrx_word' id='word_1_130' title='bbox 293 2251 373 2320; x_wconf 88' lang='lat' dir='ltr'><strong>nica</strong></span> <span class='ocrx_word' id='word_1_131' title='bbox 391 2275 532 2348; x_wconf 88' lang='lat' dir='ltr'><strong>semper</strong></span> <span class='ocrx_word' id='word_1_132' title='bbox 550 2252 762 2323; x_wconf 82' lang='lat' dir='ltr'><strong>vendundas</strong></span> <span class='ocrx_word' id='word_1_133' title='bbox 780 2266 1017 2353; x_wconf 86' lang='lat' dir='ltr'><strong>censuerunt,</strong></span> <span class='ocrx_word' id='word_1_134' title='bbox 1038 2265 1078 2321; x_wconf 92' lang='lat' dir='ltr'><strong>ut</strong></span> <span class='ocrx_word' id='word_1_135' title='bbox 1097 2253 1138 2321; x_wconf 91' lang='lat' dir='ltr'><strong>iis</strong></span> <span class='ocrx_word' id='word_1_136' title='bbox 1156 2251 1351 2346; x_wconf 86' lang='lat' dir='ltr'><strong>jucundior</strong></span> 
     </span>
     <span class='ocr_line' id='line_1_20' title="bbox 293 2358 1351 2458; baseline 0.001 -29"><span class='ocrx_word' id='word_1_137' title='bbox 293 2375 387 2429; x_wconf 90' lang='lat' dir='ltr'><strong>esset</strong></span> <span class='ocrx_word' id='word_1_138' title='bbox 408 2365 567 2431; x_wconf 89' lang='lat' dir='ltr'><strong>muneris</strong></span> <span class='ocrx_word' id='word_1_139' title='bbox 587 2362 681 2433; x_wconf 91' lang='lat' dir='ltr'><strong>illius</strong></span> <span class='ocrx_word' id='word_1_140' title='bbox 694 2358 892 2447; x_wconf 78' lang='lat' dir='ltr'><strong>·fi1nctio¹³,</strong></span> <span class='ocrx_word' id='word_1_141' title='bbox 916 2364 946 2431; x_wconf 89' lang='lat' dir='ltr'><strong>si</strong></span> <span class='ocrx_word' id='word_1_142' title='bbox 973 2360 1050 2455; x_wconf 85' lang='lat' dir='ltr'><strong>ejus</strong></span> <span class='ocrx_word' id='word_1_143' title='bbox 1073 2363 1181 2457; x_wconf 84' lang='lat' dir='ltr'><strong>regis,</strong></span> <span class='ocrx_word' id='word_1_144' title='bbox 1207 2364 1271 2458; x_wconf 92' lang='lat' dir='ltr'><strong>qui</strong></span> <span class='ocrx_word' id='word_1_145' title='bbox 1298 2365 1351 2431; x_wconf 88' lang='lat' dir='ltr'><strong>Si·</strong></span> 
     </span>
     <span class='ocr_line' id='line_1_21' title="bbox 294 2468 1350 2558; baseline 0.003 -21"><span class='ocrx_word' id='word_1_146' title='bbox 294 2468 384 2538; x_wconf 91' lang='lat' dir='ltr'><strong>culis</strong></span> <span class='ocrx_word' id='word_1_147' title='bbox 401 2473 601 2541; x_wconf 86' lang='lat' dir='ltr'><strong>carissimus</strong></span> <span class='ocrx_word' id='word_1_148' title='bbox 619 2468 739 2558; x_wconf 69' lang='lat' dir='ltr'><strong>fuit¹l,</strong></span> <span class='ocrx_word' id='word_1_149' title='bbox 757 2497 833 2542; x_wconf 89' lang='lat' dir='ltr'><strong>non</strong></span> <span class='ocrx_word' id='word_1_150' title='bbox 850 2471 968 2541; x_wconf 90' lang='lat' dir='ltr'><strong>solum</strong></span> <span class='ocrx_word' id='word_1_151' title='bbox 985 2472 1167 2558; x_wconf 86' lang='lat' dir='ltr'><strong>instituta,</strong></span> <span class='ocrx_word' id='word_1_152' title='bbox 1186 2496 1350 2541; x_wconf 91' lang='lat' dir='ltr'><strong>commu·</strong></span> 
     </span>
     <span class='ocr_line' id='line_1_22' title="bbox 296 2580 1430 2676; baseline 0 -28"><span class='ocrx_word' id='word_1_153' title='bbox 296 2593 371 2649; x_wconf 90' lang='lat' dir='ltr'><strong>tato</strong></span> <span class='ocrx_word' id='word_1_154' title='bbox 387 2581 559 2676; x_wconf 84' lang='lat' dir='ltr'><strong>imperio,</strong></span> <span class='ocrx_word' id='word_1_155' title='bbox 577 2604 704 2650; x_wconf 89' lang='lat' dir='ltr'><strong>vemm</strong></span> <span class='ocrx_word' id='word_1_156' title='bbox 721 2581 827 2650; x_wconf 88' lang='lat' dir='ltr'><strong>etiam</strong></span> <span class='ocrx_word' id='word_1_157' title='bbox 844 2603 977 2649; x_wconf 90' lang='lat' dir='ltr'><strong>nomen</strong></span> <span class='ocrx_word' id='word_1_158' title='bbox 993 2593 1162 2650; x_wconf 87' lang='lat' dir='ltr'><strong>maneret.</strong></span> <span class='ocrx_word' id='word_1_159' title='bbox 1181 2584 1257 2650; x_wconf 91' lang='lat' dir='ltr'><strong>Hoc</strong></span> <span class='ocrx_word' id='word_1_160' title='bbox 1269 2580 1352 2674; x_wconf 89' lang='lat' dir='ltr'><strong>jure</strong></span> <span class='ocrx_word' id='word_1_161' title='bbox 1426 2630 1430 2637; x_wconf 81' lang='lat'><em>-</em></span> 
     </span>
     <span class='ocr_line' id='line_1_23' title="bbox 296 2687 1355 2788; baseline 0 -31"><span class='ocrx_word' id='word_1_162' title='bbox 296 2703 379 2759; x_wconf 90' lang='lat' dir='ltr'><strong>ante</strong></span> <span class='ocrx_word' id='word_1_163' title='bbox 404 2694 553 2763; x_wconf 89' lang='lat' dir='ltr'><strong>Verrem</strong></span> <span class='ocrx_word' id='word_1_164' title='bbox 576 2704 765 2788; x_wconf 88' lang='lat' dir='ltr'><strong>praetorem</strong></span> <span class='ocrx_word' id='word_1_165' title='bbox 790 2687 899 2761; x_wconf 90' lang='lat' dir='ltr'><strong>Siculi</strong></span> <span class='ocrx_word' id='word_1_166' title='bbox 922 2713 1064 2786; x_wconf 87' lang='lat' dir='ltr'><strong>semper</strong></span> <span class='ocrx_word' id='word_1_167' title='bbox 1085 2689 1142 2760; x_wconf 93' lang='lat' dir='ltr'><strong>usi</strong></span> <span class='ocrx_word' id='word_1_168' title='bbox 1160 2702 1272 2763; x_wconf 90' lang='lat' dir='ltr'><strong>sunt:</strong></span> <span class='ocrx_word' id='word_1_169' title='bbox 1293 2687 1355 2758; x_wconf 88' lang='lat' dir='ltr'><strong>hic</strong></span> 
     </span>
     <span class='ocr_line' id='line_1_24' title="bbox 296 2794 1353 2893; baseline 0.002 -27"><span class='ocrx_word' id='word_1_170' title='bbox 296 2800 433 2893; x_wconf 89' lang='lat' dir='ltr'><strong>primus</strong></span> <span class='ocrx_word' id='word_1_171' title='bbox 446 2803 608 2871; x_wconf 90' lang='lat' dir='ltr'><strong>instituta</strong></span> <span class='ocrx_word' id='word_1_172' title='bbox 622 2801 803 2885; x_wconf 91' lang='lat' dir='ltr'><strong>omnium,</strong></span> <span class='ocrx_word' id='word_1_173' title='bbox 814 2794 1113 2885; x_wconf 80' lang='lat' dir='ltr'><strong>consuetudinem</strong></span> <span class='ocrx_word' id='word_1_174' title='bbox 1124 2823 1144 2868; x_wconf 94' lang='lat' dir='ltr'><strong>a</strong></span> <span class='ocrx_word' id='word_1_175' title='bbox 1156 2796 1353 2892; x_wconf 87' lang='lat' dir='ltr'><strong>majoribus</strong></span> 
     </span>
     <span class='ocr_line' id='line_1_25' title="bbox 296 2907 1354 3002; baseline 0 -25"><span class='ocrx_word' id='word_1_176' title='bbox 296 2908 480 2996; x_wconf 89' lang='lat' dir='ltr'><strong>traditam,</strong></span> <span class='ocrx_word' id='word_1_177' title='bbox 500 2907 745 2979; x_wconf 88' lang='lat' dir='ltr'><strong>conditionem</strong></span> <span class='ocrx_word' id='word_1_178' title='bbox 768 2908 947 2992; x_wconf 76' lang='lat' dir='ltr'><strong>amicitia,</strong></span> <span class='ocrx_word' id='word_1_179' title='bbox 969 2907 1029 3002; x_wconf 88' lang='lat' dir='ltr'><strong>jus</strong></span> <span class='ocrx_word' id='word_1_180' title='bbox 1052 2908 1250 2997; x_wconf 89' lang='lat' dir='ltr'><strong>societatis,</strong></span> <span class='ocrx_word' id='word_1_181' title='bbox 1269 2932 1354 2980; x_wconf 91' lang='lat' dir='ltr'><strong>con·</strong></span> 
     </span>
     <span class='ocr_line' id='line_1_26' title="bbox 296 3016 932 3099; baseline 0.003 -14"><span class='ocrx_word' id='word_1_182' title='bbox 296 3016 429 3099; x_wconf 79' lang='lat' dir='ltr'><strong>vellere</strong></span> <span class='ocrx_word' id='word_1_183' title='bbox 448 3032 484 3087; x_wconf 91' lang='lat' dir='ltr'><strong>et</strong></span> <span class='ocrx_word' id='word_1_184' title='bbox 504 3032 725 3089; x_wconf 87' lang='lat' dir='ltr'><strong>commutare</strong></span> <span class='ocrx_word' id='word_1_185' title='bbox 745 3042 852 3088; x_wconf 90' lang='lat' dir='ltr'><strong>ausus</strong></span> <span class='ocrx_word' id='word_1_186' title='bbox 871 3031 932 3087; x_wconf 89' lang='lat' dir='ltr'><strong>est</strong></span> 
     </span>
    </p>
   </div>
   <div class='ocr_carea' id='block_1_4' title="bbox 299 3180 1357 4032">
    <p class='ocr_par' dir='ltr' id='par_1_5' title="bbox 299 3180 1357 4032">
     <span class='ocr_line' id='line_1_27' title="bbox 299 3180 1355 3245; baseline -0.004 -15"><span class='ocrx_word' id='word_1_187' title='bbox 299 3195 354 3240; x_wconf 86' lang='lat' dir='ltr'><strong>tur,</strong></span> <span class='ocrx_word' id='word_1_188' title='bbox 366 3198 438 3245; x_wconf 83' lang='lat' dir='ltr'><strong>quam</strong></span> <span class='ocrx_word' id='word_1_189' title='bbox 451 3181 578 3244; x_wconf 88' lang='lat' dir='ltr'><strong>quomodo</strong></span> <span class='ocrx_word' id='word_1_190' title='bbox 591 3182 639 3230; x_wconf 88' lang='lat' dir='ltr'><strong>hoc</strong></span> <span class='ocrx_word' id='word_1_191' title='bbox 655 3182 711 3230; x_wconf 88' lang='lat' dir='ltr'><strong>loeo</strong></span> <span class='ocrx_word' id='word_1_192' title='bbox 720 3182 806 3231; x_wconf 69' lang='lat' dir='ltr'><strong>omue-</strong></span> <span class='ocrx_word' id='word_1_193' title='bbox 850 3183 941 3232; x_wconf 85' lang='lat' dir='ltr'><strong>Metell.</strong></span> <span class='ocrx_word' id='word_1_194' title='bbox 956 3183 1022 3239; x_wconf 82' lang='lat' dir='ltr'><strong>Olim</strong></span> <span class='ocrx_word' id='word_1_195' title='bbox 1034 3180 1181 3231; x_wconf 75' lang='lat' dir='ltr'><strong>vendundis.</strong></span> <span class='ocrx_word' id='word_1_196' title='bbox 1195 3180 1262 3228; x_wconf 87' lang='lat' dir='ltr'><strong>Idem</strong></span> <span class='ocrx_word' id='word_1_197' title='bbox 1276 3180 1303 3227; x_wconf 84' lang='lat' dir='ltr'><strong>in</strong></span> <span class='ocrx_word' id='word_1_198' title='bbox 1314 3195 1355 3227; x_wconf 85' lang='lat' dir='ltr'><strong>eo-</strong></span> 
     </span>
     <span class='ocr_line' id='line_1_28' title="bbox 301 3257 1355 3329; baseline -0.006 -18"><span class='ocrx_word' id='word_1_199' title='bbox 301 3262 349 3329; x_wconf 78' lang='lat' dir='ltr'><strong>rit,</strong></span> <span class='ocrx_word' id='word_1_200' title='bbox 362 3262 443 3310; x_wconf 77' lang='lat' dir='ltr'><strong>mirari</strong></span> <span class='ocrx_word' id='word_1_201' title='bbox 463 3263 529 3310; x_wconf 82' lang='lat' dir='ltr'><strong>licet.</strong></span> <span class='ocrx_word' id='word_1_202' title='bbox 541 3262 680 3310; x_wconf 68' lang='lat' dir='ltr'><strong>-ch&#39;re</strong></span> <span class='ocrx_word' id='word_1_203' title='bbox 693 3263 779 3310; x_wconf 85' lang='lat' dir='ltr'><strong>Locari</strong></span> <span class='ocrx_word' id='word_1_204' title='bbox 793 3278 808 3309; x_wconf 83' lang='lat' dir='ltr'><strong>e</strong></span> <span class='ocrx_word' id='word_1_205' title='bbox 850 3278 950 3328; x_wconf 81' lang='lat' dir='ltr'><strong>rumque</strong></span> <span class='ocrx_word' id='word_1_206' title='bbox 963 3261 1052 3322; x_wconf 73' lang='lat' dir='ltr'><strong>adjecit</strong></span> <span class='ocrx_word' id='word_1_207' title='bbox 1064 3260 1212 3319; x_wconf 82' lang='lat' dir='ltr'><strong>encliticem,</strong></span> <span class='ocrx_word' id='word_1_208' title='bbox 1230 3261 1311 3320; x_wconf 68' lang='lat' dir='ltr'><strong>juncus</strong></span> <span class='ocrx_word' id='word_1_209' title='bbox 1323 3257 1355 3306; x_wconf 75' lang='lat' dir='ltr'><strong>ab</strong></span> 
     </span>
     <span class='ocr_line' id='line_1_29' title="bbox 301 3338 1198 3391; baseline -0.003 0"><span class='ocrx_word' id='word_1_210' title='bbox 301 3341 450 3391; x_wconf 77' lang='lat' dir='ltr'><strong>censoribus.</strong></span> <span class='ocrx_word' id='word_1_211' title='bbox 851 3341 936 3390; x_wconf 80' lang='lat' dir='ltr'><strong>iisdem</strong></span> <span class='ocrx_word' id='word_1_212' title='bbox 949 3338 1082 3388; x_wconf 79' lang='lat' dir='ltr'><strong>codicibus.</strong></span> <span class='ocrx_word' id='word_1_213' title='bbox 1095 3340 1120 3387; x_wconf 85' lang='lat' dir='ltr'><strong>J.</strong></span> <span class='ocrx_word' id='word_1_214' title='bbox 1130 3342 1161 3387; x_wconf 84' lang='lat' dir='ltr'><strong>V.</strong></span> <span class='ocrx_word' id='word_1_215' title='bbox 1171 3341 1198 3388; x_wconf 84' lang='lat' dir='ltr'><strong>L.</strong></span> 
     </span>
     <span class='ocr_line' id='line_1_30' title="bbox 340 3417 1357 3483; baseline -0.007 -13"><span class='ocrx_word' id='word_1_216' title='bbox 340 3424 364 3471; x_wconf 81' lang='lat'><strong>8.</strong></span> <span class='ocrx_word' id='word_1_217' title='bbox 384 3423 512 3469; x_wconf 80' lang='lat' dir='ltr'><strong>Immrmes.</strong></span> <span class='ocrx_word' id='word_1_218' title='bbox 531 3421 592 3482; x_wconf 75' lang='lat' dir='ltr'><strong>Quae</strong></span> <span class='ocrx_word' id='word_1_219' title='bbox 605 3418 667 3467; x_wconf 84' lang='lat' dir='ltr'><strong>nihil</strong></span> <span class='ocrx_word' id='word_1_220' title='bbox 677 3418 808 3483; x_wconf 74' lang='lat' dir='ltr'><strong>pensitant.</strong></span> <span class='ocrx_word' id='word_1_221' title='bbox 889 3437 929 3468; x_wconf 79' lang='grc' dir='ltr'><strong>ιι,</strong></span> <span class='ocrx_word' id='word_1_222' title='bbox 947 3417 1040 3467; x_wconf 80' lang='lat' dir='ltr'><strong>Ibidem</strong></span> <span class='ocrx_word' id='word_1_223' title='bbox 1052 3417 1076 3466; x_wconf 80' lang='lat' dir='ltr'><strong>in</strong></span> <span class='ocrx_word' id='word_1_224' title='bbox 1089 3417 1178 3466; x_wconf 78' lang='lat' dir='ltr'><strong>Sicilia.</strong></span> <span class='ocrx_word' id='word_1_225' title='bbox 1190 3417 1220 3465; x_wconf 89' lang='lat' dir='ltr'><strong>Id</strong></span> <span class='ocrx_word' id='word_1_226' title='bbox 1230 3427 1285 3465; x_wconf 80' lang='lat' dir='ltr'><strong>ante</strong></span> <span class='ocrx_word' id='word_1_227' title='bbox 1295 3420 1357 3464; x_wconf 84' lang='lat' dir='ltr'><strong>Ver·</strong></span> 
     </span>
     <span class='ocr_line' id='line_1_31' title="bbox 336 3497 1356 3568; baseline -0.005 -20"><span class='ocrx_word' id='word_1_228' title='bbox 336 3519 363 3568; x_wconf 83' lang='lat'><strong>9.</strong></span> <span class='ocrx_word' id='word_1_229' title='bbox 386 3504 516 3549; x_wconf 80' lang='lat' dir='ltr'><strong>Preeterea.</strong></span> <span class='ocrx_word' id='word_1_230' title='bbox 540 3499 630 3546; x_wconf 73' lang='lat' dir='ltr'><strong>Praeter</strong></span> <span class='ocrx_word' id='word_1_231' title='bbox 652 3497 695 3545; x_wconf 81' lang='lat' dir='ltr'><strong>lm</strong></span> <span class='ocrx_word' id='word_1_232' title='bbox 716 3507 808 3560; x_wconf 83' lang='lat' dir='ltr'><strong>septem</strong></span> <span class='ocrx_word' id='word_1_233' title='bbox 851 3514 901 3546; x_wconf 85' lang='lat' dir='ltr'><strong>rem</strong></span> <span class='ocrx_word' id='word_1_234' title='bbox 919 3507 1046 3561; x_wconf 60' lang='grc' dir='ltr'><strong>μείω-ιω</strong></span> <span class='ocrx_word' id='word_1_235' title='bbox 1061 3497 1152 3546; x_wconf 76' lang='lat' dir='ltr'><strong>factum</strong></span> <span class='ocrx_word' id='word_1_236' title='bbox 1168 3508 1217 3555; x_wconf 77' lang='lat' dir='ltr'><strong>eet3</strong></span> <span class='ocrx_word' id='word_1_237' title='bbox 1235 3507 1260 3544; x_wconf 83' lang='lat' dir='ltr'><strong>et</strong></span> <span class='ocrx_word' id='word_1_238' title='bbox 1272 3506 1356 3559; x_wconf 69' lang='lat' dir='ltr'><strong>poetes</strong></span> 
     </span>
     <span class='ocr_line' id='line_1_32' title="bbox 303 3574 1357 3642; baseline -0.009 -11"><span class='ocrx_word' id='word_1_239' title='bbox 303 3585 433 3642; x_wconf 80' lang='lat' dir='ltr'><strong>immunes,</strong></span> <span class='ocrx_word' id='word_1_240' title='bbox 448 3588 473 3626; x_wconf 80' lang='lat' dir='ltr'><strong>et</strong></span> <span class='ocrx_word' id='word_1_241' title='bbox 485 3577 538 3625; x_wconf 73' lang='lat' dir='ltr'><strong>illas</strong></span> <span class='ocrx_word' id='word_1_242' title='bbox 547 3593 601 3626; x_wconf 82' lang='lat' dir='ltr'><strong>xrn</strong></span> <span class='ocrx_word' id='word_1_243' title='bbox 610 3576 675 3624; x_wconf 88' lang='lat' dir='ltr'><strong>bello</strong></span> <span class='ocrx_word' id='word_1_244' title='bbox 689 3574 808 3639; x_wconf 75' lang='lat' dir='ltr'><strong>subactas,</strong></span> <span class='ocrx_word' id='word_1_245' title='bbox 851 3592 961 3624; x_wconf 76' lang='lat' dir='ltr'><strong>censores</strong></span> <span class='ocrx_word' id='word_1_246' title='bbox 979 3576 1063 3623; x_wconf 75' lang='lat' dir='ltr'><strong>Rome</strong></span> <span class='ocrx_word' id='word_1_247' title='bbox 1085 3576 1196 3624; x_wconf 73' lang='lat' dir='ltr'><strong>decumae</strong></span> <span class='ocrx_word' id='word_1_248' title='bbox 1209 3574 1297 3625; x_wconf 71' lang='lat' dir='ltr'><strong>Sicilire</strong></span> <span class='ocrx_word' id='word_1_249' title='bbox 1314 3591 1357 3622; x_wconf 80' lang='lat' dir='ltr'><strong>en·</strong></span> 
     </span>
     <span class='ocr_line' id='line_1_33' title="bbox 300 3654 1120 3727; baseline -0.01 -16"><span class='ocrx_word' id='word_1_250' title='bbox 300 3664 399 3727; x_wconf 70' lang='lat' dir='ltr'><strong>relique</strong></span> <span class='ocrx_word' id='word_1_251' title='bbox 408 3658 518 3711; x_wconf 75' lang='lat' dir='ltr'><strong>civitates</strong></span> <span class='ocrx_word' id='word_1_252' title='bbox 526 3657 637 3705; x_wconf 73' lang='lat' dir='ltr'><strong>decumae</strong></span> <span class='ocrx_word' id='word_1_253' title='bbox 646 3657 758 3705; x_wconf 80' lang='lat' dir='ltr'><strong>frumenti</strong></span> <span class='ocrx_word' id='word_1_254' title='bbox 768 3657 810 3703; x_wconf 78' lang='lat' dir='ltr'><strong>da·</strong></span> <span class='ocrx_word' id='word_1_255' title='bbox 851 3655 933 3704; x_wconf 86' lang='lat' dir='ltr'><strong>ctione</strong></span> <span class='ocrx_word' id='word_1_256' title='bbox 950 3654 1120 3703; x_wconf 84' lang='lat' dir='ltr'><strong>vendiderunt.</strong></span> 
     </span>
     <span class='ocr_line' id='line_1_34' title="bbox 303 3732 1357 3804; baseline -0.01 -15"><span class='ocrx_word' id='word_1_257' title='bbox 303 3744 376 3799; x_wconf 83' lang='lat' dir='ltr'><strong>bant,</strong></span> <span class='ocrx_word' id='word_1_258' title='bbox 388 3757 448 3804; x_wconf 81' lang='lat' dir='ltr'><strong>quas</strong></span> <span class='ocrx_word' id='word_1_259' title='bbox 461 3739 532 3787; x_wconf 77' lang='lat' dir='ltr'><strong>etiam</strong></span> <span class='ocrx_word' id='word_1_260' title='bbox 541 3737 586 3786; x_wconf 81' lang='lat' dir='ltr'><strong>sub</strong></span> <span class='ocrx_word' id='word_1_261' title='bbox 598 3736 693 3799; x_wconf 77' lang='lat' dir='ltr'><strong>regibus</strong></span> <span class='ocrx_word' id='word_1_262' title='bbox 704 3734 809 3800; x_wconf 82' lang='lat' dir='ltr'><strong>pendere</strong></span> <span class='ocrx_word' id='word_1_263' title='bbox 890 3750 930 3782; x_wconf 82' lang='lat' dir='ltr'><strong>ru.</strong></span> <span class='ocrx_word' id='word_1_264' title='bbox 945 3737 1007 3799; x_wconf 71' lang='lat' dir='ltr'><strong>lege</strong></span> <span class='ocrx_word' id='word_1_265' title='bbox 1025 3732 1164 3783; x_wconf 79' lang='lat' dir='ltr'><strong>Hieronica.</strong></span> <span class='ocrx_word' id='word_1_266' title='bbox 1180 3735 1218 3783; x_wconf 91' lang='lat' dir='ltr'><strong>De</strong></span> <span class='ocrx_word' id='word_1_267' title='bbox 1236 3733 1284 3781; x_wconf 88' lang='lat' dir='ltr'><strong>boc</strong></span> <span class='ocrx_word' id='word_1_268' title='bbox 1301 3732 1357 3779; x_wconf 85' lang='lat' dir='ltr'><strong>vide</strong></span> 
     </span>
     <span class='ocr_line' id='line_1_35' title="bbox 304 3812 1108 3881; baseline -0.011 -11"><span class='ocrx_word' id='word_1_269' title='bbox 304 3832 469 3877; x_wconf 70' lang='lat' dir='ltr'><strong>cunevemnt3</strong></span> <span class='ocrx_word' id='word_1_270' title='bbox 485 3817 590 3881; x_wconf 85' lang='lat' dir='ltr'><strong>ideoque</strong></span> <span class='ocrx_word' id='word_1_271' title='bbox 609 3832 671 3865; x_wconf 79' lang='lat' dir='ltr'><strong>onus</strong></span> <span class='ocrx_word' id='word_1_272' title='bbox 690 3825 740 3863; x_wconf 84' lang='lat' dir='ltr'><strong>eret</strong></span> <span class='ocrx_word' id='word_1_273' title='bbox 761 3812 809 3860; x_wconf 83' lang='lat' dir='ltr'><strong>illie</strong></span> <span class='ocrx_word' id='word_1_274' title='bbox 851 3823 908 3879; x_wconf 82' lang='lat' dir='ltr'><strong>poet</strong></span> <span class='ocrx_word' id='word_1_275' title='bbox 925 3814 1108 3876; x_wconf 77' lang='lat' dir='ltr'><strong>Argumentum.</strong></span> 
     </span>
     <span class='ocr_line' id='line_1_36' title="bbox 302 3888 1356 3948; baseline -0.012 0"><span class='ocrx_word' id='word_1_276' title='bbox 302 3898 434 3948; x_wconf 73' lang='lat' dir='ltr'><strong>admodum</strong></span> <span class='ocrx_word' id='word_1_277' title='bbox 448 3897 510 3945; x_wconf 81' lang='lat' dir='ltr'><strong>lere.</strong></span> <span class='ocrx_word' id='word_1_278' title='bbox 890 3894 929 3941; x_wconf 82' lang='lat'><strong>13.</strong></span> <span class='ocrx_word' id='word_1_279' title='bbox 938 3891 1046 3941; x_wconf 60' lang='lat' dir='ltr'><strong>functio.</strong></span> <span class='ocrx_word' id='word_1_280' title='bbox 1053 3891 1179 3940; x_wconf 84' lang='lat' dir='ltr'><strong>Pensionie</strong></span> <span class='ocrx_word' id='word_1_281' title='bbox 1185 3888 1249 3938; x_wconf 83' lang='lat' dir='ltr'><strong>illius</strong></span> <span class='ocrx_word' id='word_1_282' title='bbox 1257 3890 1356 3938; x_wconf 83' lang='lat' dir='ltr'><strong>solutio.</strong></span> 
     </span>
     <span class='ocr_line' id='line_1_37' title="bbox 342 3967 1215 4032; baseline -0.01 -6"><span class='ocrx_word' id='word_1_283' title='bbox 342 3995 384 4030; x_wconf 81' lang='grc' dir='ltr'><strong>ιο.</strong></span> <span class='ocrx_word' id='word_1_284' title='bbox 399 3976 439 4024; x_wconf 89' lang='lat' dir='ltr'><strong>Sic</strong></span> <span class='ocrx_word' id='word_1_285' title='bbox 455 3976 595 4024; x_wconf 84' lang='lat' dir='ltr'><strong>Gruteruse</strong></span> <span class='ocrx_word' id='word_1_286' title='bbox 609 3974 684 4023; x_wconf 87' lang='lat' dir='ltr'><strong>codd.</strong></span> <span class='ocrx_word' id='word_1_287' title='bbox 701 3971 770 4021; x_wconf 76' lang='lat' dir='ltr'><strong>Febr.</strong></span> <span class='ocrx_word' id='word_1_288' title='bbox 784 3982 809 4019; x_wconf 84' lang='lat' dir='ltr'><strong>et</strong></span> <span class='ocrx_word' id='word_1_289' title='bbox 890 3980 928 4028; x_wconf 69' lang='lat'><strong>14.</strong></span> <span class='ocrx_word' id='word_1_290' title='bbox 939 3972 1034 4021; x_wconf 82' lang='lat' dir='ltr'><strong>Ernest.</strong></span> <span class='ocrx_word' id='word_1_291' title='bbox 1044 3970 1111 4019; x_wconf 76' lang='lat' dir='ltr'><strong>malit</strong></span> <span class='ocrx_word' id='word_1_292' title='bbox 1116 3967 1215 4032; x_wconf 66' lang='lat' dir='ltr'><strong>ficisset.</strong></span> 
     </span>
    </p>
   </div>
   <div class='ocr_carea' id='block_1_5' title="bbox 0 0 1587 4774">
    <p class='ocr_par' dir='ltr' id='par_1_6' title="bbox 0 0 1587 4774">
     <span class='ocr_line' id='line_1_38' title="bbox 0 0 1587 4774; baseline 0 0"><span class='ocrx_word' id='word_1_293' title='bbox 0 0 1587 4774; x_wconf 95' lang='lat' dir='ltr'><strong> </strong></span> 
     </span>
    </p>
   </div>
  </div>
 </body>
</html>
