3176 4770
306 301 374 388 154
613 304 662 371 Μ
687 305 726 371 Τ.
754 304 1050 374 CICERONIS

303 426 369 511 tia,
384 447 459 494 non
480 442 524 494 ex
542 422 641 518 jure,
662 448 738 494 non
755 448 801 495 ex
814 427 1000 521 aequitate,
1016 448 1092 495 non
1110 448 1155 495 ex
1175 423 1273 521 lege,
1289 448 1364 496 non

303 559 348 605 ex
371 558 434 620 eo,
458 532 558 629 quod
582 538 804 629 oportuerit,
826 558 901 604 non
921 558 967 604 ex
992 558 1056 619 eo,
1079 531 1180 628 quod
1203 531 1365 617 licuerit,

302 643 364 714 sed
383 666 427 715 ex
448 667 513 731 eo,
536 641 638 739 quod
658 641 786 738 aliquis
807 642 950 731 fecerit,
969 642 1027 729 id,
1046 640 1149 738 quod
1165 640 1363 739 repreben-

302 751 410 837 ditur,
427 765 525 824 recte
541 749 675 821 factum
695 774 771 822 esse
785 749 981 823 defendes?
993 757 1171 823 Fecerunt
1188 745 1276 821 alii⁸
1298 750 1364 822 alia

303 888 412 960 quam
428 862 562 934 inulta:
579 886 644 932 cur
662 862 700 931 in
719 860 789 932 boc
806 882 882 932 uno
900 865 1051 933 crimine
1070 864 1138 931 isto
1155 881 1286 957 genere
1300 859 1362 932 de·

300 972 473 1045 fensiouis
496 971 631 1042 uteris?
651 975 744 1042 Sunt
764 970 930 1069 quadam
949 971 1101 1042 omnino
1122 973 1161 1040 in
1183 985 1219 1039 te
1242 972 1363 1066 singu-

300 1082 422 1168 laria9,
450 1105 530 1177 quae
555 1083 592 1150 in
619 1081 761 1151 nullum
787 1079 897 1151 alium
920 1080 1106 1152 bominem
1132 1078 1220 1165 dici,
1243 1103 1363 1176 neque

300 1193 493 1263 convenire
516 1192 675 1287 possint:
692 1189 855 1287 quadarn
875 1189 942 1262 tibi
961 1214 1044 1261 cum
1063 1189 1185 1260 multis
1202 1213 1363 1260 commu·

301 1304 371 1371 nia.
391 1305 507 1398 Ergo,
531 1316 572 1371 ut
592 1302 757 1371 omittam
775 1315 858 1372 tuos
875 1299 1080 1398 peculatus,
1098 1315 1140 1371 ut
1162 1299 1210 1371 ob
1227 1298 1284 1394 jus
1305 1299 1362 1369 di-

301 1406 462 1480 cundum
477 1419 508 1453 ¹⁰
542 1412 712 1508 pecunias
739 1425 923 1509 acceptas,
950 1425 992 1481 ut
1021 1406 1198 1506 ejusmodi
1224 1423 1362 1492 cetera,

202 1617 206 1621 .
300 1542 381 1614 quae
398 1516 547 1590 forsitan
565 1519 625 1590 alii
639 1544 788 1618 quoque
801 1521 908 1592 etiam
922 1518 1091 1591 fecerint:
1108 1512 1217 1607 illud,
1235 1521 1363 1617 inquo

301 1642 338 1699 te
356 1630 560 1724 gravissime
573 1632 757 1716 accusavi,
777 1630 879 1727 quod
898 1629 946 1700 ob
963 1628 1194 1725 judicandam
1210 1654 1288 1700 rem
1303 1655 1364 1728 pe-

301 1741 444 1808 cuniam
467 1741 681 1837 accepisses,
707 1738 833 1811 eadem
856 1741 922 1810 ista
939 1743 1078 1812 ratione
1100 1737 1290 1826 defendes,
1307 1739 1362 1810 fe-

302 1848 392 1919 cisse
410 1846 523 1919 aliosi
544 1854 593 1919 Ut
613 1873 681 1943 ego
701 1853 873 1920 assentiar
893 1851 1101 1936 orationi¹¹,·
1114 1846 1361 1920 defensionem

301 1970 420 2027 tamen
435 1982 508 2027 non
525 1955 701 2055 probabo.
718 1961 841 2030 Potius
855 1962 970 2049 enim,
985 1975 1020 2031 te
1034 1961 1223 2047 damnato,
1235 1959 1362 2029 ceteris

300 2073 486 2168 angustior
517 2072 618 2144 locus
651 2073 890 2171 improbitatis
921 2073 1152 2147 defendendae
1179 2072 1361 2168 relinqua-

299 2193 412 2270 tur¹²,
428 2208 557 2280 quam,
572 2198 607 2255 te
621 2182 805 2273 absoluto,
822 2185 901 2274 alii,
914 2186 1013 2283 quod
1028 2183 1261 2257 audacissime
1275 2181 1365 2255 fece·

301 2308 406 2378 runt,
423 2309 519 2364 recte
536 2293 662 2365 fecisse
680 2297 939 2368 existimentur.

349 2406 540 2473 LXXXIX.
573 2408 715 2499 Lugent
749 2431 874 2479 omnes
909 2407 1122 2505 provinriae3
1160 2417 1363 2501 queruntur

299 2535 428 2584 omnes
450 2510 554 2583 liberi
572 2513 699 2611 populi
715 2526 745 2601 ¹3
764 2540 875 2614 regna
898 2516 1056 2613 deniq-ue
1077 2516 1151 2610 jam
1175 2515 1297 2584 omnia
1316 2509 1361 2582 de

160 2713 165 2723 Ι
299 2624 457 2693 nostris²
480 2621 738 2722 cupiditatibus
762 2639 798 2695 et
820 2627 960 2722 injuriis
983 2624 1236 2724 expostulantz
1259 2623 1359 2694 locus

248 2766 261 2781 2
299 2735 394 2805 intra
420 2732 606 2807 Oceanum
628 2737 704 2831 jam
729 2735 851 2807 nullus
876 2752 948 2824 est,
978 2761 1099 2834 neque
1121 2749 1194 2805 tam
1217 2734 1362 2830 longin-

299 2868 411 2939 quus,
429 2869 548 2942 neque
565 2861 638 2917 tam
655 2846 882 2933 reconditus,
901 2872 976 2945 quo
991 2871 1086 2932 non,
1102 2869 1167 2944 per
1185 2844 1261 2915 haec
1275 2859 1363 2915 tem-

299 2977 407 3049 pora,
436 2969 644 3025 nostrorum
668 2955 856 3027 hominum
883 2955 995 3029 libido
1019 2956 1262 3053 iniquitasque
1283 2978 1362 3051 per·

335 3149 359 3196 8.
371 3149 490 3197 Fecerunt
501 3148 555 3198 alii.
576 3140 638 3214 Qua
657 3150 735 3199 ficem
755 3168 807 3202 non
850 3145 926 3194 fatear
938 3163 1023 3195 verum
1036 3161 1087 3194 esse
1104 3142 1194 3191 multos
1207 3142 1240 3191 ob
1261 3143 1364 3203 mmin-

195 3213 198 3219 ’
298 3227 397 3276 itant.
851 3223 1246 3290 nnnnmpeeuumeoepaae.
1265 3221 1362 3269 rann.

334 3321 359 3371 9.
371 3309 403 3353 In
417 3316 440 3352 tc
450 3304 594 3371 singrdaria.
609 3309 722 3371 Quorum
729 3311 807 3360 simile
850 3306 887 3355 tio
899 3305 931 3353 sd
940 3304 1133 3370 hypotyposin,
1146 3318 1201 3365 quie
1213 3302 1330 3364 sequitur.

298 3402 371 3436 nemo
384 3385 517 3450 quidquam
530 3386 597 3436 fecit.
889 3400 928 3432 η.
942 3383 1109 3447 delinquatur.
1125 3382 1188 3441 Alii,
1204 3380 1361 3446 relinquetur.

335 3482 375 3515 ro.
397 3465 433 3513 Ob
450 3464 493 3530 jus
507 3465 679 3516 dicundum„
695 3469 726 3516 ob
738 3469 806 3534 jucli-
850 3464 874 3512 J.
887 3463 918 3510 V.
932 3464 959 3509 L.

296 3546 402 3594 madum
410 3561 471 3593 rem.
480 3546 544 3595 Mire
553 3545 625 3595 bore
636 3548 718 3597 multis
726 3548 807 3614 elegit,
885 3541 1034 3588 LXXXIX:
1046 3553 1071 3588 1.
1085 3537 1166 3587 Liberi
1175 3539 1265 3604 populi
1275 3539 1361 3588 dicun-

296 3626 365 3690 quod
384 3629 451 3690 ipsos
465 3626 561 3688 judices
573 3626 662 3675 leniter
674 3626 712 3675 mi
731 3626 806 3676 officii
850 3631 903 3677 tur,
915 3619 959 3683 qui
971 3619 1078 3681 suijuris
1092 3629 1162 3677 sunt,
1175 3619 1218 3682 qui
1230 3634 1310 3681 neque
1321 3634 1361 3664 ve·

296 3706 422 3757 admonet.
446 3707 510 3767 Illo,
533 3718 584 3755 tota
598 3707 682 3755 Verris
701 3718 806 3772 praetura
850 3698 923 3763 etigal
932 3697 1360 3764 populoromanopendunt3neque

295 3784 386 3834 urbana
400 3786 563 3849 significatum
575 3787 625 3836 boc
633 3804 702 3846 vero,
709 3783 806 3850 Sopatri
849 3779 1027 3855 magistratibus
1036 3779 1154 3837 murenis,
1163 3778 1203 3840 jus
1214 3772 1360 3834 dicentibus,

294 3873 320 3910 ot
337 3865 431 3911 Sthenii
450 3866 572 3915 damnatio
594 3867 753 3930 intelligitur,
774 3863 805 3911 de
848 3869 944 3924 parent.

294 3956 342 4005 qua
356 3941 408 3988 fuae
417 3953 498 3991 netum
510 3945 618 3993 crabbio
626 3945 750 3993 inferiom
884 3954 910 3991 a.
919 3936 1058 3987 Dcuostrr't.
1066 3938 1095 3986 Id
1104 3948 1153 3998 est,
1161 3945 1302 3985 neruorum
1311 3947 1360 3979 rna-

333 4035 373 4068 rr.
389 4021 421 4067 Ut
436 4036 481 4085 ego
494 4022 614 4071 muntiar-
624 4020 738 4071 orarium.
751 4020 805 4069 ttui
849 4019 1003 4082 gistratuum.
