3054 4772
532 434 799 505 SYNOPSIS.
1125 428 1197 501 635

178 564 210 610 ut
227 550 355 629 primum
368 548 477 609 tesibus
491 549 573 610 iratis
587 565 616 611 et
631 552 746 632 cupidis
761 566 869 611 temere
879 549 1056 611 credendum
1067 570 1129 610 esse
1143 573 1197 611 ne-

176 660 241 725 get,
260 659 290 705 et
303 645 371 704 lidei
390 646 532 724 ejusmodi
548 648 667 708 testibus
688 669 746 707 non
762 647 871 707 habitas
881 648 1020 725 exemplis
1033 649 1197 721 confirmet,

176 762 261 820 9·¹¹·
276 746 418 801 Prteterea
433 744 549 816 Gallos,
570 746 600 802 in
617 746 718 823 primis
734 743 969 804 Iuduciomarum
985 759 1196 817 accmatorem,

176 841 308 899 homiues
321 860 394 908 esse,
407 843 460 919 qui
474 843 504 899 in
523 844 694 902 testimoniis
709 843 839 902 dicendis
856 862 910 902 nee
926 842 1066 921 religione
1081 842 1197 921 jurisju-

176 936 276 1010 randi,
288 956 342 996 nec
354 950 432 996 metu
444 939 564 997 deorum
576 952 823 1013 commoveantur,
842 958 893 1009 ra,
908 940 953 998 13.
966 944 1109 999 Prnteres
1118 940 1199 1018 peri-

179 1035 310 1092 culosum
324 1054 402 1107 esse,
422 1035 447 1093 si
460 1036 597 1095 Fonteius
613 1038 763 1096 Gallorum
781 1034 896 1095 libidini
913 1034 1047 1109 dedatur,
1060 1036 1140 1113 qnod
1150 1037 1197 1094 ri-

175 1128 239 1188 deri
251 1142 367 1208 possent
382 1128 495 1208 judices
511 1151 613 1191 corum
629 1132 713 1190 minis
732 1131 830 1210 potius
843 1149 931 1209 quam
949 1131 1120 1193 testimoniis
1135 1151 1198 1195 etta

175 1227 325 1298 commoti,
338 1235 392 1296 14,
410 1225 453 1289 15.
1235 1284 1238 1295 .

213 1325 289 1380 Tum
303 1321 334 1378 in
349 1321 544 1399 pulcherrima
565 1336 595 1381 et
613 1323 847 1402 eloquentissima
867 1324 1050 1402 peroratione
1072 1321 1198 1385 ostendit

175 1416 297 1475 Fonteio
313 1417 426 1475 nullum
439 1417 600 1495 probrum,
616 1420 727 1478 nullum
741 1420 867 1492 lacinus,
881 1419 990 1498 quoda
1004 1419 1198 1492 libidinc,sut

176 1513 366 1590 apetulantia
385 1525 500 1586 natum,
518 1512 555 1572 ab
571 1514 786 1574 accusatoribus
806 1515 895 1593 objici
912 1517 1016 1595 possit,
1039 1516 1084 1574 16.
1102 1521 1196 1579 Inno-

176 1622 288 1667 centem
309 1609 398 1687 igitur
422 1610 574 1669 Fonteium
592 1610 775 1670 retinendum
795 1612 827 1670 in
849 1611 1014 1691 republica,
1038 1613 1197 1691 prasertim

175 1724 266 1783 quum
292 1707 391 1765 multae
414 1726 461 1764 res
485 1708 557 1779 sint,
579 1725 645 1784 quae
659 1706 791 1785 judicum
812 1708 923 1767 animos
942 1729 997 1787 pro
1019 1709 1080 1787 ejus
1105 1709 1197 1769 salute

176 1815 379 1880 permoveant3
395 1802 508 1881 generis
521 1802 685 1881 antiquitas,
698 1802 841 1862 continuas
855 1817 1006 1881 praetura,
1019 1824 1119 1867 reeens
1133 1823 1198 1863 me·

175 1898 268 1957 moria
281 1899 424 1978 parentis,
436 1900 499 1979 ipse
509 1913 606 1958 autem
616 1919 707 1979 quum
721 1901 752 1958 in
767 1898 902 1959 omnibus
915 1901 983 1960 vitta
995 1899 1127 1980 partibus
1139 1901 1197 1960 ho-

175 2006 273 2054 nestus
287 2006 375 2073 atque
390 1995 510 2073 integer,
525 2007 586 2054 tum
601 1995 633 2053 in
649 2016 681 2055 re
696 1996 831 2068 militari,
852 1996 991 2066 consilio,
1012 1997 1126 2066 auimo,
1140 2015 1196 2054 usu

174 2089 363 2162 clarissimus,
385 2111 431 2164 17,
451 2092 497 2149 rt.
520 2090 653 2168 Denique
674 2103 776 2149 eontra
794 2091 919 2169 impetus
938 2091 1086 2150 Gallorum
1108 2090 1199 2148 multa

175 2186 308 2266 praesidia
327 2207 388 2247 csse
406 2188 528 2248 Fonteio
548 2189 578 2245 in
598 2186 734 2246 laudibus
755 2207 789 2245 ac
814 2187 984 2246 testimoniis
1005 2186 1198 2260 Macedoniae,

175 2284 320 2345 ulterioris
344 2286 506 2364 Hispaniae,
531 2284 655 2344 civitatis
680 2285 916 2357 Massiliensium,
941 2285 1060 2345 coloniae
1085 2285 1198 2343 Narbo·
1307 2320 1310 2331 ι

174 2382 285 2453 nensis,
307 2382 435 2441 omnium
458 2380 566 2439 civium
582 2399 771 2439 romanorum
794 2382 823 2439 in
840 2382 934 2442 Gallia
947 2381 1122 2452 viventium,
1140 2401 1197 2459 pu-

174 2475 373 2548 blicanorum,
387 2477 593 2552 agricolarum,
607 2477 823 2553 pecuariorum,
839 2490 1060 2554 ceterorumque
1071 2477 1199 2554 negotia·

174 2586 287 2645 torum,
301 2593 346 2649 19.
360 2577 433 2645 Quae
448 2593 538 2651 quum
552 2573 592 2632 ita
604 2574 675 2646 sint,
689 2573 802 2651 judices
813 2575 901 2633 etiam
911 2574 1023 2633 Fonteii
1036 2575 1150 2648 matris,
1165 2573 1195 2631 in

174 2669 275 2747 primis
293 2683 389 2728 autem
406 2670 529 2741 sororis,
542 2670 663 2747 virginis
681 2671 811 2741 vestalis,
833 2670 968 2747 lacrymis
983 2685 1081 2747 urget,
1096 2682 1126 2729 et
1139 2689 1200 2747 no-¹

174 2765 291 2824 tissime
313 2778 414 2824 monet
441 2787 480 2825 ne
501 2762 647 2826 ferocibus
661 2766 813 2825 Gallorum
835 2765 921 2824 minis
941 2765 1057 2825 cessisse
1074 2764 1197 2825 videau-

176 2874 235 2932 tur,
250 2880 297 2921 so.

214 3069 278 3125 lloc
293 3062 383 3123 babes
396 3063 561 3123 Fonteiante
575 3065 714 3123 orationis
728 3062 931 3135 summarium
942 3064 1074 3140 quamvis
1088 3076 1198 3135 autem,

173 3162 238 3239 plus
259 3160 349 3219 nimio
367 3161 428 3238 jam
445 3162 591 3219 creverint
604 3161 742 3239 premissi
755 3160 797 3218 illi
810 3160 890 3217 velut
906 3160 1119 3229 commentarii,
1139 3178 1198 3217 non

174 3269 337 3334 temperare
351 3257 448 3314 animo
470 3275 604 3334 possum,
620 3257 692 3334 quin
714 3255 848 3334 quasdam
871 3256 1068 3333 Ciceronianis
1092 3259 1123 3315 in
1144 3256 1198 3313 lrac

173 3368 259 3411 causa
276 3354 451 3429 argumentis
467 3353 530 3431 ipse
545 3351 710 3431 subjiciam,
724 3366 754 3411 et
764 3353 866 3411 Gallus
878 3353 977 3412 Gallos
992 3351 1029 3411 ab
1038 3352 1197 3411 vehemen-

173 3449 311 3521 tioribus,
328 3450 353 3508 si
369 3468 429 3508 nou
448 3449 566 3507 omnino
584 3449 708 3526 iniquis,
722 3447 957 3510 insectationibus
978 3447 1125 3507 vindicare
1139 3460 1201 3505 stu-

172 3545 267 3605 deam.
280 3544 357 3603 lllud
377 3546 474 3624 primo
492 3564 553 3603 non
567 3544 629 3604 siue
649 3543 775 3620 quodam
793 3544 903 3604 doloris
917 3564 1003 3604 sensu
1016 3544 1196 3604 animadver-

172 3641 292 3701 tendum
308 3653 396 3720 puto,
409 3642 492 3700 illum
506 3641 640 3701 eumdem
656 3654 803 3700 oratorem
823 3641 875 3720 qui
891 3654 973 3700 tanto
991 3656 1020 3701 et
1038 3639 1155 3718 ingenio
1166 3653 1196 3698 ct

170 3739 266 3798 animo
280 3738 444 3798 Siculorum
456 3758 572 3797 causam
587 3736 734 3811 defendit,
748 3750 827 3796 tanta
844 3737 1015 3819 eloquentiae
1029 3738 1060 3795 vi
1073 3737 1195 3797 miserti·

172 3855 249 3895 mam
261 3835 477 3915 provinciarum
489 3834 618 3893 omnium
629 3833 825 3894 conditionem
840 3832 1007 3912 descripsit,
1026 3833 1066 3892 ita
1082 3847 1114 3892 ut
1129 3833 1195 3892 nnl-

172 3933 231 3993 lum
240 3933 299 4010 jam
312 3933 354 3993 eis
367 3931 529 3992 subsidium
538 3951 627 4012 quam
639 3932 669 3990 in
679 3932 783 4012 populi
795 3930 982 3990 romscveris
990 3929 1120 4009 judiciis,
1133 3950 1194 3990 csse

172 4030 297 4106 diceret,
321 4052 398 4091 nunc
418 4030 534 4090 mutatis
551 4030 701 4110 partibus,
719 4029 779 4108 jam
795 4028 1021 4108 repetundarum
1038 4048 1120 4089 reum
1140 4030 1195 4088 de-

174 4128 310 4198 fendere,
324 4143 353 4190 et
374 4132 414 4190 ita
435 4130 608 4204 defendere,
631 4142 664 4188 ut
684 4130 713 4187 in
736 4150 769 4188 en
784 4127 885 4190 saltem
899 4150 965 4210 quaa
983 4128 1019 4190 ad
1037 4149 1090 4189 nos
1105 4148 1196 4206 usque
