<?xml version="1.0" encoding="UTF-8"?>
<!DOCTYPE html PUBLIC "-//W3C//DTD XHTML 1.0 Transitional//EN"
    "http://www.w3.org/TR/xhtml1/DTD/xhtml1-transitional.dtd">
<html xmlns="http://www.w3.org/1999/xhtml" xml:lang="en" lang="en">
 <head>
  <title>
</title>
<meta http-equiv="Content-Type" content="text/html;charset=utf-8" />
  <meta name='ocr-system' content='tesseract 3.04.00' />
  <meta name='ocr-capabilities' content='ocr_page ocr_carea ocr_par ocr_line ocrx_word'/>
</head>
<body>
  <div class='ocr_page' id='page_1' title='image "./mtciceronisquae00bouigoog_0671.png"; bbox 0 0 3054 4772; ppageno 0'>
   <div class='ocr_carea' id='block_1_1' title="bbox 340 420 1086 496">
    <p class='ocr_par' dir='ltr' id='par_1_1' title="bbox 340 420 1086 496">
     <span class='ocr_line' id='line_1_1' title="bbox 340 420 1086 496; baseline -0.007 0"><span class='ocrx_word' id='word_1_1' title='bbox 340 426 411 496; x_wconf 79' lang='lat'><strong>610</strong></span> <span class='ocrx_word' id='word_1_2' title='bbox 652 420 923 491; x_wconf 84' lang='lat' dir='ltr'>EXCURSUS</span> <span class='ocrx_word' id='word_1_3' title='bbox 947 420 1086 493; x_wconf 82' lang='lat' dir='ltr'><strong>XXVI.</strong></span> 
     </span>
    </p>
   </div>
   <div class='ocr_carea' id='block_1_2' title="bbox 330 535 1499 2426">
    <p class='ocr_par' dir='ltr' id='par_1_2' title="bbox 330 535 1499 2426">
     <span class='ocr_line' id='line_1_2' title="bbox 339 535 1434 635; baseline 0.005 -26"><span class='ocrx_word' id='word_1_4' title='bbox 339 543 434 609; x_wconf 82' lang='lat' dir='ltr'><strong>video</strong></span> <span class='ocrx_word' id='word_1_5' title='bbox 453 545 489 605; x_wconf 88' lang='lat' dir='ltr'><strong>in</strong></span> <span class='ocrx_word' id='word_1_6' title='bbox 507 541 661 605; x_wconf 86' lang='lat' dir='ltr'><strong>hocloco</strong></span> <span class='ocrx_word' id='word_1_7' title='bbox 681 563 757 635; x_wconf 30' lang='lat' dir='ltr'><strong>esse,</strong></span> <span class='ocrx_word' id='word_1_8' title='bbox 773 539 987 617; x_wconf 85' lang='lat' dir='ltr'><strong>difficultatis,</strong></span> <span class='ocrx_word' id='word_1_9' title='bbox 1006 560 1063 607; x_wconf 86' lang='lat' dir='ltr'><strong>ant</strong></span> <span class='ocrx_word' id='word_1_10' title='bbox 1081 543 1218 609; x_wconf 89' lang='lat' dir='ltr'><strong>mendi:</strong></span> <span class='ocrx_word' id='word_1_11' title='bbox 1238 544 1307 610; x_wconf 89' lang='lat' dir='ltr'><strong>nisi</strong></span> <span class='ocrx_word' id='word_1_12' title='bbox 1323 535 1434 614; x_wconf 75' lang='lat' dir='ltr'><strong>forte</strong></span> 
     </span>
     <span class='ocr_line' id='line_1_3' title="bbox 337 645 1430 733; baseline 0.003 -20"><span class='ocrx_word' id='word_1_13' title='bbox 337 651 371 713; x_wconf 87' lang='lat' dir='ltr'><strong>in</strong></span> <span class='ocrx_word' id='word_1_14' title='bbox 390 669 469 712; x_wconf 81' lang='lat' dir='ltr'><strong>voce</strong></span> <span class='ocrx_word' id='word_1_15' title='bbox 482 648 606 726; x_wconf 69' lang='lat' dir='ltr'><strong>cereris,</strong></span> <span class='ocrx_word' id='word_1_16' title='bbox 622 666 683 733; x_wconf 89' lang='lat' dir='ltr'><strong>pro</strong></span> <span class='ocrx_word' id='word_1_17' title='bbox 699 667 764 732; x_wconf 89' lang='lat' dir='ltr'><strong>qua</strong></span> <span class='ocrx_word' id='word_1_18' title='bbox 783 645 858 709; x_wconf 82' lang='lat' dir='ltr'><strong>libri</strong></span> <span class='ocrx_word' id='word_1_19' title='bbox 873 666 1034 711; x_wconf 76' lang='lat' dir='ltr'><strong>manuscr.</strong></span> <span class='ocrx_word' id='word_1_20' title='bbox 1052 646 1190 729; x_wconf 81' lang='lat' dir='ltr'><strong>habent,</strong></span> <span class='ocrx_word' id='word_1_21' title='bbox 1204 663 1238 712; x_wconf 84' lang='lat' dir='ltr'><strong>et</strong></span> <span class='ocrx_word' id='word_1_22' title='bbox 1251 674 1293 713; x_wconf 84' lang='lat' dir='ltr'><strong>ea</strong></span> <span class='ocrx_word' id='word_1_23' title='bbox 1306 652 1393 715; x_wconf 79' lang='lat' dir='ltr'><strong>teris</strong></span> <span class='ocrx_word' id='word_1_24' title='bbox 1412 677 1430 715; x_wconf 90' lang='lat'><em>:</em></span> 
     </span>
     <span class='ocr_line' id='line_1_4' title="bbox 338 752 1425 843; baseline 0.006 -27"><span class='ocrx_word' id='word_1_25' title='bbox 338 776 400 843; x_wconf 75' lang='lat' dir='ltr'><strong>ego</strong></span> <span class='ocrx_word' id='word_1_26' title='bbox 428 770 535 817; x_wconf 87' lang='lat' dir='ltr'><strong>tamen</strong></span> <span class='ocrx_word' id='word_1_27' title='bbox 559 752 682 815; x_wconf 86' lang='lat' dir='ltr'><strong>interea</strong></span> <span class='ocrx_word' id='word_1_28' title='bbox 702 753 810 814; x_wconf 79' lang='lat' dir='ltr'><strong>ceteris</strong></span> <span class='ocrx_word' id='word_1_29' title='bbox 834 752 958 816; x_wconf 77' lang='lat' dir='ltr'>retineo</span> <span class='ocrx_word' id='word_1_30' title='bbox 976 768 1010 816; x_wconf 91' lang='lat' dir='ltr'><strong>et</strong></span> <span class='ocrx_word' id='word_1_31' title='bbox 1030 752 1146 841; x_wconf 89' lang='lat' dir='ltr'><strong>probo.</strong></span> <span class='ocrx_word' id='word_1_32' title='bbox 1162 754 1271 819; x_wconf 88' lang='lat' dir='ltr'><strong>Verba</strong></span> <span class='ocrx_word' id='word_1_33' title='bbox 1295 772 1425 822; x_wconf 85' lang='lat' dir='ltr'><strong>autem</strong></span> 
     </span>
     <span class='ocr_line' id='line_1_5' title="bbox 337 855 1424 961; baseline 0.002 -37"><span class='ocrx_word' id='word_1_34' title='bbox 337 859 390 924; x_wconf 86' lang='lat' dir='ltr'><strong>illa</strong></span> <span class='ocrx_word' id='word_1_35' title='bbox 412 858 597 947; x_wconf 74' lang='lat' dir='ltr'>superiora,</span> <span class='ocrx_word' id='word_1_36' title='bbox 611 855 791 944; x_wconf 80' lang='lat' dir='ltr'><strong>«Perspicis</strong></span> <span class='ocrx_word' id='word_1_37' title='bbox 810 856 875 920; x_wconf 92' lang='lat' dir='ltr'><strong>hoc</strong></span> <span class='ocrx_word' id='word_1_38' title='bbox 896 856 977 921; x_wconf 89' lang='lat' dir='ltr'><strong>nihil</strong></span> <span class='ocrx_word' id='word_1_39' title='bbox 993 879 1102 961; x_wconf 77' lang='lat' dir='ltr'><strong>esse»,</strong></span> <span class='ocrx_word' id='word_1_40' title='bbox 1120 858 1186 923; x_wconf 91' lang='lat' dir='ltr'><strong>hoc</strong></span> <span class='ocrx_word' id='word_1_41' title='bbox 1200 859 1424 949; x_wconf 79' lang='lat' dir='ltr'><strong>significant,</strong></span> 
     </span>
     <span class='ocr_line' id='line_1_6' title="bbox 336 963 1499 1054; baseline -0.007 -23"><span class='ocrx_word' id='word_1_42' title='bbox 336 965 494 1054; x_wconf 86' lang='lat' dir='ltr'><strong>Perspicis</strong></span> <span class='ocrx_word' id='word_1_43' title='bbox 511 979 618 1028; x_wconf 90' lang='lat' dir='ltr'><strong>ratum</strong></span> <span class='ocrx_word' id='word_1_44' title='bbox 632 980 699 1026; x_wconf 87' lang='lat' dir='ltr'><strong>non</strong></span> <span class='ocrx_word' id='word_1_45' title='bbox 714 963 881 1045; x_wconf 80' lang='lat' dir='ltr'><strong>futurum,</strong></span> <span class='ocrx_word' id='word_1_46' title='bbox 896 984 1004 1051; x_wconf 86' lang='lat' dir='ltr'><strong>neque</strong></span> <span class='ocrx_word' id='word_1_47' title='bbox 1015 963 1194 1052; x_wconf 81' lang='lat' dir='ltr'><strong>quidquam</strong></span> <span class='ocrx_word' id='word_1_48' title='bbox 1207 966 1422 1050; x_wconf 84' lang='lat' dir='ltr'><strong>valiturum,</strong></span> <span class='ocrx_word' id='word_1_49' title='bbox 1498 1018 1499 1023; x_wconf 73' lang='grc'>,</span> 
     </span>
     <span class='ocr_line' id='line_1_7' title="bbox 337 1069 1421 1161; baseline 0.001 -23"><span class='ocrx_word' id='word_1_50' title='bbox 337 1075 365 1138; x_wconf 89' lang='lat' dir='ltr'><strong>si</strong></span> <span class='ocrx_word' id='word_1_51' title='bbox 393 1071 535 1161; x_wconf 90' lang='lat' dir='ltr'><strong>populus</strong></span> <span class='ocrx_word' id='word_1_52' title='bbox 555 1069 704 1151; x_wconf 81' lang='lat' dir='ltr'><strong>jusserit,</strong></span> <span class='ocrx_word' id='word_1_53' title='bbox 735 1084 806 1152; x_wconf 89' lang='lat' dir='ltr'><strong>aut,</strong></span> <span class='ocrx_word' id='word_1_54' title='bbox 829 1091 882 1133; x_wconf 87' lang='lat' dir='ltr'><strong>me</strong></span> <span class='ocrx_word' id='word_1_55' title='bbox 906 1084 1002 1134; x_wconf 89' lang='lat' dir='ltr'><strong>tuum</strong></span> <span class='ocrx_word' id='word_1_56' title='bbox 1028 1093 1157 1135; x_wconf 85' lang='lat' dir='ltr'><strong>servum</strong></span> <span class='ocrx_word' id='word_1_57' title='bbox 1177 1094 1266 1156; x_wconf 85' lang='lat' dir='ltr'><strong>esse,</strong></span> <span class='ocrx_word' id='word_1_58' title='bbox 1289 1091 1354 1138; x_wconf 88' lang='lat' dir='ltr'><strong>aut</strong></span> <span class='ocrx_word' id='word_1_59' title='bbox 1383 1092 1421 1140; x_wconf 85' lang='lat' dir='ltr'><strong>te</strong></span> 
     </span>
     <span class='ocr_line' id='line_1_8' title="bbox 337 1156 1158 1244; baseline -0.005 0"><span class='ocrx_word' id='word_1_60' title='bbox 337 1201 458 1244; x_wconf 85' lang='lat' dir='ltr'><strong>meum.</strong></span> <span class='ocrx_word' id='word_1_61' title='bbox 476 1178 578 1241; x_wconf 76' lang='lat' dir='ltr'><strong>Ltrm</strong></span> <span class='ocrx_word' id='word_1_62' title='bbox 1150 1156 1158 1179; x_wconf 33' lang='grc' dir='ltr'>ἱ</span> 
     </span>
     <span class='ocr_line' id='line_1_9' title="bbox 381 1279 1417 1373; baseline 0.001 -25"><span class='ocrx_word' id='word_1_63' title='bbox 381 1279 776 1373; x_wconf 60' lang='lat' dir='ltr'><strong>praeposterantur«,</strong></span> <span class='ocrx_word' id='word_1_64' title='bbox 789 1285 868 1343; x_wconf 83' lang='lat' dir='ltr'><strong>utin</strong></span> <span class='ocrx_word' id='word_1_65' title='bbox 875 1283 998 1362; x_wconf 84' lang='lat' dir='ltr'><strong>ceteris,</strong></span> <span class='ocrx_word' id='word_1_66' title='bbox 1011 1302 1086 1369; x_wconf 75' lang='lat' dir='ltr'><strong>pute</strong></span> <span class='ocrx_word' id='word_1_67' title='bbox 1092 1284 1240 1366; x_wconf 74' lang='lat' dir='ltr'><strong>rogavit?</strong></span> <span class='ocrx_word' id='word_1_68' title='bbox 1251 1282 1417 1349; x_wconf 62' lang='lat' dir='ltr'><strong>prom</strong></span> 
     </span>
     <span class='ocr_line' id='line_1_10' title="bbox 333 1385 1415 1479; baseline 0.002 -26"><span class='ocrx_word' id='word_1_69' title='bbox 333 1389 434 1453; x_wconf 84' lang='lat' dir='ltr'>Valde</span> <span class='ocrx_word' id='word_1_70' title='bbox 448 1385 602 1452; x_wconf 82' lang='lat' dir='ltr'>mendose</span> <span class='ocrx_word' id='word_1_71' title='bbox 619 1386 736 1474; x_wconf 84' lang='lat' dir='ltr'><strong>legitur</strong></span> <span class='ocrx_word' id='word_1_72' title='bbox 751 1388 785 1447; x_wconf 92' lang='lat' dir='ltr'><strong>in</strong></span> <span class='ocrx_word' id='word_1_73' title='bbox 802 1385 893 1449; x_wconf 87' lang='lat' dir='ltr'><strong>libris</strong></span> <span class='ocrx_word' id='word_1_74' title='bbox 906 1387 1100 1451; x_wconf 85' lang='lat' dir='ltr'><strong>Victorianis</strong></span> <span class='ocrx_word' id='word_1_75' title='bbox 1113 1387 1247 1475; x_wconf 85' lang='lat' dir='ltr'><strong>aliisque</strong></span> <span class='ocrx_word' id='word_1_76' title='bbox 1264 1389 1415 1479; x_wconf 81' lang='lat' dir='ltr'><strong>impres-</strong></span> 
     </span>
     <span class='ocr_line' id='line_1_11' title="bbox 335 1490 1414 1581; baseline 0 -21"><span class='ocrx_word' id='word_1_77' title='bbox 335 1496 378 1560; x_wconf 87' lang='lat' dir='ltr'><strong>sis</strong></span> <span class='ocrx_word' id='word_1_78' title='bbox 395 1517 403 1560; x_wconf 74' lang='grc' dir='ltr'><strong><em>ε</em></strong></span> <span class='ocrx_word' id='word_1_79' title='bbox 423 1494 537 1574; x_wconf 85' lang='lat' dir='ltr'><strong>etiam,</strong></span> <span class='ocrx_word' id='word_1_80' title='bbox 551 1507 593 1563; x_wconf 82' lang='lat' dir='ltr'><strong>ut</strong></span> <span class='ocrx_word' id='word_1_81' title='bbox 611 1506 757 1570; x_wconf 88' lang='lat' dir='ltr'><strong>testatur,</strong></span> <span class='ocrx_word' id='word_1_82' title='bbox 775 1490 809 1555; x_wconf 91' lang='lat' dir='ltr'><strong>in</strong></span> <span class='ocrx_word' id='word_1_83' title='bbox 829 1492 965 1581; x_wconf 86' lang='lat' dir='ltr'><strong>scriptis.</strong></span> <span class='ocrx_word' id='word_1_84' title='bbox 987 1494 1031 1557; x_wconf 90' lang='lat' dir='ltr'><strong>Hi</strong></span> <span class='ocrx_word' id='word_1_85' title='bbox 1052 1494 1162 1557; x_wconf 89' lang='lat' dir='ltr'><strong>minus</strong></span> <span class='ocrx_word' id='word_1_86' title='bbox 1180 1514 1256 1558; x_wconf 89' lang='lat' dir='ltr'><strong>meo</strong></span> <span class='ocrx_word' id='word_1_87' title='bbox 1279 1495 1414 1575; x_wconf 87' lang='lat' dir='ltr'><strong>judicio</strong></span> 
     </span>
     <span class='ocr_line' id='line_1_12' title="bbox 335 1595 1412 1689; baseline 0.002 -26"><span class='ocrx_word' id='word_1_88' title='bbox 335 1599 515 1687; x_wconf 86' lang='lat' dir='ltr'><strong>depravati,</strong></span> <span class='ocrx_word' id='word_1_89' title='bbox 529 1597 562 1658; x_wconf 91' lang='lat' dir='ltr'><strong>in</strong></span> <span class='ocrx_word' id='word_1_90' title='bbox 577 1595 698 1682; x_wconf 86' lang='lat' dir='ltr'><strong>quibus</strong></span> <span class='ocrx_word' id='word_1_91' title='bbox 711 1613 840 1662; x_wconf 87' lang='lat' dir='ltr'><strong>tantum</strong></span> <span class='ocrx_word' id='word_1_92' title='bbox 854 1619 914 1685; x_wconf 91' lang='lat' dir='ltr'><strong>pro</strong></span> <span class='ocrx_word' id='word_1_93' title='bbox 930 1608 966 1661; x_wconf 80' lang='lat' dir='ltr'><strong>ut</strong></span> <span class='ocrx_word' id='word_1_94' title='bbox 977 1598 1051 1686; x_wconf 79' lang='lat' dir='ltr'><strong>lego</strong></span> <span class='ocrx_word' id='word_1_95' title='bbox 1064 1611 1116 1679; x_wconf 82' lang='lat' dir='ltr'><strong>nt,</strong></span> <span class='ocrx_word' id='word_1_96' title='bbox 1133 1598 1180 1662; x_wconf 88' lang='lat' dir='ltr'><strong>sic</strong></span> <span class='ocrx_word' id='word_1_97' title='bbox 1195 1621 1204 1663; x_wconf 75' lang='grc' dir='ltr'><strong><em>ε</em></strong></span> <span class='ocrx_word' id='word_1_98' title='bbox 1220 1628 1233 1654; x_wconf 84' lang='lat'><strong>«</strong></span> <span class='ocrx_word' id='word_1_99' title='bbox 1245 1599 1412 1689; x_wconf 79' lang='lat' dir='ltr'><strong>Perspicis</strong></span> 
     </span>
     <span class='ocr_line' id='line_1_13' title="bbox 334 1702 1409 1793; baseline 0.005 -25"><span class='ocrx_word' id='word_1_100' title='bbox 334 1703 494 1768; x_wconf 74' lang='lat' dir='ltr'><strong>nonnihil</strong></span> <span class='ocrx_word' id='word_1_101' title='bbox 510 1702 603 1767; x_wconf 81' lang='lat' dir='ltr'><strong>esse?</strong></span> <span class='ocrx_word' id='word_1_102' title='bbox 619 1707 664 1766; x_wconf 84' lang='lat' dir='ltr'><strong>At</strong></span> <span class='ocrx_word' id='word_1_103' title='bbox 679 1704 712 1767; x_wconf 88' lang='lat' dir='ltr'><strong>in</strong></span> <span class='ocrx_word' id='word_1_104' title='bbox 729 1704 860 1784; x_wconf 88' lang='lat' dir='ltr'><strong>ceteris,</strong></span> <span class='ocrx_word' id='word_1_105' title='bbox 879 1724 951 1790; x_wconf 75' lang='lat' dir='ltr'><strong>qun</strong></span> <span class='ocrx_word' id='word_1_106' title='bbox 964 1703 1109 1793; x_wconf 83' lang='lat' dir='ltr'><strong>rogavit?</strong></span> <span class='ocrx_word' id='word_1_107' title='bbox 1126 1704 1293 1788; x_wconf 88' lang='lat' dir='ltr'><strong>Primum,</strong></span> <span class='ocrx_word' id='word_1_108' title='bbox 1312 1711 1380 1772; x_wconf 78' lang='lat' dir='ltr'><strong>cic.</strong></span> <span class='ocrx_word' id='word_1_109' title='bbox 1393 1738 1409 1760; x_wconf 90' lang='lat'>·</span> 
     </span>
     <span class='ocr_line' id='line_1_14' title="bbox 332 1808 1410 1900; baseline 0.002 -26"><span class='ocrx_word' id='word_1_110' title='bbox 332 1809 484 1874; x_wconf 81' lang='lat' dir='ltr'><strong>Proxime</strong></span> <span class='ocrx_word' id='word_1_111' title='bbox 496 1809 588 1896; x_wconf 84' lang='lat' dir='ltr'><strong>quasi</strong></span> <span class='ocrx_word' id='word_1_112' title='bbox 604 1808 786 1888; x_wconf 88' lang='lat' dir='ltr'><strong>objecerat:</strong></span> <span class='ocrx_word' id='word_1_113' title='bbox 802 1811 866 1873; x_wconf 72' lang='lat' dir='ltr'><strong>«At</strong></span> <span class='ocrx_word' id='word_1_114' title='bbox 880 1808 968 1871; x_wconf 89' lang='lat' dir='ltr'><strong>enim</strong></span> <span class='ocrx_word' id='word_1_115' title='bbox 985 1808 1073 1873; x_wconf 84' lang='lat' dir='ltr'><strong>Sulla</strong></span> <span class='ocrx_word' id='word_1_116' title='bbox 1088 1808 1193 1898; x_wconf 86' lang='lat' dir='ltr'><strong>legem</strong></span> <span class='ocrx_word' id='word_1_117' title='bbox 1210 1810 1327 1875; x_wconf 74' lang='lat' dir='ltr'><strong>tulit?-</strong></span> <span class='ocrx_word' id='word_1_118' title='bbox 1341 1836 1410 1900; x_wconf 88' lang='lat' dir='ltr'><strong>qna</strong></span> 
     </span>
     <span class='ocr_line' id='line_1_15' title="bbox 331 1913 1408 2005; baseline 0.002 -24"><span class='ocrx_word' id='word_1_119' title='bbox 331 1917 453 1981; x_wconf 56' lang='lat' dir='ltr'><strong>scilic&amp;</strong></span> <span class='ocrx_word' id='word_1_120' title='bbox 461 1914 645 2003; x_wconf 89' lang='lat' dir='ltr'><strong>municipiis</strong></span> <span class='ocrx_word' id='word_1_121' title='bbox 652 1914 812 1978; x_wconf 86' lang='lat' dir='ltr'><strong>civitatem</strong></span> <span class='ocrx_word' id='word_1_122' title='bbox 821 1913 951 1995; x_wconf 83' lang='lat' dir='ltr'>ademit,</span> <span class='ocrx_word' id='word_1_123' title='bbox 964 1930 1002 1978; x_wconf 89' lang='lat' dir='ltr'><strong>ut</strong></span> <span class='ocrx_word' id='word_1_124' title='bbox 1012 1932 1060 1980; x_wconf 89' lang='lat' dir='ltr'><strong>est</strong></span> <span class='ocrx_word' id='word_1_125' title='bbox 1069 1915 1105 1978; x_wconf 86' lang='lat' dir='ltr'><strong>in</strong></span> <span class='ocrx_word' id='word_1_126' title='bbox 1114 1930 1196 1981; x_wconf 89' lang='lat' dir='ltr'><strong>orat.</strong></span> <span class='ocrx_word' id='word_1_127' title='bbox 1208 1936 1269 2005; x_wconf 90' lang='lat' dir='ltr'><strong>pro</strong></span> <span class='ocrx_word' id='word_1_128' title='bbox 1280 1919 1408 1984; x_wconf 89' lang='lat' dir='ltr'><strong>Domo.</strong></span> 
     </span>
     <span class='ocr_line' id='line_1_16' title="bbox 334 2019 1409 2110; baseline 0.001 -24"><span class='ocrx_word' id='word_1_129' title='bbox 334 2023 395 2086; x_wconf 86' lang='lat' dir='ltr'><strong>Hic</strong></span> <span class='ocrx_word' id='word_1_130' title='bbox 408 2021 506 2086; x_wconf 80' lang='lat' dir='ltr'><strong>simiii</strong></span> <span class='ocrx_word' id='word_1_131' title='bbox 518 2035 587 2085; x_wconf 88' lang='lat' dir='ltr'><strong>arte</strong></span> <span class='ocrx_word' id='word_1_132' title='bbox 596 2019 809 2107; x_wconf 78' lang='lat' dir='ltr'><strong>occupatione</strong></span> <span class='ocrx_word' id='word_1_133' title='bbox 823 2020 928 2082; x_wconf 89' lang='lat' dir='ltr'><strong>utitur</strong></span> <span class='ocrx_word' id='word_1_134' title='bbox 939 2020 1054 2084; x_wconf 87' lang='lat' dir='ltr'><strong>altera:</strong></span> <span class='ocrx_word' id='word_1_135' title='bbox 1064 2051 1077 2076; x_wconf 82' lang='lat'><strong>«</strong></span> <span class='ocrx_word' id='word_1_136' title='bbox 1087 2023 1128 2084; x_wconf 73' lang='lat' dir='ltr'><strong>At</strong></span> <span class='ocrx_word' id='word_1_137' title='bbox 1137 2021 1169 2084; x_wconf 90' lang='lat' dir='ltr'><strong>in</strong></span> <span class='ocrx_word' id='word_1_138' title='bbox 1181 2021 1310 2104; x_wconf 86' lang='lat' dir='ltr'><strong>ceteris,</strong></span> <span class='ocrx_word' id='word_1_139' title='bbox 1325 2046 1409 2110; x_wconf 81' lang='lat' dir='ltr'><strong>quae</strong></span> 
     </span>
     <span class='ocr_line' id='line_1_17' title="bbox 333 2125 1405 2218; baseline -0.003 -24"><span class='ocrx_word' id='word_1_140' title='bbox 333 2129 494 2218; x_wconf 71' lang='lat' dir='ltr'><strong>rogarit-3</strong></span> <span class='ocrx_word' id='word_1_141' title='bbox 511 2127 631 2215; x_wconf 88' lang='lat' dir='ltr'><strong>quibus</strong></span> <span class='ocrx_word' id='word_1_142' title='bbox 647 2125 768 2191; x_wconf 78' lang='lat' dir='ltr'><strong>scilicet</strong></span> <span class='ocrx_word' id='word_1_143' title='bbox 782 2125 912 2190; x_wconf 82' lang='lat' dir='ltr'><strong>libertas</strong></span> <span class='ocrx_word' id='word_1_144' title='bbox 928 2149 996 2189; x_wconf 90' lang='lat' dir='ltr'><strong>non</strong></span> <span class='ocrx_word' id='word_1_145' title='bbox 1010 2126 1174 2209; x_wconf 82' lang='lat' dir='ltr'><strong>adimitur,</strong></span> <span class='ocrx_word' id='word_1_146' title='bbox 1191 2159 1204 2184; x_wconf 88' lang='grc' dir='ltr'>ι</span> <span class='ocrx_word' id='word_1_147' title='bbox 1214 2126 1290 2215; x_wconf 89' lang='lat' dir='ltr'><strong>quid</strong></span> <span class='ocrx_word' id='word_1_148' title='bbox 1299 2150 1405 2216; x_wconf 82' lang='lat' dir='ltr'><strong>roga·</strong></span> 
     </span>
     <span class='ocr_line' id='line_1_18' title="bbox 330 2231 1405 2321; baseline -0.002 -20"><span class='ocrx_word' id='word_1_149' title='bbox 330 2254 403 2301; x_wconf 82' lang='lat' dir='ltr'><strong>turn</strong></span> <span class='ocrx_word' id='word_1_150' title='bbox 419 2256 486 2299; x_wconf 90' lang='lat' dir='ltr'><strong>non</strong></span> <span class='ocrx_word' id='word_1_151' title='bbox 501 2234 572 2298; x_wconf 74' lang='lat' dir='ltr'><strong>est?</strong></span> <span class='ocrx_word' id='word_1_152' title='bbox 583 2264 598 2290; x_wconf 76' lang='grc' dir='ltr'><strong>ι</strong></span> <span class='ocrx_word' id='word_1_153' title='bbox 611 2231 644 2298; x_wconf 93' lang='lat' dir='ltr'><strong>id</strong></span> <span class='ocrx_word' id='word_1_154' title='bbox 663 2250 729 2317; x_wconf 87' lang='lat' dir='ltr'><strong>est,</strong></span> <span class='ocrx_word' id='word_1_155' title='bbox 746 2248 783 2299; x_wconf 89' lang='lat' dir='ltr'><strong>ut</strong></span> <span class='ocrx_word' id='word_1_156' title='bbox 791 2249 878 2297; x_wconf 88' lang='lat' dir='ltr'><strong>recte</strong></span> <span class='ocrx_word' id='word_1_157' title='bbox 888 2248 937 2295; x_wconf 88' lang='lat' dir='ltr'><strong>est</strong></span> <span class='ocrx_word' id='word_1_158' title='bbox 948 2232 1197 2321; x_wconf 87' lang='lat' dir='ltr'><strong>interpretatum</strong></span> <span class='ocrx_word' id='word_1_159' title='bbox 1213 2234 1246 2297; x_wconf 91' lang='lat' dir='ltr'><strong>in</strong></span> <span class='ocrx_word' id='word_1_160' title='bbox 1262 2232 1405 2316; x_wconf 81' lang='lat' dir='ltr'><strong>Glossis,</strong></span> 
     </span>
     <span class='ocr_line' id='line_1_19' title="bbox 334 2336 1404 2426; baseline 0 -23"><span class='ocrx_word' id='word_1_161' title='bbox 334 2351 455 2421; x_wconf 67' lang='grc' dir='ltr'><strong>κυρωθὲν,</strong></span> <span class='ocrx_word' id='word_1_162' title='bbox 480 2356 518 2403; x_wconf 88' lang='lat' dir='ltr'><strong>ut</strong></span> <span class='ocrx_word' id='word_1_163' title='bbox 539 2339 652 2402; x_wconf 90' lang='lat' dir='ltr'><strong>Cicero</strong></span> <span class='ocrx_word' id='word_1_164' title='bbox 675 2338 910 2426; x_wconf 68' lang='lat' dir='ltr'><strong>interpretatur„</strong></span> <span class='ocrx_word' id='word_1_165' title='bbox 927 2337 981 2401; x_wconf 88' lang='lat' dir='ltr'><strong>hic</strong></span> <span class='ocrx_word' id='word_1_166' title='bbox 1003 2336 1178 2419; x_wconf 77' lang='lat' dir='ltr'><strong>«jussum,</strong></span> <span class='ocrx_word' id='word_1_167' title='bbox 1200 2355 1321 2418; x_wconf 87' lang='lat' dir='ltr'><strong>ratum,</strong></span> <span class='ocrx_word' id='word_1_168' title='bbox 1343 2337 1404 2403; x_wconf 84' lang='lat' dir='ltr'><strong>iir-</strong></span> 
     </span>
    </p>
   </div>
   <div class='ocr_carea' id='block_1_3' title="bbox 332 2544 1406 2931">
    <p class='ocr_par' dir='ltr' id='par_1_3' title="bbox 332 2544 1406 2931">
     <span class='ocr_line' id='line_1_20' title="bbox 332 2544 1406 2638; baseline 0.001 -25"><span class='ocrx_word' id='word_1_169' title='bbox 332 2550 510 2614; x_wconf 81' lang='lat' dir='ltr'><strong>rectissime</strong></span> <span class='ocrx_word' id='word_1_170' title='bbox 526 2547 694 2634; x_wconf 80' lang='lat' dir='ltr'><strong>responsio</strong></span> <span class='ocrx_word' id='word_1_171' title='bbox 716 2548 830 2636; x_wconf 86' lang='lat' dir='ltr'><strong>incipit</strong></span> <span class='ocrx_word' id='word_1_172' title='bbox 849 2571 867 2611; x_wconf 94' lang='lat' dir='ltr'><strong>a</strong></span> <span class='ocrx_word' id='word_1_173' title='bbox 891 2548 992 2612; x_wconf 79' lang='lat' dir='ltr'><strong>verbo</strong></span> <span class='ocrx_word' id='word_1_174' title='bbox 1003 2551 1162 2638; x_wconf 72' lang='lat' dir='ltr'><strong>prienam,</strong></span> <span class='ocrx_word' id='word_1_175' title='bbox 1184 2548 1241 2613; x_wconf 89' lang='lat' dir='ltr'><strong>ubi</strong></span> <span class='ocrx_word' id='word_1_176' title='bbox 1263 2544 1406 2614; x_wconf 85' lang='lat' dir='ltr'><strong>docetur</strong></span> 
     </span>
     <span class='ocr_line' id='line_1_21' title="bbox 332 2652 1403 2745; baseline 0.001 -26"><span class='ocrx_word' id='word_1_177' title='bbox 332 2655 457 2737; x_wconf 74' lang='lat' dir='ltr'><strong>maritis,</strong></span> <span class='ocrx_word' id='word_1_178' title='bbox 474 2670 512 2717; x_wconf 90' lang='lat' dir='ltr'><strong>ut</strong></span> <span class='ocrx_word' id='word_1_179' title='bbox 523 2669 600 2718; x_wconf 80' lang='lat' dir='ltr'><strong>ratas</strong></span> <span class='ocrx_word' id='word_1_180' title='bbox 610 2654 733 2719; x_wconf 82' lang='lat' dir='ltr'><strong>fuerint</strong></span> <span class='ocrx_word' id='word_1_181' title='bbox 746 2655 813 2721; x_wconf 79' lang='lat' dir='ltr'><strong>aliae</strong></span> <span class='ocrx_word' id='word_1_182' title='bbox 827 2652 924 2719; x_wconf 81' lang='lat' dir='ltr'><strong>Suliae</strong></span> <span class='ocrx_word' id='word_1_183' title='bbox 934 2655 1020 2745; x_wconf 79' lang='lat' dir='ltr'><strong>leges</strong></span> <span class='ocrx_word' id='word_1_184' title='bbox 1031 2672 1163 2738; x_wconf 84' lang='lat' dir='ltr'><strong>omnes,</strong></span> <span class='ocrx_word' id='word_1_185' title='bbox 1177 2656 1261 2721; x_wconf 85' lang='lat' dir='ltr'><strong>hanc</strong></span> <span class='ocrx_word' id='word_1_186' title='bbox 1273 2672 1403 2740; x_wconf 79' lang='lat' dir='ltr'><strong>umen,</strong></span> 
     </span>
     <span class='ocr_line' id='line_1_22' title="bbox 333 2759 1396 2851; baseline 0.001 -25"><span class='ocrx_word' id='word_1_187' title='bbox 333 2786 397 2850; x_wconf 87' lang='lat' dir='ltr'><strong>qua</strong></span> <span class='ocrx_word' id='word_1_188' title='bbox 419 2760 579 2826; x_wconf 85' lang='lat' dir='ltr'><strong>civitatem</strong></span> <span class='ocrx_word' id='word_1_189' title='bbox 602 2761 787 2849; x_wconf 90' lang='lat' dir='ltr'><strong>municipiis</strong></span> <span class='ocrx_word' id='word_1_190' title='bbox 810 2759 947 2841; x_wconf 81' lang='lat' dir='ltr'><strong>ademit,</strong></span> <span class='ocrx_word' id='word_1_191' title='bbox 974 2778 1077 2826; x_wconf 90' lang='lat' dir='ltr'><strong>ratam</strong></span> <span class='ocrx_word' id='word_1_192' title='bbox 1104 2780 1174 2826; x_wconf 85' lang='lat' dir='ltr'><strong>esse</strong></span> <span class='ocrx_word' id='word_1_193' title='bbox 1196 2782 1264 2827; x_wconf 90' lang='lat' dir='ltr'><strong>non</strong></span> <span class='ocrx_word' id='word_1_194' title='bbox 1288 2785 1396 2851; x_wconf 87' lang='lat' dir='ltr'><strong>posse.</strong></span> 
     </span>
     <span class='ocr_line' id='line_1_23' title="bbox 334 2862 647 2931; baseline -0.003 0"><span class='ocrx_word' id='word_1_195' title='bbox 334 2868 369 2931; x_wconf 89' lang='lat' dir='ltr'><strong>P.</strong></span> <span class='ocrx_word' id='word_1_196' title='bbox 391 2869 511 2931; x_wconf 65' lang='lat' dir='ltr'><strong>Fessa.</strong></span> <span class='ocrx_word' id='word_1_197' title='bbox 644 2862 647 2865; x_wconf 66' lang='grc'><strong>’</strong></span> 
     </span>
    </p>
   </div>
   <div class='ocr_carea' id='block_1_4' title="bbox 332 2970 1403 4010">
    <p class='ocr_par' dir='ltr' id='par_1_4' title="bbox 335 2970 1403 3271">
     <span class='ocr_line' id='line_1_24' title="bbox 380 2970 1403 3058; baseline 0.001 -21"><span class='ocrx_word' id='word_1_198' title='bbox 380 2972 424 3038; x_wconf 83' lang='lat' dir='ltr'><strong>Ut</strong></span> <span class='ocrx_word' id='word_1_199' title='bbox 434 2976 467 3036; x_wconf 82' lang='lat' dir='ltr'><strong>in</strong></span> <span class='ocrx_word' id='word_1_200' title='bbox 484 2974 588 3036; x_wconf 75' lang='lat' dir='ltr'><strong>ceteris</strong></span> <span class='ocrx_word' id='word_1_201' title='bbox 596 2992 668 3058; x_wconf 81' lang='lat' dir='ltr'><strong>quoe</strong></span> <span class='ocrx_word' id='word_1_202' title='bbox 682 2971 812 3057; x_wconf 62' lang='lat' dir='ltr'><strong>rogavit.</strong></span> <span class='ocrx_word' id='word_1_203' title='bbox 824 2970 860 3035; x_wconf 90' lang='lat' dir='ltr'><strong>P.</strong></span> <span class='ocrx_word' id='word_1_204' title='bbox 870 2971 994 3036; x_wconf 86' lang='lat' dir='ltr'><strong>Victor.</strong></span> <span class='ocrx_word' id='word_1_205' title='bbox 1009 2972 1126 3055; x_wconf 88' lang='lat' dir='ltr'><strong>habet,</strong></span> <span class='ocrx_word' id='word_1_206' title='bbox 1141 3002 1156 3029; x_wconf 69' lang='grc' dir='ltr'><em>α</em></span> <span class='ocrx_word' id='word_1_207' title='bbox 1165 2989 1198 3037; x_wconf 92' lang='lat' dir='ltr'><strong>et</strong></span> <span class='ocrx_word' id='word_1_208' title='bbox 1211 2971 1334 3055; x_wconf 80' lang='lat' dir='ltr'><strong>fateris,</strong></span> <span class='ocrx_word' id='word_1_209' title='bbox 1344 2973 1403 3038; x_wconf 82' lang='lat' dir='ltr'><strong>sed</strong></span> 
     </span>
     <span class='ocr_line' id='line_1_25' title="bbox 335 3075 1402 3166; baseline 0.001 -24"><span class='ocrx_word' id='word_1_210' title='bbox 335 3079 391 3166; x_wconf 89' lang='lat' dir='ltr'><strong>qui</strong></span> <span class='ocrx_word' id='word_1_211' title='bbox 415 3078 575 3166; x_wconf 86' lang='lat' dir='ltr'><strong>primum,</strong></span> <span class='ocrx_word' id='word_1_212' title='bbox 594 3089 654 3139; x_wconf 88' lang='lat' dir='ltr'><strong>etc.</strong></span> <span class='ocrx_word' id='word_1_213' title='bbox 666 3105 679 3130; x_wconf 74' lang='grc' dir='ltr'><strong>ι·</strong></span> <span class='ocrx_word' id='word_1_214' title='bbox 695 3075 833 3162; x_wconf 88' lang='lat' dir='ltr'><strong>Propius</strong></span> <span class='ocrx_word' id='word_1_215' title='bbox 849 3075 891 3138; x_wconf 91' lang='lat' dir='ltr'><strong>ad</strong></span> <span class='ocrx_word' id='word_1_216' title='bbox 908 3075 988 3142; x_wconf 87' lang='lat' dir='ltr'><strong>MSS</strong></span> <span class='ocrx_word' id='word_1_217' title='bbox 1007 3093 1039 3143; x_wconf 88' lang='lat' dir='ltr'><strong>et</strong></span> <span class='ocrx_word' id='word_1_218' title='bbox 1053 3093 1177 3142; x_wconf 86' lang='lat' dir='ltr'><strong>veteres</strong></span> <span class='ocrx_word' id='word_1_219' title='bbox 1193 3077 1266 3143; x_wconf 80' lang='lat' dir='ltr'><strong>edd.</strong></span> <span class='ocrx_word' id='word_1_220' title='bbox 1285 3110 1299 3136; x_wconf 78' lang='grc' dir='ltr'>ι</span> <span class='ocrx_word' id='word_1_221' title='bbox 1311 3094 1345 3143; x_wconf 87' lang='lat' dir='ltr'><strong>et</strong></span> <span class='ocrx_word' id='word_1_222' title='bbox 1364 3101 1402 3143; x_wconf 78' lang='lat' dir='ltr'><strong>ea</strong></span> 
     </span>
     <span class='ocr_line' id='line_1_26' title="bbox 335 3181 918 3271; baseline -0.002 -23"><span class='ocrx_word' id='word_1_223' title='bbox 335 3185 410 3248; x_wconf 89' lang='lat' dir='ltr'><strong>teris</strong></span> <span class='ocrx_word' id='word_1_224' title='bbox 427 3205 498 3271; x_wconf 80' lang='lat' dir='ltr'><strong>quae</strong></span> <span class='ocrx_word' id='word_1_225' title='bbox 514 3182 600 3246; x_wconf 88' lang='lat' dir='ltr'><strong>inter</strong></span> <span class='ocrx_word' id='word_1_226' title='bbox 616 3182 760 3270; x_wconf 90' lang='lat' dir='ltr'><strong>primum</strong></span> <span class='ocrx_word' id='word_1_227' title='bbox 774 3212 797 3248; x_wconf 68' lang='grc' dir='ltr'><strong>ι.</strong></span> <span class='ocrx_word' id='word_1_228' title='bbox 817 3181 918 3247; x_wconf 78' lang='lat' dir='ltr'><strong>Gnvr.</strong></span> 
     </span>
    </p>

    <p class='ocr_par' dir='ltr' id='par_1_5' title="bbox 332 3284 1401 4010">
     <span class='ocr_line' id='line_1_27' title="bbox 377 3284 1396 3377; baseline 0.002 -26"><span class='ocrx_word' id='word_1_229' title='bbox 377 3290 416 3351; x_wconf 94' lang='lat' dir='ltr'><strong>In</strong></span> <span class='ocrx_word' id='word_1_230' title='bbox 434 3287 555 3350; x_wconf 85' lang='lat' dir='ltr'><strong>Erfurt.</strong></span> <span class='ocrx_word' id='word_1_231' title='bbox 572 3285 688 3349; x_wconf 87' lang='lat' dir='ltr'><strong>Franc.</strong></span> <span class='ocrx_word' id='word_1_232' title='bbox 705 3284 756 3350; x_wconf 88' lang='lat' dir='ltr'><strong>ed.</strong></span> <span class='ocrx_word' id='word_1_233' title='bbox 776 3287 871 3374; x_wconf 90' lang='lat' dir='ltr'><strong>prim.</strong></span> <span class='ocrx_word' id='word_1_234' title='bbox 888 3288 1017 3377; x_wconf 81' lang='lat' dir='ltr'><strong>legitur,</strong></span> <span class='ocrx_word' id='word_1_235' title='bbox 1033 3305 1071 3353; x_wconf 91' lang='lat' dir='ltr'><strong>ut</strong></span> <span class='ocrx_word' id='word_1_236' title='bbox 1084 3290 1243 3355; x_wconf 85' lang='lat' dir='ltr'><strong>Gruterus</strong></span> <span class='ocrx_word' id='word_1_237' title='bbox 1262 3304 1295 3353; x_wconf 90' lang='lat' dir='ltr'><strong>et</strong></span> <span class='ocrx_word' id='word_1_238' title='bbox 1313 3291 1396 3355; x_wconf 86' lang='lat' dir='ltr'><strong>Hot-</strong></span> 
     </span>
     <span class='ocr_line' id='line_1_28' title="bbox 333 3392 1398 3483; baseline 0.002 -26"><span class='ocrx_word' id='word_1_239' title='bbox 333 3412 477 3458; x_wconf 84' lang='lat' dir='ltr'><strong>tomann.</strong></span> <span class='ocrx_word' id='word_1_240' title='bbox 490 3392 525 3455; x_wconf 90' lang='lat' dir='ltr'><strong>in</strong></span> <span class='ocrx_word' id='word_1_241' title='bbox 539 3392 605 3456; x_wconf 82' lang='lat' dir='ltr'><strong>suis</strong></span> <span class='ocrx_word' id='word_1_242' title='bbox 614 3406 812 3479; x_wconf 82' lang='lat' dir='ltr'><strong>repererunt</strong></span> <span class='ocrx_word' id='word_1_243' title='bbox 824 3392 937 3476; x_wconf 85' lang='lat' dir='ltr'><strong>Quum</strong></span> <span class='ocrx_word' id='word_1_244' title='bbox 950 3392 983 3459; x_wconf 88' lang='lat' dir='ltr'><strong>id</strong></span> <span class='ocrx_word' id='word_1_245' title='bbox 994 3395 1099 3482; x_wconf 86' lang='lat' dir='ltr'><strong>primo</strong></span> <span class='ocrx_word' id='word_1_246' title='bbox 1110 3392 1398 3483; x_wconf 78' lang='lat' dir='ltr'><strong>deprehendissem</strong></span> 
     </span>
     <span class='ocr_line' id='line_1_29' title="bbox 333 3498 1397 3586; baseline 0.001 -22"><span class='ocrx_word' id='word_1_247' title='bbox 333 3501 366 3564; x_wconf 90' lang='lat' dir='ltr'><strong>in</strong></span> <span class='ocrx_word' id='word_1_248' title='bbox 388 3498 586 3580; x_wconf 81' lang='lat' dir='ltr'><strong>Erfurtensi,</strong></span> <span class='ocrx_word' id='word_1_249' title='bbox 609 3520 677 3561; x_wconf 89' lang='lat' dir='ltr'><strong>non</strong></span> <span class='ocrx_word' id='word_1_250' title='bbox 701 3498 848 3586; x_wconf 88' lang='lat' dir='ltr'><strong>inspecto</strong></span> <span class='ocrx_word' id='word_1_251' title='bbox 871 3498 1029 3583; x_wconf 86' lang='lat' dir='ltr'><strong>Grutero,</strong></span> <span class='ocrx_word' id='word_1_252' title='bbox 1053 3502 1162 3564; x_wconf 91' lang='lat' dir='ltr'><strong>statim</strong></span> <span class='ocrx_word' id='word_1_253' title='bbox 1187 3500 1397 3580; x_wconf 87' lang='lat' dir='ltr'><strong>conjiciebam</strong></span> 
     </span>
     <span class='ocr_line' id='line_1_30' title="bbox 333 3601 1400 3696; baseline 0 -25"><span class='ocrx_word' id='word_1_254' title='bbox 333 3605 507 3696; x_wconf 83' lang='lat' dir='ltr'><strong>legendum</strong></span> <span class='ocrx_word' id='word_1_255' title='bbox 521 3625 608 3680; x_wconf 86' lang='lat' dir='ltr'><strong>esse,</strong></span> <span class='ocrx_word' id='word_1_256' title='bbox 624 3617 662 3666; x_wconf 92' lang='lat' dir='ltr'><strong>ut</strong></span> <span class='ocrx_word' id='word_1_257' title='bbox 678 3601 778 3667; x_wconf 87' lang='lat' dir='ltr'><strong>edidit</strong></span> <span class='ocrx_word' id='word_1_258' title='bbox 790 3603 972 3686; x_wconf 88' lang='lat' dir='ltr'><strong>Victorius,</strong></span> <span class='ocrx_word' id='word_1_259' title='bbox 985 3604 1146 3695; x_wconf 81' lang='lat' dir='ltr'><strong>etsateris.</strong></span> <span class='ocrx_word' id='word_1_260' title='bbox 1161 3606 1246 3670; x_wconf 90' lang='lat' dir='ltr'><strong>Nam</strong></span> <span class='ocrx_word' id='word_1_261' title='bbox 1262 3606 1294 3669; x_wconf 91' lang='lat' dir='ltr'><strong>in</strong></span> <span class='ocrx_word' id='word_1_262' title='bbox 1312 3621 1400 3671; x_wconf 85' lang='lat' dir='ltr'><strong>vete·</strong></span> 
     </span>
     <span class='ocr_line' id='line_1_31' title="bbox 334 3707 1400 3800; baseline -0.001 -24"><span class='ocrx_word' id='word_1_263' title='bbox 334 3714 425 3777; x_wconf 84' lang='lat' dir='ltr'><strong>ribus</strong></span> <span class='ocrx_word' id='word_1_264' title='bbox 434 3710 544 3791; x_wconf 78' lang='lat' dir='ltr'><strong>tibris,</strong></span> <span class='ocrx_word' id='word_1_265' title='bbox 559 3707 618 3797; x_wconf 83' lang='lat' dir='ltr'><strong>qui</strong></span> <span class='ocrx_word' id='word_1_266' title='bbox 629 3707 814 3787; x_wconf 75' lang='lat' dir='ltr'><strong>majusculis</strong></span> <span class='ocrx_word' id='word_1_267' title='bbox 825 3708 926 3772; x_wconf 88' lang='lat' dir='ltr'><strong>literis</strong></span> <span class='ocrx_word' id='word_1_268' title='bbox 940 3710 1051 3800; x_wconf 82' lang='lat' dir='ltr'><strong>scripti</strong></span> <span class='ocrx_word' id='word_1_269' title='bbox 1067 3712 1400 3793; x_wconf 73' lang='lat' dir='ltr'><strong>sunt,fuitsarsn1s:</strong></span> 
     </span>
     <span class='ocr_line' id='line_1_32' title="bbox 333 3813 1401 3906; baseline 0 -24"><span class='ocrx_word' id='word_1_270' title='bbox 333 3840 431 3906; x_wconf 89' lang='lat' dir='ltr'><strong>quam</strong></span> <span class='ocrx_word' id='word_1_271' title='bbox 447 3816 539 3880; x_wconf 88' lang='lat' dir='ltr'><strong>facile</strong></span> <span class='ocrx_word' id='word_1_272' title='bbox 554 3814 661 3904; x_wconf 87' lang='lat' dir='ltr'><strong>potuit</strong></span> <span class='ocrx_word' id='word_1_273' title='bbox 677 3813 719 3878; x_wconf 93' lang='lat' dir='ltr'><strong>ab</strong></span> <span class='ocrx_word' id='word_1_274' title='bbox 734 3814 893 3880; x_wconf 74' lang='lat' dir='ltr'><strong>oscitante</strong></span> <span class='ocrx_word' id='word_1_275' title='bbox 908 3814 1040 3880; x_wconf 79' lang='lat' dir='ltr'><strong>librario</strong></span> <span class='ocrx_word' id='word_1_276' title='bbox 1059 3817 1085 3880; x_wconf 85' lang='lat' dir='ltr'><strong>F</strong></span> <span class='ocrx_word' id='word_1_277' title='bbox 1104 3816 1222 3881; x_wconf 83' lang='lat' dir='ltr'><strong>mutari</strong></span> <span class='ocrx_word' id='word_1_278' title='bbox 1239 3817 1274 3879; x_wconf 89' lang='lat' dir='ltr'><strong>in</strong></span> <span class='ocrx_word' id='word_1_279' title='bbox 1288 3816 1332 3899; x_wconf 83' lang='lat' dir='ltr'><strong>E;</strong></span> <span class='ocrx_word' id='word_1_280' title='bbox 1347 3814 1401 3882; x_wconf 82' lang='lat' dir='ltr'><strong>iiia</strong></span> 
     </span>
     <span class='ocr_line' id='line_1_33' title="bbox 332 3918 1400 4010; baseline -0.002 -23"><span class='ocrx_word' id='word_1_281' title='bbox 332 3946 407 4009; x_wconf 65' lang='lat' dir='ltr'><strong>quta</strong></span> <span class='ocrx_word' id='word_1_282' title='bbox 422 3925 563 4010; x_wconf 73' lang='lat' dir='ltr'><strong>rogavit,</strong></span> <span class='ocrx_word' id='word_1_283' title='bbox 579 3918 671 3989; x_wconf 83' lang='lat' dir='ltr'><strong>unde</strong></span> <span class='ocrx_word' id='word_1_284' title='bbox 684 3920 872 4010; x_wconf 84' lang='lat' dir='ltr'><strong>irrepserint</strong></span> <span class='ocrx_word' id='word_1_285' title='bbox 889 3920 924 3985; x_wconf 89' lang='lat' dir='ltr'><strong>in</strong></span> <span class='ocrx_word' id='word_1_286' title='bbox 939 3920 1117 4003; x_wconf 83' lang='lat' dir='ltr'><strong>editiones,</strong></span> <span class='ocrx_word' id='word_1_287' title='bbox 1134 3920 1283 3985; x_wconf 84' lang='lat' dir='ltr'><strong>nondum</strong></span> <span class='ocrx_word' id='word_1_288' title='bbox 1305 3923 1400 4009; x_wconf 83' lang='lat' dir='ltr'><strong>potui</strong></span> 
     </span>
    </p>
   </div>
   <div class='ocr_carea' id='block_1_5' title="bbox 232 4023 1401 4115">
    <p class='ocr_par' dir='ltr' id='par_1_6' title="bbox 232 4023 1401 4115">
     <span class='ocr_line' id='line_1_34' title="bbox 232 4023 1401 4115; baseline 0.005 -29"><span class='ocrx_word' id='word_1_289' title='bbox 232 4108 235 4113; x_wconf 24' lang='grc'>1</span> <span class='ocrx_word' id='word_1_290' title='bbox 331 4028 553 4113; x_wconf 83' lang='lat' dir='ltr'><strong>pervestigare.</strong></span> <span class='ocrx_word' id='word_1_291' title='bbox 565 4025 701 4089; x_wconf 87' lang='lat' dir='ltr'><strong>Videtur</strong></span> <span class='ocrx_word' id='word_1_292' title='bbox 716 4025 842 4112; x_wconf 86' lang='lat' dir='ltr'><strong>aliquis,</strong></span> <span class='ocrx_word' id='word_1_293' title='bbox 858 4048 954 4115; x_wconf 85' lang='lat' dir='ltr'><strong>quum</strong></span> <span class='ocrx_word' id='word_1_294' title='bbox 954 4025 1076 4112; x_wconf 75' lang='lat' dir='ltr'><strong>fateris</strong></span> <span class='ocrx_word' id='word_1_295' title='bbox 1088 4041 1251 4091; x_wconf 71' lang='lat' dir='ltr'><strong>mutatum</strong></span> <span class='ocrx_word' id='word_1_296' title='bbox 1266 4042 1352 4091; x_wconf 79' lang='lat' dir='ltr'><strong>esset</strong></span> <span class='ocrx_word' id='word_1_297' title='bbox 1367 4023 1401 4092; x_wconf 90' lang='lat' dir='ltr'><strong>in</strong></span> 
     </span>
    </p>
   </div>
   <div class='ocr_carea' id='block_1_6' title="bbox 329 4122 1403 4220">
    <p class='ocr_par' dir='ltr' id='par_1_7' title="bbox 329 4122 1403 4220">
     <span class='ocr_line' id='line_1_35' title="bbox 329 4122 1403 4220; baseline 0.005 -26"><span class='ocrx_word' id='word_1_298' title='bbox 329 4135 366 4195; x_wconf 77' lang='lat' dir='ltr'><strong>in</strong></span> <span class='ocrx_word' id='word_1_299' title='bbox 377 4134 501 4208; x_wconf 80' lang='lat' dir='ltr'><strong>ceteris,</strong></span> <span class='ocrx_word' id='word_1_300' title='bbox 518 4150 561 4193; x_wconf 89' lang='lat' dir='ltr'><strong>ne</strong></span> <span class='ocrx_word' id='word_1_301' title='bbox 575 4132 663 4194; x_wconf 84' lang='lat' dir='ltr'><strong>nulla</strong></span> <span class='ocrx_word' id='word_1_302' title='bbox 677 4131 775 4209; x_wconf 81' lang='lat' dir='ltr'><strong>hujus</strong></span> <span class='ocrx_word' id='word_1_303' title='bbox 796 4130 859 4195; x_wconf 82' lang='lat' dir='ltr'><strong>loci</strong></span> <span class='ocrx_word' id='word_1_304' title='bbox 880 4149 965 4197; x_wconf 85' lang='lat' dir='ltr'><strong>esset</strong></span> <span class='ocrx_word' id='word_1_305' title='bbox 979 4122 1163 4217; x_wconf 71' lang='lat' dir='ltr'><strong>sententia,</strong></span> <span class='ocrx_word' id='word_1_306' title='bbox 1175 4130 1403 4220; x_wconf 79' lang='lat' dir='ltr'><strong>adscripsisse,</strong></span> 
     </span>
    </p>
   </div>
   <div class='ocr_carea' id='block_1_7' title="bbox 0 0 1532 4772">
    <p class='ocr_par' dir='ltr' id='par_1_8' title="bbox 0 0 1532 4772">
     <span class='ocr_line' id='line_1_36' title="bbox 0 0 1532 4772; baseline 0 1"><span class='ocrx_word' id='word_1_307' title='bbox 0 0 1532 4772; x_wconf 95' lang='lat' dir='ltr'><strong> </strong></span> 
     </span>
    </p>
   </div>
  </div>
 </body>
</html>
