3148 4780
376 382 432 451 IN
453 378 674 449 VERREM
698 380 806 450 AGT.
833 380 887 465 ΙΙ,
908 379 1001 447 LIB.
1022 381 1064 449 V.
1180 380 1250 479 399

195 504 297 576 nullo
309 501 421 573 modo
434 514 594 600 poterat,
613 502 700 597 quin
718 500 902 571 Cleomeni
917 516 1132 598 parceretur.
1146 502 1251 576 Cleo·

195 636 337 684 menam
359 625 485 683 vocat:
501 609 587 680 dicit
606 611 655 696 ei,
674 633 712 681 se
731 612 894 682 statuisse
912 609 1194 684 animadvertere
1210 616 1251 685 in

194 744 320 795 omnes
334 721 529 793 navarchos
539 746 549 807 3
561 723 609 790 ita
620 723 675 790 sui
689 719 841 816 pem'culi
857 722 1013 791 rationes
1028 719 1121 792 serre
1136 746 1176 794 ac
1188 747 1252 821 po-

194 834 336 904 stulare.
346 830 425 902 Tibi
437 834 499 902 uni
509 852 668 928 parcam,
681 830 837 900 ettotius
851 831 951 900 istius
963 829 1076 928 cnlpae
1093 832 1250 920 crimen,

194 942 569 1039 vituperationemque
605 934 874 1009 inconstendae⁵
900 940 1023 1036 potius
1045 942 1253 1038 suscipiam,

194 1076 302 1148 quarn
325 1066 387 1121 aut
407 1053 445 1120 in
467 1064 502 1119 te
524 1052 592 1119 sim
614 1048 790 1134 crudelis,
811 1063 874 1119 aut
896 1064 1037 1121 tottam
1058 1074 1181 1147 graves
1202 1067 1252 1123 te·

192 1175 262 1231 stes
280 1162 379 1230 vivos
396 1160 668 1254 incolumesque
681 1181 757 1229 esse
772 1158 896 1255 patiar.
910 1160 992 1255 Agit
1007 1162 1137 1255 gratias
1150 1161 1252 1233 Cleo·

191 1290 334 1355 menes,
354 1266 533 1366 approbat
550 1268 762 1355 eonsilium;
781 1265 883 1353 dicit,
901 1269 949 1338 ita
964 1267 1043 1339 fieri
1061 1286 1250 1366 oportere:

192 1377 363 1450 admonet
379 1391 500 1449 tamen
516 1376 626 1463 illud,
644 1375 744 1472 quod
761 1379 869 1447 istum
885 1374 1042 1475 fugerat,
1059 1379 1096 1448 in
1110 1379 1253 1452 Phalar-

192 1510 295 1582 gum,
316 1488 597 1583 Centuripinum
616 1484 854 1573 navarcbum,
876 1511 949 1558 non
971 1512 1076 1586 posse
1093 1491 1251 1563 animad-

194 1596 301 1680 verti,
312 1609 504 1692 propterea
516 1593 614 1691 quod
625 1617 745 1664 secum
754 1591 878 1664 luisset
887 1617 960 1666 una
970 1598 1007 1667 in
1016 1600 1252 1698 Centuripina

192 1703 424 1800 quadriremi.
443 1702 540 1792 Quid
558 1704 668 1800 ergo?
691 1705 757 1773 iste
776 1702 887 1773 bomo
907 1726 951 1774 ex
971 1706 1148 1801 ejusmodi
1168 1712 1251 1781 civi·

192 1827 282 1899 tate,
303 1813 511 1884 adolescens
532 1811 791 1897 nobilissimus,
813 1813 914 1883 testis
937 1814 1187 1913 relinquetur?
1206 1825 1249 1890 In

191 1926 396 2020 praesentia,
424 1922 544 2018 inquit
570 1921 803 2008 Cleomenes,
831 1924 1005 2017 quoniam
1031 1926 1079 1996 ita
1105 1950 1251 1999 necesse

191 2049 267 2122 est3
286 2032 348 2104 sed
363 2048 445 2131 post
457 2032 591 2131 aliquid
607 2030 824 2118 videbimus,
839 2056 886 2102 ne
900 2033 967 2104 iste
985 2033 1092 2105 nobis
1107 2033 1251 2108 obstare

189 2147 314 2242 possit.

237 2255 327 2323 XLI.
345 2254 428 2322 Haec
442 2264 672 2348 posteaquam
686 2261 763 2317 acta
780 2260 816 2316 et
833 2246 1028 2319 constituta
1044 2264 1144 2335 sunt,
1165 2275 1248 2349 prn-

190 2359 285 2433 oedit
310 2362 376 2431 iste
401 2374 549 2458 repente
572 2382 591 2429 e
613 2358 819 2455 pretorio¹‚
842 2354 1084 2461 inflammatus
1100 2360 1252 2450 scelere,

188 2468 328 2555 furore,
340 2466 549 2539 crudelitate
564 2493 573 2536 ι
590 2471 628 2536 in
641 2463 762 2537 forum
775 2467 894 2553 venit3
913 2467 1113 2541 nauarchos
1128 2474 1248 2543 vocari

186 2579 300 2674 jubet.
319 2581 392 2669 Qui
413 2576 503 2648 nibil
524 2589 744 2659 metuerent,
771 2574 860 2674 nihil
879 2579 1160 2674 suspicarentur,
1179 2599 1249 2654 sta·

189 2691 255 2758 tim
266 2700 468 2758 accurrunt.
477 2683 763 2758 Istehominibus
772 2686 911 2754 miseris
921 2687 1247 2789 innocentibnsque

190 2796 288 2890 injici
301 2806 460 2866 catenas²
475 2798 636 2893 imperat.
653 2794 848 2892 Implorare
863 2793 913 2864 illi
925 2793 1033 2865 fidem
1046 2798 1171 2894 populi
1186 2827 1245 2872 ro-

190 2905 304 2991 mani,
319 2920 370 2992 et,
385 2929 495 3001 quare
509 2902 701 2992 idfaceret,
716 2928 851 3000 rogare.
863 2907 964 2975 Tunc
972 2904 1038 2976 iste
1053 2903 1123 2977 boc
1134 2932 1248 2981 causae

189 3013 293 3100 dicit,
310 3015 408 3110 quod
427 3014 572 3085 classem
589 3013 819 3112 predonibus
837 3010 1089 3108 prodidissent.
1106 3016 1162 3087 Fit
1179 3018 1247 3089 cla·

191 3137 324 3197 moret
343 3123 530 3195 admiratio
548 3123 693 3221 populi,
713 3138 846 3193 tantam
869 3144 945 3193 esse
965 3122 1002 3192 in
1021 3122 1169 3197 homine
1188 3131 1248 3198 irn-

223 3365 247 3413 5.
262 3362 444 3412 Inconstantiae.
462 3364 518 3411 Eoo
529 3359 606 3409 verbo
618 3359 694 3424 sigol-
738 3360 768 3408 do
781 3360 1036 3411 navarcblsneoandls
1044 3364 1132 3413 Verres
1151 3365 1248 3418 inierat.
1352 3371 1353 3376 ’

187 3442 274 3492 fleatur
296 3444 338 3491 bio
364 3442 451 3490 vittam
474 3439 557 3501 illud,
577 3454 627 3504 quo
654 3439 694 3500 ius
736 3439 799 3488 Nun
810 3439 868 3488 alias
877 3442 1017 3505 pmeortum
1033 3458 1080 3507 pro
1093 3445 1192 3495 aolooo
1203 3464 1246 3496 sn-

188 3520 269 3586 disprr
286 3522 312 3569 in
328 3536 354 3567 re
373 3520 426 3583 pori
443 3517 565 3577 roddltnr3
583 3517 651 3581 qnod
668 3517 694 3564 ln
736 3518 854 3580 niuniu
866 3534 916 3583 qno
924 3521 965 3581 jus
974 3519 1128 3573 reddebatur.

187 3610 291 3665 pauore
299 3600 397 3648 ulaine
405 3597 531 3651 ferendus
543 3606 592 3659 est,
605 3597 693 3661 qulju·
772 3613 797 3644 a.
813 3596 888 3660 lajad
897 3609 1007 3648 eatena.
1020 3597 1094 3649 Collo
1106 3611 1130 3648 et
1142 3600 1244 3649 centu·

187 3680 220 3725 rb
234 3678 373 3743 aqnabilera
386 3678 503 3727 rationem
518 3687 600 3725 lenm
613 3674 693 3724 debet.
735 3674 798 3734 bns,
808 3684 836 3724 m
847 3678 967 3740 postet-ina
979 3678 1053 3727 dicet.
1063 3705 1100 3716 -
1108 3679 1245 3742 Implorm

187 3782 223 3795 -
239 3760 298 3804 Tam
308 3772 393 3823 gram
404 3767 485 3806 uetes.
497 3755 603 3805 &band
616 3754 693 3803 averl-
736 3752 866 3821 t'llt'fidom.
881 3756 946 3819 Quia
960 3756 1070 3819 quamvls
1082 3756 1143 3804 sooil
1155 3759 1204 3807 sint
1220 3772 1246 3808 at

188 3835 228 3883 o·
237 3834 458 3898 metasqultira.
735 3831 860 3888 fedanti,
876 3842 955 3880 tamen
965 3847 978 3879 a
989 3835 1064 3881 Verre
1074 3847 1121 3896 pro
1133 3834 1244 3885 bostibm

223 3916 292 3963 m.
318 3929 340 3963 r.
364 3915 387 3960 Ε
401 3911 528 3977 pretorio.
549 3910 693 3960 Pretorium
735 3909 929 3973 sept-dentem
935 3910 1245 3979 habentus-Populare-

187 3990 229 4039 bic
245 4001 282 4040 oet
299 3991 528 4058 comparet-la,
548 3992 576 4039 ln
591 4004 651 4054 qno,
668 4004 693 4038 re
737 3988 813 4036 marai.
832 3988 1066 4054 Librimannserlpti
1083 3995 1242 4056 quatuorbr·

189 4084 246 4117 cnm
259 4070 388 4119 Chersone
403 4069 547 4131 muta,
563 4066 694 4117 amdan
737 4067 797 4117 beot
802 4067 925 4133 praeerit.
933 4067 1035 4135 Recepit
1044 4070 1138 4122 Eram
1147 4074 1242 4131 Hales.
