3016 4774
465 428 737 501 excursus
760 430 865 501 tux.
1132 410 1202 525 597
1245 414 1249 429 ·

114 576 165 616 ex
182 549 293 616 edicto
304 547 417 614 datum
431 571 490 639 pro
499 548 571 639 ipso
584 549 700 615 hebent
711 548 839 615 edicto?
852 549 948 613 Certe
958 549 1007 613 vir
1016 547 1123 613 Fabro
1137 573 1204 614 ma·

112 658 180 739 jor
198 655 367 738 Cujacius3
384 677 452 743 que
470 655 550 720 Obt.
568 656 612 739 V,
631 678 686 745 17,
707 671 741 719 et
752 655 835 721 luno
852 677 870 719 t
887 654 983 719 Costa
999 654 1041 718 ad
1057 654 1103 718 IV
1121 658 1200 720 lust.

125 761 193 845 15,
216 762 383 851 perlectis,
401 761 460 824 istu
478 760 639 826 confundi
655 784 722 826 non
745 782 840 849 posse
859 759 1031 825 constabit.
1051 759 1204 827 Praeelare

119 893 211 935 vero
229 869 351 951 Faber,
375 868 432 956 qui
449 867 582 948 Cujacio
596 868 684 932 illum
700 868 804 957 ipsam
822 866 927 956 legem
944 866 1074 950 objicit,
1090 869 1123 930 in
1141 892 1205 957 qua

121 975 182 1039 vir
198 996 347 1042 summus
360 972 442 1038 adeo
454 973 591 1038 cdremm
603 973 666 1064 legi
680 971 800 1037 debere
812 989 1034 1061 perspexerat,
1048 989 1087 1037 ut
1101 972 1162 1054 ins
1178 999 1205 1056 1,

57 1090 61 1097 '
122 1081 273 1146 edietum
290 1103 350 1170 pro
365 1080 480 1146 interd.
498 1078 728 1170 reponendum
742 1079 913 1144 censuerit.
924 1081 1009 1144 Turn
1021 1079 1088 1162 illa,
1105 1102 1133 1143 c.
1150 1081 1205 1160 16,

127 1215 141 1241 ι
155 1186 194 1250 ni
215 1183 368 1251 adversus
385 1182 528 1250 edictum
547 1208 596 1275 pr.
617 1185 666 1249 ris
685 1184 768 1249 facta
789 1199 895 1248 esset»
913 1206 981 1249 nou
1001 1184 1082 1249 vidit
1103 1185 1207 1250 Faber

125 1292 198 1357 elio
210 1307 356 1380 spectare
370 1313 379 1355 τ
396 1292 445 1356 rie
461 1291 549 1357 enirn
565 1290 602 1356 fit
614 1291 768 1357 advertus
783 1289 928 1357 edictum
944 1310 1077 1379 queque
1091 1313 1100 1357 z
1112 1294 1206 1358 retti-

127 1397 236 1478 tutio,
252 1396 385 1461 nonnisi
406 1419 447 1461 ex
465 1396 639 1461 interdicto
655 1395 724 1463 fieri
738 1411 857 1487 poteet.
875 1396 1025 1484 Denique
1041 1398 1091 1461 lex
1111 1420 1124 1461 r
1141 1445 1151 1480 ,
1167 1400 1204 1462 C.

129 1501 175 1565 de
192 1500 308 1566 imerd.
322 1499 364 1565 ab
378 1501 469 1566 tlon.
490 1500 582 1565 allata
600 1498 636 1565 id
653 1517 781 1567 tuntum
798 1500 860 1566 sibi
876 1500 967 1583 vult,
984 1502 1140 1568 iot-multe
1154 1503 1206 1567 in·

131 1605 353 1673 terdictorurn
373 1605 409 1671 iu
425 1606 501 1671 elbo
523 1628 599 1672 eum
623 1603 731 1673 edicte
758 1608 867 1673 fuisse.
890 1607 1028 1673 Fuerint
1050 1609 1147 1675 etiam
1172 1609 1206 1671 in

133 1710 265 1793 edicto,
281 1712 464 1778 continenti
475 1710 635 1799 scripturn
652 1734 661 1776 z
678 1726 806 1792 temen,
822 1712 882 1776 nisi
896 1729 1015 1799 proetor
1030 1712 1207 1801 postulanti

134 1839 236 1882 unum
252 1840 365 1883 etrum
381 1817 564 1907 legitimum
585 1815 728 1899 dederit,
752 1818 870 1884 frustra
891 1840 933 1883 ex
949 1818 1056 1885 edicto
1075 1820 1207 1886 rectitu-

135 1922 245 1987 tionee
259 1939 459 2011 peterentur.
471 1923 558 1988 Hinc
567 1922 761 1988 nominatim
774 1925 809 1987 iu
820 1946 917 1989 muta
924 1926 1059 1990 Caeeiuae
1070 1955 1086 1981 ι
1094 1925 1129 1990 Ρ.
1142 1926 1208 1990 Do·

136 2028 252 2095 labelli
271 2053 320 2119 pr.
338 2029 523 2112 interdixit,
542 2045 604 2096 etc.
617 2062 632 2088 ι
653 2053 723 2120 etp.
748 2030 783 2112 8,
807 2046 841 2095 et
863 2054 939 2097 mox
960 2031 993 2096 h.
1014 2053 1044 2097 c.
1065 2032 1210 2096 Julianus

138 2158 193 2201 ete
216 2136 372 2201 formulas
394 2135 502 2202 edicto
522 2153 683 2226 perpetuo
704 2136 896 2217 inseruisse,
921 2137 1146 2225 Ulpianusque
1169 2136 1210 2202 ad

139 2240 220 2307 iliud
239 2241 383 2309 edictum
404 2243 550 2308 scribens
571 2242 746 2307 illustrasse
762 2240 901 2306 videtur.
926 2241 1049 2309 Veturn
1068 2244 1103 2306 in
1126 2242 1209 2307 Pan·

140 2347 242 2413 doctis
257 2348 302 2412 ita
319 2348 478 2437 permixte
496 2364 574 2414 eunt
594 2348 718 2429 omniu,
736 2363 775 2413 ut
790 2347 946 2413 formulae
962 2348 1060 2413 faciet
1078 2349 1212 2436 antique

140 2453 315 2541 reliquerit.
328 2455 367 2517 In
384 2454 448 2518 hoc
469 2454 542 2543 ipen
554 2452 728 2519 interdictu
739 2454 883 2521 Tullium
895 2477 1047 2543 compare
1058 2478 1134 2520 cum
1148 2454 1168 2519 l.
1181 2456 1212 2538 l,

142 2561 182 2624 D.
197 2559 239 2623 de
253 2560 308 2638 vi,
326 2574 389 2623 etc.
402 2559 557 2623 Formula
575 2559 770 2625 restitutorie
784 2557 962 2625 tectrudnm
976 2583 1149 2648 personam
1161 2585 1213 2625 re·

144 2664 244 2752 quirit
269 2686 279 2729 t
298 2664 343 2729 ita
364 2664 496 2748 Cicero,
514 2665 583 2729 etl.
606 2687 637 2746 1,
652 2669 671 2747 S
691 2688 751 2747 10,
766 2665 806 2728 D.
823 2688 866 2730 ue
885 2664 966 2753 quid
987 2667 1021 2730 in
1043 2665 1136 2732 flum.
1150 2685 1212 2731 etc.

144 2770 271 2858 aliaque
296 2769 485 2854 interdictu,
511 2786 550 2836 ut
573 2771 608 2837 in
634 2771 656 2835 1.
675 2791 702 2854 1,
720 2772 760 2835 D.
785 2768 826 2836 de
853 2771 920 2837 tab.
937 2772 1011 2836 exh.
1034 2776 1085 2838 Ita
1105 2790 1216 2839 nostru

145 2874 196 2940 lex
209 2875 337 2964 incipit,
356 2875 467 2942 «uude
485 2893 543 2942 tu·
558 2900 566 2942 ε
583 2877 705 2967 pergit,
715 2906 728 2933 ι
741 2875 784 2941 ed
797 2898 892 2959 euru,
909 2877 967 2964 qui
977 2878 1012 2941 vi
1023 2875 1215 2961 dejeceritn,

147 2980 329 3070 desinitque
343 2983 380 3047 iu
394 2980 493 3048 edicti
504 2982 628 3064 verbis,
639 2981 819 3063 «judicium
834 2981 919 3047 dubo
929 3013 951 3047 ι.
965 2983 1051 3047 Turn
1065 2984 1118 3048 iila
1128 3002 1216 3049 certe

148 3089 181 3151 in
196 3086 369 3155 interdicto
387 3104 495 3163 erant,
513 3119 527 3145 ι
538 3104 597 3154 aut
613 3105 807 3178 procurator
827 3104 950 3172 tuus»,
968 3112 1009 3155 ex
1023 3092 1091 3157 Cic.
1109 3114 1140 3156 c.
1161 3114 1216 3178 19,

5 3272 9 3285 .
127 3193 1216 3286 .et,«eoreetitunt·,exctp.30,etelinexoep.21,qutuin

150 3298 217 3387 lege
246 3320 313 3362 uon
336 3314 423 3363 sunt.
449 3299 613 3364 Nimirum
633 3315 738 3387 patet,
763 3300 925 3365 interdicti
944 3301 1119 3367 formulam
1142 3325 1218 3367 cum

135 3403 253 3469 tertis
277 3403 377 3473 edicti
394 3405 562 3471 coaluisse.
579 3406 656 3471 Hoec
676 3420 709 3470 et
733 3408 879 3488 sejuncta
894 3407 995 3472 fuitne
1014 3425 1142 3475 comtat
1159 3433 1167 3474 ε
1187 3425 1221 3473 et

5 3576 10 3583 ,
152 3509 278 3593 Cicero,
295 3535 400 3600 quum
412 3510 556 3578 edictum
570 3510 667 3594 dicit,
682 3535 864 3602 numquam
882 3513 1092 3581 interdictum
1104 3516 1222 3580 iutelli-

153 3616 214 3704 git,
229 3615 320 3705 quod
340 3640 468 3708 eernper
484 3640 548 3685 tuo
566 3618 705 3709 appellnt
725 3620 876 3702 nurnine3
890 3635 924 3685 et
936 3621 1057 3685 centies
1072 3622 1220 3709 n'ppeDnt.

25 3722 44 3786 ’ᾗ
155 3721 318 3790 Genitor.
405 3756 412 3766 ·

536 3975 576 3983 .--
584 3961 823 3991 ...ob—..-
