3176 4770
392 450 445 519 IN
470 452 681 520 VERREM
706 454 1099 538 ACT.11,LIB.111.
1211 455 1275 526 115
1346 479 1349 487 ·

220 573 421 668 impetrare.
437 575 520 643 Non
535 571 800 669 reprehend0¹¹
816 572 1024 645 Metellum:
1044 578 1202 675 pepercit
1218 578 1278 650 ho

219 688 310 755 mini
327 687 460 772 amice,
480 700 516 755 et
537 685 844 782 quemadmodum
863 687 983 785 ipsum
1002 687 1120 761 dicere
1138 692 1277 778 audivi,

221 800 443 875 necessario:
462 821 536 866 non
550 796 780 893 reprehendo
790 852 799 885 ,
810 799 975 893 inquam,
987 798 1191 886 Metellum3
1215 802 1279 873 sed

222 903 292 975 hoc
318 907 447 993 miror,
473 907 677 1005 quomod0,
703 906 748 977 de
768 932 843 1004 quo
863 907 1012 979 homine
1034 911 1279 1006 praejudicium

221 1013 377 1085 noluerit
402 1014 482 1087 fieri
500 1041 574 1114 per
601 1033 889 1115 recuperatores,
919 1016 964 1088 de
992 1017 1064 1089 hoc
1094 1022 1173 1117 ipso
1205 1048 1280 1093 non
1382 1096 1385 1101 ,

221 1124 331 1195 modo
352 1126 611 1223 praejudicarit,
636 1151 763 1197 verum
789 1130 995 1224 gravissime
1023 1152 1063 1199 ac
1088 1129 1280 1202 vehemen-

220 1238 354 1306 tissime
367 1236 543 1330 judicarit.
563 1241 721 1308 Primum
736 1241 852 1324 enim,
865 1240 895 1308 si
914 1241 1115 1335 Apronium
1136 1238 1283 1311 absolu·

222 1360 299 1416 tum
316 1349 361 1416 iri
377 1362 538 1445 putaret,
560 1347 649 1418 nihil
669 1361 763 1433 erat,
782 1347 883 1444 quod
902 1348 1017 1418 ullum
1036 1348 1282 1446 praejudicium
1388 1336 1392 1343 ⁵

220 1470 414 1527 vereretur.
432 1457 593 1543 Deinde,
611 1461 658 1543 si,
677 1455 916 1528 condemnato
934 1462 1111 1555 Apronio,
1129 1461 1283 1554 conjun-

221 1580 316 1636 ctam
330 1590 413 1636 cum
428 1591 472 1637 eo
484 1568 605 1637 Verris
618 1589 761 1637 causam
774 1589 900 1637 omnes
915 1581 1017 1636 erant
1031 1568 1284 1651 existimatum

222 1676 387 1746 Meteilus
403 1676 551 1772 quidem
565 1689 661 1746 certe
673 1675 747 1770 jam
766 1674 837 1745 hoc
848 1674 1052 1770 judicabam
1066 1701 1193 1748 eorum
1206 1702 1285 1750 rem

223 1809 439 1881 causamque
457 1810 534 1856 esse
552 1786 784 1879 conjunctam
804 1812 811 1854 :
836 1786 901 1881 qui
924 1787 1107 1874 statuerit,
1124 1792 1286 1885 Apronio

222 1893 483 1979 condemnem,
502 1894 547 1965 de
567 1897 635 1965 isto
653 1893 901 1991 prejudicium
923 1892 1098 1966 futurum.
1118 1901 1162 1967 Et
1177 1899 1285 1968 simul

222 2028 293 2075 una
313 2028 371 2074 res
393 2006 537 2101 utrique
554 2005 606 2074 rei
629 2017 682 2073 est
701 2017 939 2099 argumento:
962 2018 998 2074 et
1017 2019 1176 2076 aratores
1193 2007 1229 2075 vi
1250 2022 1286 2077 et

222 2130 322 2184 metu
340 2128 483 2185 coactos
501 2117 662 2213 Apronio
683 2113 800 2183 multo
822 2113 924 2211 plus,
946 2139 1057 2209 quam
1078 2113 1284 2201 debuerint,

221 2222 378 2307 dedisse3
399 2238 435 2295 et
452 2230 652 2320 Apronium
670 2225 771 2293 istius
794 2247 872 2292 rem
894 2245 962 2292 suo
983 2224 1131 2294 nomine
1155 2229 1286 2322 egisse,

222 2358 337 2430 quum
348 2338 387 2404 L.
396 2333 562 2405 Metellus
573 2334 753 2418 statuerit,
770 2354 843 2401 non
864 2353 970 2428 posse
984 2332 1187 2427 Apronium
1202 2357 1287 2403 con-

221 2443 404 2529 demnari,
421 2447 512 2540 quin
528 2444 632 2512 simul
651 2440 696 2512 de
713 2443 814 2512 istius
830 2439 964 2510 scelere
985 2454 1093 2536 atque
1110 2441 1286 2540 improbi·

167 2628 174 2641 Ι
223 2567 294 2624 tate
307 2553 539 2648 judicaretur.

62 2654 66 2661 ’
269 2666 390 2733 LXVI.
400 2664 514 2734 Venio
525 2686 628 2732 nunc
641 2662 685 2731 ad
701 2658 886 2756 epistolam
898 2659 1151 2745 Timarchidis‚
1167 2660 1286 2733 liberti

224 2774 324 2843 istius
345 2789 381 2843 et
401 2775 585 2843 acceusi¹:
610 2770 655 2842 de
679 2793 751 2868 qua
773 2793 886 2865 quum
910 2767 1055 2852 dixero,
1078 2782 1197 2838 totum
1216 2770 1286 2840 hoc

224 2885 359 2953 crimen
383 2882 622 2953 decumanum
646 2889 851 2979 peroram'.
871 2881 953 2947 Haec
975 2876 1125 2974 epistola
1144 2893 1215 2968 est,
1230 2881 1287 2974 ju·

224 2980 340 3067 dices,
357 3015 464 3086 quam
489 3016 556 3061 nos
579 2991 761 3087 Syracusis
778 2991 815 3057 in
832 2985 969 3057 aedibus
984 2989 1154 3084 Apronii,
1172 3013 1286 3085 quum

224 3101 344 3171 literas
371 3101 685 3196 conquireremus,
707 3099 918 3170 invenimus.
938 3097 1046 3166 Missa
1063 3109 1133 3184 est,
1153 3110 1193 3166 ut
1211 3099 1287 3196 ipsa
1347 3179 1353 3190 ι

224 3208 419 3307 significat,
444 3233 487 3278 ex
509 3209 658 3295 itinere,
674 3232 789 3304 quum
806 3212 934 3278 Verres
950 3206 1023 3300 jam
1041 3206 1087 3281 dc
1104 3211 1287 3304 provincia

111 3408 114 3413 ἱ
224 3308 454 3405 decessisset,
467 3316 700 3389 Timarchidis
717 3342 826 3388 manu
844 3319 987 3414 scripta.
1010 3317 1133 3387 Recita
1153 3319 1285 3416 episto-

223 3538 474 3603 munumentum
494 3539 606 3601 impetrat
619 3547 729 3593 senator,
810 3538 899 3583 cxvi.
923 3552 944 3582 r.
957 3535 1069 3583 Accensi.
1091 3536 1197 3582 Acceusi
1218 3546 1286 3583 erant

118 3622 123 3631 ’
223 3617 731 3683 nonimpetmtssuofemiliariseimo,uon
774 3615 1015 3678 ministripraetorum
1028 3613 1193 3661 etcomulnm
1205 3616 1287 3663 umin

224 3700 336 3763 impetret
348 3697 417 3761 quod
430 3697 468 3745 vel
477 3697 561 3760 ignoto
571 3696 657 3744 debent
670 3710 730 3742 con·
775 3693 842 3741 Urbe
852 3708 923 3755 quem
937 3692 1109 3756 inprorinciis.
1117 3691 1156 3739 Ab
1167 3690 1284 3738 ucciando

140 3832 142 3837 ,
224 3783 278 3830 sedi
290 3799 322 3830 ex
334 3781 416 3829 edicto
425 3782 545 3846 putoris,
774 3770 854 3818 dictos
867 3781 937 3833 putat
945 3774 1036 3830 Varro,
1046 3768 1115 3834 quod
1125 3772 1246 3830 accirent,
1258 3772 1285 3819 id

124 3854 153 3926 Ἰ
261 3877 302 3910 tt.
313 3859 530 3924 Nonreprekeudo.
541 3859 730 3922 Concessioqua
774 3861 823 3907 est,
841 3861 958 3898 vocmut
975 3850 1007 3897 ad
1027 3863 1166 3914 pretorem.
1190 3850 1281 3899 Confer

180 3956 186 3991 .·
224 3941 341 4005 pungitur
351 3940 456 4004 graviter
474 3938 596 3987 Metellus.
618 3940 680 3985 Mox
690 3952 729 3984 ara
773 3932 906 3978 Excursum
922 3928 952 3975 de
966 3939 1069 3991 pretore
1088 3929 1235 3993 provinciali
1250 3933 1282 3978 ed

216 4020 404 4082 'gumentatione
425 4019 531 4066 diluetur
542 4031 613 4065 cause
626 4032 698 4078 quam
711 4015 731 4060 is
775 4011 834 4058 calc.
842 4011 913 4056 Verr.
925 4007 1025 4055 secund.

225 4099 323 4154 attulit,
341 4115 385 4146 cnr
405 4097 525 4159 judicium
546 4112 597 4145 non
618 4095 686 4143 daret
705 4094 732 4140 in
812 4106 835 4136 a.
849 4091 885 4136 Ita
898 4088 1031 4139 Graeviuse
1050 4090 1099 4136 suis
1114 4091 1189 4147 MSS,
1205 4100 1231 4137 et
1242 4088 1285 4136 fir-

226 4179 412 4239 Apronium-
428 4175 577 4223 Necessario.
593 4175 712 4235 Cognato.
776 4181 842 4216 mant
854 4169 922 4231 regii.
936 4169 1011 4233 vulg.
1024 4169 1154 4233 perorabo.
1163 4169 1187 4216 J.
1198 4170 1229 4216 V.
1242 4171 1267 4215 L.

1133 4256 1165 4323 8.
