3116 4774
372 434 566 505 ORATIO
590 432 690 499 PRO
716 431 757 498 A.
783 428 999 513 CAECINA.
1146 424 1210 495 511

157 571 426 657 procuratores,
449 558 512 652 qui
534 553 670 651 negotii
692 555 807 622 nostri
830 546 967 646 aliquid
990 560 1131 645 gerant3
1156 545 1218 618 sed

156 670 195 737 in
214 667 282 738 hac
301 663 377 750 re³,
396 666 540 763 cognita
559 661 736 735 sententia
758 659 957 745 interdicti,
979 654 1088 728 verba
1108 655 1220 728 subti-

159 776 242 848 liter
265 777 404 874 exquiri
429 777 549 845 omnia
574 772 780 843 noluerunt.
804 773 888 840 Non
910 771 1006 839 enim
1028 766 1095 838 alia
1112 789 1218 837 causa

54 894 61 915 '
158 901 212 959 est
232 887 407 984 equitetis
429 887 468 956 in
492 908 566 954 uno
589 905 711 970 servo,
732 894 768 953 et
788 880 826 951 in
847 877 1037 978 pluribus:
1058 902 1133 948 non
1153 878 1221 948 alia

158 999 250 1068 ratio
272 996 363 1091 juris
385 998 423 1065 in
449 993 520 1064 hoc
545 1016 675 1091 genere
699 989 890 1077 duntaxat,
913 1002 1037 1058 utrum
1058 1009 1117 1056 me
1137 999 1222 1056 tuus

159 1121 371 1203 procurator
389 1103 559 1200 dejecerit
579 1104 627 1189 is,
647 1100 711 1198 qui
730 1099 887 1197 legitime
907 1111 1120 1197 procurator
1133 1092 1220 1166 dici·

159 1230 219 1286 tur
231 1219 395 1285 omnium
409 1234 531 1284 rerum
544 1211 622 1306 ejus
629 1213 657 1297 ⁴,
670 1209 735 1307 qui
746 1210 783 1279 in
795 1208 895 1279 ltalia
906 1231 982 1277 uon
994 1206 1040 1276 sit
1050 1201 1076 1292 ⁵,
1087 1203 1221 1275 absitve

158 1323 365 1421 reipublicae
384 1344 511 1406 causa,
535 1320 638 1416 quasi
660 1318 806 1416 quidum
828 1338 930 1416 paene
946 1314 1134 1398 dominus,
1151 1312 1222 1384 hoc

160 1447 233 1520 est,
246 1431 353 1502 alieni
365 1429 456 1523 juris
469 1429 639 1515 vicarius3
655 1452 700 1498 an
714 1440 798 1498 tuus
812 1427 982 1512 colonus,
995 1436 1057 1495 aut
1067 1426 1222 1509 vicinus,

160 1555 224 1610 aut
247 1540 378 1624 eliens,
405 1554 467 1608 aut
493 1535 667 1622 libertus,
692 1549 755 1605 aut
778 1537 914 1632 quivis,
938 1534 1002 1632 qui
1026 1534 1123 1604 illam
1145 1536 1218 1603 vim

162 1647 474 1742 dejectionemque
483 1642 513 1731 ⁶,
542 1657 607 1714 tuo
634 1656 782 1739 rogatu,
811 1657 873 1713 aut
898 1656 962 1713 tuo
983 1640 1224 1730 nomine,le-

163 1757 260 1829 cerit.
278 1758 415 1846 Quare,
430 1755 459 1825 si
473 1754 518 1824 ad
532 1774 615 1824 enm
629 1752 915 1836 restituendum,
933 1753 997 1849 qui
1010 1753 1046 1822 vi
1063 1753 1223 1848 dejectus

159 1879 235 1951 est,
253 1864 416 1935 eamdem
433 1864 505 1932 vim
526 1861 636 1934 habet
653 1861 829 1959 equitatis
846 1863 956 1946 ratim
972 1887 1013 1933 ea
1027 1862 1225 1951 intellecta,

163 1989 260 2046 certe
277 1973 368 2044 nihil
385 1973 428 2044 od
448 1996 524 2043 rem
541 1973 714 2070 pertinet,
727 1996 808 2068 quae
820 1972 1013 2043 verborum
1033 1972 1086 2041 vis
1106 1972 1168 2057 sit,
1184 1996 1224 2042 ac

83 2080 84 2083 '
163 2083 365 2153 nominum.
391 2085 477 2152 Tam
504 2085 693 2169 restitues,
712 2082 742 2149 si
762 2094 847 2151 tuus
870 2104 929 2149 me
956 2079 1108 2151 libertus
1126 2079 1224 2175 deje-

163 2193 273 2280 cerit,
297 2191 387 2262 nulli
406 2205 471 2261 tuo
489 2190 705 2288 pitepositus
724 2190 890 2287 negotio,
911 2212 1021 2286 quam
1043 2189 1072 2259 si
1091 2214 1224 2287 procu-

163 2316 263 2373 rator
290 2299 578 2395 dejecerit3⁴nou
604 2323 680 2396 quo
706 2321 831 2369 omnes
861 2300 932 2370 sint
954 2314 1225 2397 procuratores,

164 2413 226 2509 qui
245 2408 381 2507 aliquid
399 2409 512 2480 nostri
528 2410 666 2506 negotii
683 2422 831 2507 gerunt,
847 2407 908 2480 sed
930 2407 1031 2505 quod
1047 2409 1084 2479 in
1104 2408 1172 2479 hac
1187 2434 1228 2480 re

164 2523 276 2619 queri
301 2519 394 2589 nihil
416 2521 553 2589 attinet.
575 2522 661 2589 Tam
677 2520 864 2604 restitues,
882 2520 911 2590 si
929 2542 1027 2589 unus
1044 2518 1229 2606 servulus,

164 2652 274 2729 quam
303 2632 332 2700 si
361 2625 495 2700 familia
521 2627 692 2724 dejecerit
719 2631 907 2700 universa:
934 2653 1009 2700 non
1037 2648 1112 2725 quo
1132 2628 1227 2702 idem

58 2936 60 2939 Υ
166 2871 434 2933 ᾶιιιιαᾶωἰηίοωῑςοῑ
450 2888 514 2937 steps
530 2889 577 2938 pro
596 2889 672 2939 nego·
714 2887 860 2940 procurator
872 2884 916 2923 est.
932 2874 1050 2938 Reliquos
1060 2875 1228 2926 mandatarius

165 2955 255 3003 tiorum
268 2963 362 3015 gestore
375 2951 500 3015 accipitur.
716 2970 767 3002 esse
788 2955 849 3004 vult.
873 2957 993 3002 Horrore.
1023 2981 1056 2990 -
1080 2956 1226 3004 Procurator

203 3032 228 3080 3.
237 3028 348 3079 Lsmlrin.
359 3028 428 3078 stldit
439 3030 507 3094 quia.
517 3028 582 3079 Π.
592 3031 619 3078 t.
717 3035 831 3087 Ciceroni
843 3032 934 3080 dicitur
946 3031 1052 3097 legitime
1066 3049 1117 3082 osse
1135 3035 1178 3097 qui
1189 3051 1229 3082 nc.

203 3119 229 3166 4.
243 3109 292 3175 Qui
304 3108 407 3175 legitime
424 3116 571 3174 procurator
587 3108 675 3157 dres'tnr
717 3113 778 3179 gotii
792 3111 884 3177 aliquid
897 3113 973 3176 gerit,
990 3112 1070 3160 alieno
1081 3114 1230 3178 prepositus

166 3190 273 3238 omnium
290 3204 370 3236 rersuu
389 3187 450 3252 ejus.
465 3186 520 3236 noe
538 3198 589 3246 est,
607 3187 675 3251 quod
719 3191 833 3254 negotio,
862 3208 932 3257 paeno
955 3191 1086 3253 (lominus,
1114 3203 1139 3239 et
1156 3192 1229 3240 alieni

166 3264 563 3331 senlsttmpisnnstnt.1,n.de
576 3282 675 3331 procur.
717 3268 779 3329 Jnrls
803 3269 925 3328 vicarius,
950 3271 1083 3335 praesertim
1106 3268 1229 3318 bonorum

62 3370 65 3375 ·
166 3346 314 3412 «Quosdsm
336 3362 388 3394 non
411 3356 516 3412 potare,
544 3346 617 3393 nnius
640 3344 676 3391 rei
719 3347 800 3409 illios,
827 3352 871 3414 qui
892 3351 953 3416 reip.
973 3366 1043 3399 osusa
1061 3349 1139 3399 sbsst.
1157 3349 1230 3398 Conl.
1306 3366 1311 3377 ’

115 3480 126 3495 ‚
166 3428 304 3477 mandatum
313 3424 483 3491 suscipientem
492 3435 677 3488 procuratorem
720 3426 832 3494 inl.csp.
845 3430 887 3479 56.

166 3524 235 3556 em:
250 3507 323 3555 sicuti
334 3521 379 3553 nee
395 3506 416 3552 is
435 3502 549 3569 quidem,
568 3503 676 3567 quirem
757 3504 780 3555 5.
794 3503 855 3570 Ejus
869 3507 950 3574 quiin
965 3508 1042 3557 Italia
1054 3505 1153 3555 nonsit.
1166 3507 1229 3555 Nam

165 3586 344 3652 perferendam,
358 3583 551 3649 selcpistolsm,
565 3584 676 3632 velnun·
719 3584 762 3649 qni
779 3589 903 3649 praesentis
921 3588 1047 3652 negotium
1067 3582 1231 3648 suscipiebat,

166 3667 226 3714 tium
248 3663 418 3731 perferendum
439 3664 557 3727 suscepit,
578 3664 675 3728 proprie
719 3662 831 3728 cognitor
848 3665 989 3723 dicebaut,
1011 3675 1035 3711 et
1052 3662 1087 3711 its
1107 3663 1235 3726 scripsisse

166 3755 311 3808 procurator
323 3742 473 3808 appelletur:
485 3740 528 3789 scd
541 3743 621 3790 verius
631 3752 676 3799 est,
718 3740 864 3792 arbitremur
875 3746 1018 3794 Aesonium.
1031 3744 1107 3790 lusis.

166 3823 264 3886 inquit,
286 3837 342 3870 eom
367 3835 465 3886 qnoque
492 3831 675 3884 procuratorem
754 3822 780 3870 6.
801 3821 1011 3887 Dejectionemqus
1021 3851 1067 3869 .....
1073 3816 1232 3883 fascium

168 3916 233 3957 esse,
255 3901 297 3965 qni
319 3900 351 3948 sd
369 3914 443 3949 unsrn
464 3915 515 3947 rem
529 3897 600 3947 dutus
614 3900 674 3949 sit».
720 3897 842 3962 dejecerit.
864 3902 904 3949 Sic
923 3898 1067 3965 emptionem
1076 3895 1166 3963 facere
1182 3915 1229 3963 pro

168 3978 254 4027 Cioero
264 3978 338 4042 igitur
345 3974 510 4041 proertrotoris
523 3993 612 4026 nomen
621 3964 676 4043 pso
719 3995 812 4039 emese,
825 3992 850 4028 et
859 3978 1052 4046 gratulationem
1064 3976 1096 4025 sd
1110 3980 1162 4027 Au.
1178 3979 1213 4025 [V
1221 3994 1228 4036 ;

168 4057 220 4120 prie
239 4054 270 4104 sd
287 4070 349 4105 ,eum
368 4056 503 4120 restringit,
520 4056 563 4120 qui
585 4056 623 4105 vel
644 4057 676 4106 sd
721 4056 817 4108 «locere
829 4061 987 4109 mutationem
999 4058 1100 4107 vestris·
1111 4067 1171 4107 oret.
1184 4073 1232 4124 pro

168 4134 238 4194 lites,
264 4133 304 4182 sel
326 4134 493 4184 unimsomm
523 4134 676 4200 negotiorum
721 4132 928 4188 sexsioltmu.
