3016 4774
376 407 569 479 ORATIO
592 408 693 476 PRO
722 407 762 474 A.
791 405 1001 477 CAECINA.
1082 458 1088 473 .
1152 400 1216 488 541

154 546 389 629 ratumatque
402 528 548 600 firmum
561 525 1225 624 futurum?Perspicishoenihitesse⁵‚

156 658 198 713 ut
227 645 263 712 in
291 644 436 725 ceteris,
459 662 541 736 quae
566 637 723 709 interm.
744 639 904 707 Primum
928 636 1017 707 illud
1040 639 1227 739 concedis,

157 777 253 837 non,
266 746 444 848 quidquid
452 746 612 845 populus
625 748 790 842 jusserit,
804 761 923 816 ratum
937 770 1013 817 esse
1031 764 1200 845 oportere
1216 776 1225 819 ε

158 860 293 933 deinde
314 858 406 930 nihil
421 854 591 929 rationis⁶
609 856 738 943 affers,
760 856 1016 954 quamobrem,
1034 860 1062 928 si
1084 858 1228 933 libertas

158 971 266 1043 adimi
276 971 378 1042 nullo
391 968 502 1040 modo
514 971 649 1066 possit,
660 970 783 1039 civitas
797 967 922 1064 possit.
942 969 1033 1037 Nam
1050 983 1086 1039 et
1100 968 1228 1041 eodem

159 1082 272 1153 modo
283 1081 329 1152 de
343 1095 499 1176 utraque
511 1103 551 1151 re
567 1077 740 1149 traditum
754 1075 860 1147 nobis
876 1092 945 1165 est,
955 1090 1008 1163 et,
1021 1078 1050 1148 si
1062 1080 1172 1150 semel
1182 1082 1231 1151 ci·

157 1195 247 1265 vites
263 1191 373 1263 adimi
389 1204 524 1288 potest,
551 1189 697 1261 retineri
716 1187 862 1258 libertas
884 1199 982 1258 non⁷
1005 1203 1134 1285 potest.
1158 1191 1233 1280 Qui

159 1307 256 1376 enim
268 1317 388 1401 potest
392 1301 474 1394 jure
484 1293 800 1390 Quiritiumssliber
812 1283 889 1369 eise
897 1299 927 1369 is
935 1353 945 1384 ,
953 1301 1017 1396 qui
1026 1303 1065 1369 in
1078 1325 1232 1372 numero

114 1456 118 1461 -
161 1415 360 1502 Quiritium
375 1409 551 1479 nonest?
571 1416 689 1505 Atque
715 1432 782 1505 ego
803 1407 897 1479 hanc
919 1407 1232 1481 adolescentulum

162 1545 323 1604 causam,
342 1542 458 1616 quum
473 1541 617 1613 agerem
627 1531 751 1588 contre
761 1518 946 1589 hominem
961 1518 1233 1593 disertissimum

161 1644 293 1702 nostrae
302 1624 1147 1723 civitatis,Cottam¹⁰,probaviQuumArretinae
1156 1655 1234 1702 mu·

163 1741 298 1812 lieris¹¹
335 1736 539 1809 libertatem
566 1733 817 1824 defenderem,
838 1750 875 1806 et
897 1739 1003 1807 Cotta
1023 1736 1234 1808 decemviris

164 1849 380 1948 religionem
422 1846 605 1942 injecisset
619 1855 668 1934 ¹²,
706 1869 783 1916 non
821 1867 929 1944 posse
972 1863 1235 1919 sacramentum

165 2078 205 2110 ne.
213 2061 254 2109 ste
263 2059 343 2108 Greci
351 2054 437 2126 trent.
444 2061 536 2108 Donat.
545 2058 678 2107 iuPhorm.
724 2057 810 2108 ritium
816 2057 881 2107 liber
891 2058 937 2118 eit,
950 2056 994 2106 ned
1007 2072 1036 2107 er
1046 2059 1102 2119 jure
1111 2069 1233 2109 nature».

165 2143 263 2189 Terent.
286 2139 340 2188 Cio.
358 2154 404 2202 pro
426 2139 542 2187 Milone:
568 2159 580 2183 ι
597 2139 679 2202 oper·
722 2139 799 2185 luen.
1285 2168 1303 2179 ,‚

167 2220 246 2277 detur,
259 2228 288 2266 ut
295 2218 387 2280 iudicia
398 2234 430 2265 ue
442 2215 504 2265 flent
512 2237 536 2266 ι.
758 2231 783 2278 9.
796 2216 851 2280 Ego
864 2213 929 2263 lianc
937 2214 1139 2264 adolescentulus,
1148 2217 1235 2280 Atpro

202 2300 227 2349 5.
238 2296 355 2363 Perspicir
366 2295 413 2344 Ιιοο
425 2295 489 2343 nihil
498 2310 563 2357 erre,
575 2304 622 2343 eto.
640 2296 679 2342 De
723 2295 828 2357 Quintio
839 2309 914 2358 quum
924 2293 998 2352 dixit,
1006 2304 1058 2341 erut
1071 2309 1115 2341 nex
1123 2305 1148 2343 et
1159 2296 1235 2359 vigim

166 2379 215 2426 hoo
231 2375 345 2425 mutilato
360 2372 417 2422 loeo
432 2373 549 2438 legendus
564 2382 601 2421 eet
618 2373 679 2420 Exe-
723 2376 743 2423 ti
754 2389 832 2422 annoe
844 2384 929 2433 natue,
942 2372 1024 2422 Gellio
1039 2382 1107 2421 teete.
1123 2376 1153 2421 In
1166 2376 1237 2425 Oret.

166 2459 254 2505 xxvt
267 2455 299 2503 ed
314 2453 405 2502 calcem
417 2453 490 2514 liujus
503 2452 629 2501 orationie.
723 2455 842 2516 «Quanto
861 2452 912 2501 illie
934 2452 1039 2501 elemore
1062 2451 1238 2503 adolescentuli

203 2534 229 2586 6.
238 2532 311 2582 Nihil
317 2529 424 2580 rationis
433 2529 520 2595 affin.
528 2534 640 2595 Appnret
649 2530 680 2578 de
723 2532 861 2589 diximum,
880 2530 911 2580 de
924 2532 1036 2580 oratione
1054 2548 1100 2595 pro
1114 2534 1173 2581 ilex.
1186 2535 1238 2582 lio·

169 2632 199 2663 eo
218 2613 330 2678 superius
346 2608 456 2657 tullium
476 2608 634 2675 diepumee:
656 2620 681 2658 et
723 2612 785 2660 eeio.
814 2613 850 2660 At
875 2622 947 2661 mtue
971 2622 1022 2661 ent
1047 2627 1126 2661 anuoe
1147 2613 1237 2679 viginti

168 2694 245 2741 melu
258 2691 360 2739 omniuo
374 2689 464 2736 deeue
724 2703 826 2757 reptem.
839 2693 914 2741 lou.
1214 2684 1218 2691 ’

207 2788 232 2831 7.
243 2768 350 2818 detineri
362 2766 461 2815 libertas
478 2781 527 2815 non
540 2776 631 2831 potest.
647 2768 682 2816 At
763 2783 803 2819 10.
815 2773 890 2820 Hom.
905 2770 951 2819 du.
971 2782 1060 2820 nostra
1074 2772 1118 2822 εἰν.
1135 2773 1237 2823 cotum.

170 2848 197 2897 in
209 2849 226 2898 l.
237 2849 282 2897 ult.
298 2845 413 2910 decepit.
426 2845 515 2894 minut.
525 2844 606 2894 medie
620 2845 681 2894 dici-
725 2851 793 2899 Dicit
810 2852 859 2900 «C.
879 2851 1010 2908 cotum»,
1029 2867 1103 2914 quem
1115 2853 1142 2898 in
1160 2854 1237 2901 Bruto

171 2940 211 2977 tut
224 2926 311 2991 repitit
323 2925 468 2983 diminutio,
481 2924 580 2988 quaudo
595 2924 682 2973 civim
727 2929 848 2989 dilaudat,
863 2940 889 2976 et
906 2945 938 2976 ex
956 2927 1071 2977 omnibue
1092 2931 1170 2977 utitis
1187 2947 1237 2980 oue

171 3005 591 3068 emittitur,retiueturquelibertee.
604 3005 682 3055 Peull.
726 3008 867 3058 oratoribus
889 3023 946 3055 oum
969 3011 997 3056 P.
1015 3008 1125 3072 Sulpicio
1147 3011 1237 3073 primae

171 3088 218 3137 JC.
238 3084 386 3149 Reepoudeo
405 3084 524 3132 libertefie
540 3099 632 3133 nomen
648 3086 683 3133 itu
727 3089 810 3136 tulino
828 3086 921 3134 scribit.
934 3089 1015 3134 Hori.
1032 3112 1069 3123 -
1087 3086 1189 3136 Cottam.
1208 3090 1239 3137 In

171 3165 320 3228 hierocipi‚
333 3164 515 3211 utritmuime
527 3163 683 3229 propriepo-
727 3168 804 3215 Bruto
827 3175 852 3213 et
873 3166 977 3214 Oratore
1000 3165 1164 3230 subagrestem
1186 3168 1239 3231 ejus

173 3247 234 3311 pulo
244 3260 308 3293 rom.
321 3244 426 3291 Peren.
728 3245 1132 3294 orationemiuieeedioitd‘neem.

210 3327 234 3374 8.
246 3321 297 3389 Qui
308 3320 370 3369 enim
381 3332 463 3386 potest
472 3320 532 3385 jure
546 3319 682 3384 Quiritium.
766 3323 939 3372 11.Arret1'1toe
948 3322 1064 3373 mulieris.
1079 3327 1116 3373 Ex
1128 3327 1241 3386 Arretio,

174 3405 231 3452 iloe
239 3405 280 3465 jue
293 3412 330 3449 eet
342 3400 470 3465 proprium
482 3400 571 3465 populi
581 3400 684 3450 romoni.¹
726 3403 823 3451 Tueeiae
841 3403 947 3467 oppido.
966 3404 1078 3453 „civius
1094 3414 1143 3463 eet,
1161 3405 1241 3467 inquit

174 3483 304 3533 Juetiuien.
322 3481 351 3527 iu
379 3479 487 3528 luetitut.
507 3480 559 3530 Tit.
578 3478 610 3526 de
629 3480 685 3540 jure
728 3481 1027 3541 Strrbmmediterrnnee,
1038 3483 1241 3537 montuoeielooie

174 3573 253 3611 netur.
264 3571 316 3609 etc.
327 3561 358 3606 Et
367 3558 449 3608 locum
461 3557 535 3607 lubet
545 3557 685 3606 meximeiu
728 3563 852 3628 proximu,
866 3561 943 3609 etudir
960 3563 1027 3610 mille
1044 3579 1073 3610 ur
1088 3561 1193 3609 ducenta
1210 3561 1241 3610 ab

176 3640 299 3698 dominiis,
307 3649 336 3688 ut
349 3639 369 3687 l.
384 3654 395 3685 1
408 3639 439 3687 de
449 3638 485 3686 rei
492 3637 685 3686 viiidie-Hune
730 3642 790 3690 urbe
820 3657 920 3690 romane
947 3641 1068 3690 disteden.
1099 3640 1243 3704 Municipiie

177 3737 223 3786 ego
234 3719 336 3768 nedum
350 3732 381 3765 ex
396 3719 450 3779 jure
460 3718 591 3781 Quiritium
606 3733 688 3765 meum
731 3720 869 3785 ademptum
887 3738 901 3770 o
923 3720 989 3769 suu
1007 3721 1102 3768 victore
1120 3720 1242 3769 civitatem

177 3816 229 3848 eree
251 3800 318 3847 uio».
339 3800 376 3847 Ex
393 3797 448 3858 jure
467 3796 601 3859 Quiritium
616 3796 688 3844 liberi
732 3800 825 3848 dietum
836 3800 968 3847 eetzinira.
981 3801 1065 3848 Horr.

178 3878 231 3926 lieri
248 3878 372 3936 solebant,
385 3877 429 3940 qui
450 3874 576 3937 vindicte,
597 3891 687 3933 renen,
771 3892 810 3926 ro.
823 3879 894 3926 cona
906 3876 1047 3926 decemviris
1057 3876 1101 3925 rel.
1115 3872 1243 3940 injecisset.

179 3970 325 4007 testamento
337 3955 578 4016 manumittebantur,
587 3955 688 4020 Ulpien.
733 3959 771 4006 Ex
780 3956 830 4004 hor
840 3955 898 4004 loeo
906 3967 930 4004 et
938 3956 986 4004 elio
995 3967 1112 4020 preterea
1121 3957 1243 4005 eimillimo

180 4039 239 4085 tim
250 4035 689 4097 lmutut.50neoelib.11tn.Qumt.
733 4038 760 4084 in
774 4036 883 4083 oudone
897 4052 944 4102 pro
956 4037 1038 4083 Domo
1059 4051 1102 4083 eur
1118 4036 1242 4096 conjectu-

180 4118 258 4164 ·lireo
269 4131 307 4164 ree
320 4114 408 4175 efficit,
420 4128 446 4166 ut
459 4131 511 4167 uon
523 4131 555 4165 ex
563 4116 618 4177 jure
630 4116 691 4177 Qui·
734 4132 784 4164 rem
802 4116 873 4181 cupio
891 4113 1033 4165 decemviros
1051 4116 1135 4163 Romu
1151 4126 1245 4164 ereetoe
