3186 4772
332 415 401 487 322
729 411 990 484 SYNOPSIS.

368 535 463 605 verit,
483 547 514 594 et
527 532 733 613 archipiratam
746 534 871 611 pecunia
882 545 1002 611 accepta
1015 530 1175 605 dimiserit,
1190 531 1288 591 asso.
1306 536 1401 594 Deni-

368 652 426 711 que
438 651 528 711 quum
544 632 725 691 Cleomenem
740 630 886 701 Siculum,
901 642 933 688 ut
948 628 1067 707 liberius
1081 627 1144 706 ejus
1156 648 1250 688 uxore
1261 630 1320 691 srui
1332 650 1400 710 pos·

368 744 428 804 set,
450 728 533 789 classi
553 728 745 808 praefecisset,
762 740 793 785 et
809 726 969 806 piratarum
981 746 1069 785 naves
1082 746 1177 805 prope
1192 741 1304 801 essent,
1318 729 1399 807 turpi

367 826 527 887 Cleomenis
543 826 611 903 fuga
630 825 738 884 factum
753 843 831 895 esse,
855 836 887 880 ut
902 824 1000 882 classis
1022 843 1039 881 a
1058 822 1248 902 praedonibus
1264 825 1399 885 incende·

365 937 456 993 retur,
469 942 577 1000 eosque
590 921 664 980 duce
672 923 851 981 Heracleone
865 921 1041 1000 archipirata
1054 933 1172 1000 portum
1190 940 1397 999 syracusanum

364 1023 495 1081 intrasse.
505 1026 642 1092 Verrem,
653 1019 715 1097 ejus
726 1018 816 1078 cladis
830 1018 916 1097 culpa
929 1018 960 1077 in
971 1018 1133 1078 navarchos
1147 1019 1317 1079 innoeentes
1330 1041 1397 1079 con·

362 1118 456 1197 jecta,
471 1137 520 1176 eos
536 1116 712 1195 proditionis
722 1135 788 1174 reos
801 1115 865 1174 fieri
873 1114 969 1193 jussos
981 1115 1013 1172 in
1026 1114 1142 1175 vincula
1155 1115 1323 1195 conjecisse,
1338 1121 1397 1176 lle·

362 1202 483 1275 raclium
496 1212 592 1272 autern
604 1212 714 1273 crudeli
728 1214 872 1292 supplicio
886 1213 1034 1284 affecisse,
1049 1214 1150 1273 32-52.

402 1310 501 1371 Tertia
515 1330 584 1388 pars
606 1309 748 1369 orationis
768 1323 901 1369 versatur
923 1312 954 1370 in
976 1311 1144 1390 suppliciis,
1165 1309 1271 1387 quibus
1288 1313 1394 1368 Verres

361 1408 439 1467 cives
453 1426 590 1466 romanos
603 1407 758 1480 affecerat3
774 1406 826 1467 ubi
840 1421 947 1487 preter
961 1408 1035 1467 alios
1044 1427 1119 1486 quos
1131 1407 1223 1486 virgis
1234 1406 1392 1477 ceciderat,

328 1542 330 1547 ·
359 1504 449 1563 velia
463 1504 617 1562 lautumias
626 1502 801 1582 conjecerat,
808 1505 858 1563 «vel
871 1505 902 1564 in
915 1524 1033 1564 carcere
1043 1504 1240 1576 interiecerat,
1248 1503 1394 1582 praecipue

363 1613 608 1659 commemoratur
631 1612 661 1659 et
675 1602 839 1680 exagitatur
860 1602 992 1661 immanis
1009 1620 1079 1677 erga
1100 1600 1225 1660 Gavium
1249 1605 1392 1660 Cosanum

363 1695 538 1774 municipem
552 1696 726 1769 crudelitas,
747 1717 835 1776 quem
849 1698 979 1776 quantus
996 1717 1028 1757 se
1049 1697 1142 1756 civem
1160 1716 1312 1755 romanum
1332 1716 1394 1756 esse

328 1834 331 1839 >
360 1793 513 1864 clamaret,
529 1793 610 1852 cruci
624 1794 735 1868 affixit,
752 1793 860 1867 53-67.

400 1895 437 1949 ln
451 1893 637 1952 conclusione
651 1906 753 1959 orator
768 1893 883 1972 judices
896 1893 935 1951 ad
948 1895 1129 1954 severitatem
1146 1895 1291 1967 hortatur,
1312 1899 1393 1954 llor-

362 1989 486 2048 tensium
508 2002 619 2061 monet,
644 2001 678 2048 ut
702 1990 802 2047 videat
824 2002 854 2048 et
879 1989 1060 2064 consideret,
1088 2011 1149 2070 quo
1170 1990 1390 2070 progrediatur,

288 2126 291 2133 -
359 2104 446 2164 quem
457 2085 606 2147 hominem
617 2097 646 2144 et
658 2106 717 2165 qua
729 2087 862 2147 oratione
874 2086 1026 2160 defendat,
1042 2088 1227 2166 minaturque
1241 2088 1265 2147 si
1281 2100 1393 2167 praeter

363 2184 532 2262 opinionem
545 2203 613 2244 reus
628 2203 665 2242 ex
684 2184 742 2242 hoc
758 2183 871 2262 judicio
893 2184 1008 2263 elapsus
1028 2186 1078 2256 sit,
1099 2204 1130 2243 se
1150 2203 1209 2242 non
1229 2184 1317 2243 modo
1340 2204 1392 2244 eos

361 2294 622 2359 persequuturum,
639 2280 677 2338 ad
699 2300 774 2356 quos
797 2280 921 2338 maxime
941 2282 1029 2358 culpa
1048 2279 1255 2358 corrumpendi
1272 2281 1390 2358 judicii,

365 2374 417 2434 sed
432 2377 519 2434 etiam
533 2377 600 2434 illos
612 2375 650 2433 ad
666 2394 740 2452 quos
755 2376 937 2435 conscientiae
953 2378 1088 2455 contagio
1103 2378 1262 2456 pertineat,
1280 2379 1387 2452 68-71.

362 2470 496 2547 Denique
510 2470 582 2528 deos
593 2468 720 2545 deasque
731 2488 840 2542 omnes,
851 2490 977 2548 quorum
994 2474 1101 2552 templa
1113 2485 1143 2532 et
1156 2473 1309 2553 religiones
1317 2479 1389 2533 Ver-

360 2583 408 2622 res
423 2563 589 2637 violaverit,
599 2564 737 2643 implorat
749 2577 779 2623 et
795 2565 968 2640 obtestatur,
981 2581 1015 2626 ut
1023 2575 1145 2629 Verrem
1159 2568 1262 2648 dignus
1275 2569 1389 2628 inandi-

360 2661 398 2722 tis
407 2672 437 2721 et
447 2660 641 2739 singularibus
651 2661 830 2724 facinoribus
837 2664 931 2725 onitin
941 2666 999 2726 hoc
1006 2666 1119 2745 judicio
1128 2679 1329 2746 consequatur,
1339 2685 1388 2739 72.
