3186 4772
391 378 446 448 ut
469 375 688 448 vanuum
712 375 822 446 aur.
848 376 902 463 u,
926 378 1022 446 cra.
1038 379 1105 447 iv.
1206 376 1270 449 301

186 546 189 555 ·
218 506 348 588 tinam,
370 506 519 598 propter
543 497 745 596 praedarum
768 522 812 569 ac
832 495 1012 568 furtorum
1034 500 1197 570 omnium
1220 526 1278 572 so·

219 615 400 699 cietatem3
421 607 527 679 simul
545 623 582 679 et
600 606 761 695 verebar,
776 633 823 679 ne
841 607 1033 679 mulierum
1048 609 1224 685 nobilium
1241 626 1279 683 et

219 722 458 793 formosamm
480 722 612 816 gratia,
638 742 792 815 quarum
817 719 885 788 iste
914 718 1060 789 arbitrio
1087 734 1279 816 praeturam

220 856 286 930 per
303 830 498 903 'triennium
514 841 693 926 gesserat,
709 827 963 924 virorumque,
978 827 1195 925 quibuscum
1213 830 1282 901 illae

222 955 343 1039 nuptae
358 953 479 1025 erant,
501 938 612 1008 nimia
631 940 669 1007 in
689 938 799 1009 istum
819 961 896 1008 non
910 935 1022 1008 modo
1036 936 1285 1028 lentitudiue³,

221 1050 284 1122 sed
306 1051 412 1122 etiam
439 1047 651 1121 liberalitate
672 1071 919 1147 oppugnarer,
940 1049 970 1119 si
992 1048 1080 1144 quid
1106 1073 1150 1120 ex
1173 1049 1284 1121 literis

220 1164 525 1258 Syracusanorum
547 1158 811 1255 conquirerem.
995 1254 999 1259 ν

219 1338 226 1353 ,
266 1275 394 1366 Itaque
406 1268 588 1365 Syracusis
600 1291 683 1338 curn
697 1266 835 1339 civibus
849 1267 1007 1337 romanis
1020 1288 1134 1355 eram;
1155 1292 1282 1339 eorum

221 1377 361 1450 tabulas
391 1376 645 1474 exquirebam,
679 1377 827 1471 injurias
860 1375 1131 1474 cognoscebam.
1161 1381 1284 1469 Quum

223 1488 357 1560 diutius
375 1489 414 1557 iu
431 1486 579 1583 negotio
594 1509 753 1581 curaque
774 1484 929 1573 fueram,
951 1501 993 1556 ut
1006 1487 1285 1583 requiescerem,

222 1620 420 1691 curamque
433 1596 543 1664 animi
555 1595 795 1681 remitterem,
809 1593 852 1664 ad
867 1596 1062 1692 Carpinatii
1072 1599 1087 1647 ⁴
1096 1596 1284 1693 praeclaras

218 1703 358 1776 tabulas
375 1699 597 1788 revertebar,
615 1701 679 1772 ubi
693 1727 775 1774 cum
791 1701 973 1799 equitibus
986 1709 1143 1777 romanis
1156 1730 1203 1776 ex
1216 1706 1280 1777 iilo

163 1858 167 1865 ·
220 1827 405 1886 conventu
425 1811 703 1899 honestissimis,
727 1812 808 1882 illos
832 1816 1044 1901 VerrutioS,
1074 1814 1119 1887 de
1145 1815 1281 1913 quibus

218 1941 301 1997 ante
315 1925 405 2013 dixi,
417 1918 674 2021 explicabam⁵z
683 1947 704 1993 a
713 1927 941 2019 Syracusanis
951 1948 1099 2023 prorsus
1114 1925 1204 1995 nihil
1218 1925 1280 1997 ad·

214 2035 371 2130 jumenti
384 2057 504 2129 neque
518 2031 682 2130 publice,
695 2057 815 2130 neque
827 2036 992 2131 privatim
1007 2034 1259 2132 exspectabam
1271 2061 1282 2122 ;

218 2168 339 2243 neque
361 2145 495 2213 eratin
519 2147 640 2212 animo
664 2139 859 2238 postulare.
879 2144 1004 2232 Quum
1026 2143 1103 2213 haec
1123 2168 1287 2240 agerem,

67 2326 76 2335 ,
98 2304 102 2350 1
160 2298 165 2305 ·
217 2267 369 2353 repente
389 2252 435 2323 ad
452 2275 511 2322 me
526 2252 626 2321 venit
641 2250 824 2321 Heraclius
842 2255 891 2338 is,
911 2252 976 2347 qui
996 2266 1075 2323 tum
1098 2255 1284 2350 magistra·

98 2364 102 2373 '
220 2380 299 2435 tum
321 2363 502 2459 Syracusis
527 2359 702 2447 habebat,
725 2359 837 2431 homo
859 2360 1016 2449 nobilis,
1039 2363 1104 2458 qui
1122 2364 1286 2436 sacerdos

220 2474 315 2544 Joris
329 2471 472 2559 fuisset3
484 2474 555 2569 qui
577 2470 696 2542 honos
709 2469 806 2567 apud
820 2474 1060 2567 Syracusanos
1074 2487 1128 2544 est
1142 2473 1284 2570 amplis·

221 2584 340 2653 simus.
353 2583 434 2678 Agit
444 2603 606 2666 mecum,
620 2593 656 2650 et
671 2603 753 2650 eum
767 2584 807 2651 L.
822 2577 931 2653 fratre
944 2607 1046 2670 meo,
1059 2596 1118 2671 ut,
1133 2584 1163 2654 si
1176 2583 1285 2657 nobis
1327 2656 1330 2661 a

137 2683 147 2693 “
221 2691 402 2763 videretur
412 2689 441 2779 ⁶,
461 2688 639 2762 adiremus
661 2687 706 2760 ad
727 2713 852 2760 eorum
876 2705 1058 2779 senatum3
1077 2690 1286 2789 frequentes

223 2824 299 2871 esse
311 2803 350 2870 in
363 2804 462 2872 curia
474 2826 484 2889 ;
498 2826 535 2872 se
546 2801 650 2896 jussu
670 2813 816 2871 senatus
837 2824 858 2870 a
877 2798 985 2870 nobis
1002 2812 1147 2895 petere,
1166 2815 1208 2870 ut
1224 2826 1289 2874 re·

224 2911 397 2980 niremus.
417 2911 534 2981 Primo
557 2909 665 2982 uobis
688 2908 758 2980 fuit
776 2907 947 2997 dubium,
969 2906 1057 3005 quid
1075 2933 1286 3008 ageremus:

223 3096 273 3144 qna
285 3090 337 3129 erat
347 3079 518 3144 Syracusarum
527 3094 584 3144 gena
593 3077 681 3140 omnia,
691 3095 734 3128 ne-
776 3078 869 3138 buirse‚
881 3088 909 3126 ut
923 3095 972 3126 rem
981 3089 1085 3143 tegeret,
1096 3070 1181 3128 Verria
1192 3082 1289 3132 nomini

225 3158 284 3208 dum
296 3157 368 3206 furris
380 3158 480 3206 favent.
579 3195 582 3201 .
778 3157 878 3205 altarum
886 3156 1025 3215 subernun,
1034 3167 1058 3205 et
1068 3160 1209 3208 terrarium
1218 3161 1288 3213 libris

261 3240 286 3287 3.
299 3236 460 3287 Lentimdr'ne.
473 3235 548 3285 Multi
559 3246 629 3284 antee
646 3234 734 3283 lenien-
776 3236 906 3302 inscripsit.
921 3237 996 3301 Quod
1003 3253 1094 3285 nomen
1106 3238 1131 3287 in
1145 3240 1239 3290 tabula
1253 3260 1291 3292 re·

118 3332 122 3339 ·
226 3316 324 3374 tudine,
337 3316 380 3365 sed
393 3316 473 3364 multo
489 3315 575 3362 malim
596 3313 733 3362 restitutum
776 3313 852 3363 latum
862 3315 1013 3364 nullomodo
1022 3316 1109 3365 Cicero
1118 3317 1229 3370 invenire
1237 3338 1285 3388 po·

225 3394 420 3451 lentitudmerir
439 3395 504 3443 enim
525 3393 605 3442 lentur
618 3401 668 3451 rst,
692 3393 735 3456 qui
778 3394 876 3442 tuitcui
889 3396 1153 3461 pertineret‚etprtuit
1161 3399 1226 3448 fraus
1235 3417 1288 3448 om·
1339 3400 1344 3407 '

224 3489 277 3522 non
299 3472 423 3522 toleranda
438 3488 509 3537 cequo
532 3472 580 3521 fert'
593 3470 684 3520 auimo.
699 3496 735 3506 —
779 3473 831 3531 nir3
846 3490 922 3538 quum
932 3474 1066 3539 prasertim
1077 3473 1155 3523 literae
1167 3476 1237 3525 litura
1247 3480 1290 3526 im·

226 3553 389 3602 liberalitate.
397 3551 510 3602 Studium
519 3561 555 3600 est
562 3550 603 3599 hio
614 3564 737 3614 aucupan-
779 3567 863 3599 mersae
873 3562 898 3599 et
912 3551 1006 3599 obrutae
1018 3563 1110 3610 essent,
1124 3564 1152 3600 ut
1161 3554 1243 3604 videre
1251 3568 1289 3606 eat

228 3632 265 3680 dre
280 3634 361 3680 Verris
378 3631 468 3695 gratiae.
779 3629 845 3679 libro
859 3631 1060 3693 Aerumtionirll
1069 3630 1101 3679 ad
1114 3647 1167 3695 cap.
1182 3634 1224 3695 59.

264 3719 287 3768 a.
301 3709 444 3775 Carpinatii.
459 3712 482 3757 Is
497 3719 548 3757 erat
561 3708 602 3757 cui
611 3707 737 3757 rolrebau·
816 3710 842 3758 5.
861 3710 1033 3774 Explirabam.
1051 3711 1085 3757 Η.
1095 3726 1116 3757 e.
1129 3711 1290 3776 excudetur,

229 3801 269 3839 tur
281 3800 353 3845 eertae
361 3789 473 3853 pecuniae
486 3797 635 3846 mmmae,ut
640 3786 737 3851 pascuis
781 3786 936 3852 fraudemque
946 3782 1126 3855 deprehendere
1139 3789 1253 3841 conabar.

229 3867 368 3931 reipublicae
377 3867 464 3916 SicuIIa
475 3868 511 3915 uti
519 3867 610 3915 liceret.
617 3869 650 3914 At
658 3883 735 3931 quum
816 3867 842 3915 6.
854 3865 881 3913 si
893 3865 961 3913 nobis
972 3865 1106 3912 rideretur.
1117 3866 1200 3916 Comis
1208 3881 1233 3918 et
1246 3871 1290 3920 be-

229 3945 287 3995 inde
310 3947 399 3996 iudam
417 3964 473 3995 cum
495 3959 598 4013 praetore
614 3946 735 3994 latrocinii
780 3946 853 4010 nigna
867 3942 986 3991 invitandi
1000 3942 1127 4002 ratio,ut,
1141 3960 1288 4009 quumcon-

231 4026 369 4075 societatem
379 4028 483 4086 iniisset,
498 4044 542 4075 nec
556 4025 635 4073 videri
648 4025 736 4085 vellet,
780 4024 820 4073 cio
839 4023 1020 4080 dimitteretur,
1041 4021 1138 4070 aiebant
1153 4038 1160 4072 :
1177 4028 1203 4075 Si
1218 4030 1288 4079 vobi„

232 4112 325 4153 tantum
337 4104 395 4153 cum
404 4122 434 4155 eo
444 4107 614 4155 commercium
627 4105 688 4154 furti
694 4105 737 4153 hn-
780 4102 890 4161 videtur,
905 4101 1033 4159 discedite,
1044 4101 1157 4163 Quirites.
