3186 4772
417 337 472 408 nt
494 335 710 405 venenu
729 334 835 404 scr.
856 307 917 417 11,
941 334 1036 402 mn.
1061 333 1129 404 tv.
1229 356 1300 428 279

243 470 313 528 stat
334 480 378 528 ex
398 457 653 554 antiquissimis
674 459 883 526 Graecorum
908 453 1017 524 literis
1038 467 1148 550 atque
1170 476 1300 524 monu-

243 566 394 654 mentis,
407 564 561 636 insulam
575 564 752 635 Siciliam²
767 577 879 634 totam
894 586 971 633 esse
983 565 1105 635 Cereri
1116 578 1153 634 et
1164 562 1301 636 Liberae

243 688 497 745 consecratam.
505 679 583 744 Hoc
599 697 714 770 quum
731 686 989 769 ceteraegentes
1005 672 1055 743 sic
1070 669 1302 759 arbitrantur,

242 795 320 853 tum
337 784 423 881 ipsis
437 783 563 855 Siculis
578 798 649 854 tam
666 806 875 881 persuasum
892 795 964 869 est,
983 795 1022 852 ut
1035 781 1161 851 animis
1176 806 1302 852 eornm

242 891 390 962 insitum
416 906 525 989 atque
551 893 717 963 innatum
741 916 818 964 esse
838 889 1011 963 videatur.
1035 895 1126 963 Nam
1148 904 1184 963 et
1203 905 1302 962 natas

242 1024 319 1072 esse
339 1001 403 1073 has
422 1004 460 1072 in
478 1001 535 1074 his
552 1000 641 1075 locis
658 1001 761 1089 deas,
783 1016 819 1074 et
836 998 960 1098 ,fruges
986 1001 1023 1070 in
1049 1023 1091 1070 ea
1113 1014 1209 1070 terra
1228 1001 1299 1095 pri·

240 1134 342 1181 mum
358 1127 518 1208 repertas
538 1110 769 1192 arbitrantur,
787 1126 824 1185 et
841 1125 980 1208 raptam
998 1108 1100 1181 esse³
1115 1108 1301 1198 Liberam,

241 1245 351 1316 quam
378 1221 539 1297 eamdem
565 1224 813 1321 Proserpinam
837 1236 988 1309 vocant,
1015 1245 1060 1292 ex
1079 1222 1300 1293 Ennensiutn

241 1355 412 1419 nemore3
436 1335 500 1428 qui
528 1332 649 1420 locus,
672 1330 772 1428 qnod
789 1334 828 1402 in
849 1329 1041 1402 mediaest
1062 1329 1176 1399 insula
1195 1331 1302 1415 situs,

241 1438 435 1520 umbilicus
452 1440 577 1512 Siciliae
590 1441 818 1511 nominatur:
834 1462 942 1536 quam
960 1462 1074 1536 quum
1091 1438 1302 1534 investigare

241 1562 279 1623 et
294 1551 510 1645 conquirere
528 1553 636 1621 Ceres
651 1549 776 1637 vellet,
795 1549 928 1620 dicitur
941 1547 1178 1620 inflammasse
1195 1546 1303 1619 toedas

240 1659 284 1731 iis
307 1660 472 1757 ignibus,
498 1662 630 1759 quiex
654 1664 765 1731 AEtnae
785 1660 941 1733 verticel
967 1673 1185 1755 erumpunt3
1212 1683 1303 1755 quas

240 1767 309 1841 sibi
324 1794 438 1866 quum
458 1773 535 1869 ipsa
556 1769 753 1870 praeferret,
770 1768 899 1843 orbem
918 1769 1081 1839 omnimn
1094 1793 1301 1866 peragrasse

240 1892 430 1951 terrarum.

286 1995 391 2061 Enna
407 2004 548 2078 autem,
565 1990 630 2062 ubi
647 2014 709 2076 ea,
730 2014 810 2086 quae
830 1988 932 2073 dico,
951 2002 1049 2085 gesta
1067 2010 1144 2058 esse
1161 2009 1299 2054 memo·
1352 1978 1354 1984 ’
1395 2060 1399 2068 Δ

238 2112 383 2187 rantur,
401 2113 455 2171 est
469 2096 550 2171 loco
566 2099 734 2195 praecelso
753 2112 860 2195 atque
878 2097 994 2185 edito;
1011 2120 1086 2193 quo
1102 2098 1140 2165 in
1157 2119 1302 2166 summo

239 2221 294 2280 est
314 2222 453 2306 aequata
477 2209 553 2307 agri
576 2209 742 2307 planities
751 2204 779 2297 ⁵,
805 2220 843 2281 et
871 2230 972 2302 aquae
994 2227 1182 2303 perennes.
1210 2209 1300 2281 Tota

171 2503 174 2508 -
237 2470 357 2520 monndo
369 2483 459 2536 quanta
471 2470 626 2521 veneratione
637 2488 668 2521 ex
679 2471 747 2520 omni
791 2463 920 2527 etatee,et
930 2484 1007 2533 quum
1014 2468 1108 2517 incolas
1118 2477 1193 2516 artem
1203 2468 1298 2516 urendi

238 2549 480 2616 tempore,Cereeem
490 2562 515 2601 et
522 2553 689 2617 Proserpinam
698 2551 746 2601 sint
791 2549 925 2609 docuisset,
948 2549 1087 2597 defunctam
1105 2564 1156 2596 eam
1176 2558 1299 2611 umquem

237 2630 380 2694 prosequuti
401 2631 545 2679 Sicilienses.
566 2632 604 2678 Ex
623 2631 669 2679 bac
681 2632 745 2678 enlm
791 2627 859 2676 deam
873 2628 1050 2691 religiosissime
1064 2627 1201 2674 coluerunt.

238 2704 402 2755 insulaembre
412 2710 528 2773 originem
537 2709 643 2767 ducunt,
654 2721 679 2758 et
687 2711 746 2757 Pro·
825 2708 851 2757 d.
866 2707 970 2770 Raptam
983 2721 1040 2754 esse.
1064 2705 1140 2767 Quod
1153 2705 1242 2752 sectum
1256 2703 1298 2752 Ci-

238 2787 366 2848 serpiuain
371 2788 660 2845 Ennensibuelnciseest,
669 2804 745 2853 quum
788 2800 845 2834 cero
854 2785 906 2849 ipse
916 2784 1022 2848 explicet
1028 2819 1036 2842 ‚
1052 2783 1083 2833 de
1095 2785 1153 2834 Nat.
1167 2780 1241 2832 Deos.
1258 2785 1298 2841 tt,

238 2876 291 2910 eant
304 2863 374 2911 Pluto
387 2868 477 2930 rapuit.
496 2867 563 2916 Nihil
578 2867 676 2915 suavius
688 2877 744 2927 est,
788 2881 843 2930 cap.
853 2865 897 2913 25.

238 2940 301 2988 nihil
311 2941 409 2989 mollius
421 2960 492 3007 quarn
507 2944 686 3010 descriptioilla
696 2946 745 2992 En·
795 2998 803 3015 ·
827 2953 851 3000 4.
869 2943 972 2992 Venice.
987 2943 1072 2992 Crater
1084 2928 1134 2989 alio
1147 2940 1246 2988 nominc
1259 2939 1299 2988 di-

236 3034 277 3068 u
288 3029 314 3067 et
331 3019 406 3067 vicini
422 3022 584 3070 renelmus
596 3023 638 3071 ille
650 3034 745 3088 raptum
789 3022 972 3071 eimrforamen
991 3019 1068 3078 illud,
1084 3035 1130 3084 per
1147 3020 1215 3084 quod
1233 3019 1296 3083 ignis

237 3098 338 3161 virginis
350 3097 471 3146 declarare
482 3099 587 3149 videtur.
605 3102 743 3166 Descriptio
787 3103 915 3165 fumusque
924 3110 1062 3166 erumpunt.
1071 3101 1140 3148 Patet
1148 3099 1241 3147 ambitu
1251 3109 1298 3146 sta·

236 3175 278 3225 nt·
295 3176 336 3225 bie
354 3179 433 3242 posita
451 3177 511 3225 mibi
528 3178 635 3239 videtne,
652 3189 681 3227 ut
693 3196 744 3227 rem
788 3181 883 3229 diornrn
895 3181 997 3243 viginem
1010 3190 1160 3244 auntpaesns
1178 3178 1217 3225 bls
1229 3176 1297 3225 mille

236 3255 324 3314 variet,
331 3256 500 3319 fessosquetot
510 3256 645 3304 facinorum
653 3257 744 3306 intuitu
787 3270 812 3309 at
824 3260 957 3325 quingenti.
967 3285 1002 3295 —
1013 3262 1080 3324 Ques
1088 3257 1143 3307 stet.
1158 3258 1218 3306 lude
1230 3273 1296 3322 sepe

235 3334 330 3384 animos
342 3334 449 3383 molliori
461 3345 560 3400 mpetu
574 3333 674 3385 reficiat.
786 3338 859 3391 ceree
872 3338 999 3387 exhibetur
1011 3338 1088 3385 facem
1104 3337 1188 3385 dextra
1200 3353 1294 3400 gerens.

271 3429 296 3461 n.
307 3414 417 3462 Insulam
425 3413 542 3463 Siciliam.
556 3414 675 3463 Narratur
685 3413 744 3462 olim
823 3417 847 3466 5.
863 3416 988 3465 Planities.
1002 3419 1099 3464 Pratum
1111 3415 1236 3463 Diodorus
1248 3430 1295 3462 vo·

234 3493 371 3541 Vulcanum
385 3509 441 3541 cum
451 3494 536 3543 Cerere
547 3494 578 3543 de
594 3494 683 3543 sicilie
696 3494 742 3543 do-
786 3506 833 3544 eat.
848 3495 991 3544 Ciceronem
1000 3511 1059 3543 vero
1069 3506 1093 3542 et
1107 3495 1244 3543 Diodorum
1253 3509 1293 3540 re·

234 3571 327 3619 minato
336 3572 503 3630 contendisse,
522 3584 547 3621 et
565 3573 680 3621 arbitrans
692 3573 743 3622 litis
785 3573 914 3638 prebendis
925 3574 1065 3633 (boverius,
1078 3573 1144 3637 quod
1154 3584 1252 3637 pratum
1263 3571 1295 3618 il·

234 3648 306 3709 bnjus
324 3650 399 3698 fuisse
417 3652 510 3697 Ennam
528 3650 647 3699 Oreadena
671 3667 742 3715 nym-
784 3651 842 3709 lud,
858 3652 1036 3716 siveaequatarn
1048 3654 1099 3715 agri
1111 3652 1253 3716 planitiem,
1265 3651 1292 3697 in

235 3726 319 3790 phem,
330 3744 386 3792 quse
395 3729 532 3776 Vulcanum
544 3727 675 3778 damnavit.
696 3730 743 3779 Cui
785 3731 840 3792 ipso
850 3732 926 3778 Enna
942 3731 1011 3779 urbis
1020 3731 1083 3778 colle
1092 3728 1207 3794 praecelso
1220 3740 1292 3793 atque
1378 3757 1385 3770 ·

234 3805 322 3855 sabula)
334 3806 415 3855 locum
429 3806 497 3854 dedit
510 3807 563 3871 ipsa
575 3806 625 3854 loci
637 3820 739 3866 natura3
785 3806 852 3854 edito
864 3807 890 3855 in
906 3810 1003 3872 primis,
1018 3810 1129 3873 imperite
1141 3807 1291 3858 collocarint.

234 3900 290 3932 nana
299 3885 443 3933 feracissima
457 3896 494 3932 est
503 3884 597 3941 Sicilia,
608 3896 633 3933 et
644 3886 739 3935 subter·
784 3885 903 3950 Spelunca
913 3886 985 3934 etiarn
995 3886 1036 3933 illa
1047 3886 1077 3934 de
1086 3902 1134 3950 qna
1148 3884 1290 3945 mentiolit,

235 3965 313 4013 reneis
322 3976 397 4014 scatet
409 3964 514 4029 ignibus.
532 3964 604 4013 Ceres
619 3964 645 4012 in
659 3966 740 4014 Sicilia
784 3975 835 4014 tota
843 3977 880 4014 est
891 3981 957 4013 nunc
964 3965 1074 4030 oppleta,
1085 3978 1110 4016 et
1118 3983 1147 4015 os
1155 3967 1206 4028 ejus
1217 3967 1289 4015 etiam

235 4044 342 4104 manavit
353 4042 416 4090 eirca
430 4043 519 4106 prietes
525 4042 645 4090 meentie
655 4043 741 4092 mnndi
784 4061 850 4095 nnnc
858 4055 895 4093 eet
908 4045 940 4093 ad
952 4044 1090 4110 aquilonem
1103 4062 1254 4095 conversum.
