3148 4780
313 401 385 487 432
633 404 682 470 Μ.
707 403 746 468 Τ.
773 402 1057 470 CICERONIS

311 549 374 597 sor
382 525 543 622 pecuniae
560 519 730 621 publicae,
744 535 884 592 tantum
900 518 968 591 sibi
981 522 1204 592 auctoritatis
1214 524 1254 593 in
1268 547 1376 621 repu-

312 634 407 706 blica
439 634 611 729 suscepit,
638 646 696 719 ut,
723 628 857 728 quibus
877 628 1087 701 hominibus
1108 655 1174 728 per
1194 647 1377 719 senatum,

311 770 377 845 per
393 743 571 842 populum
590 766 802 827 romanum,
830 763 896 838 per
924 764 1050 811 omnes
1080 744 1323 838 magistratus,
1339 745 1376 812 in

311 852 410 941 foro,
428 857 466 923 in
488 849 682 947 suffragiis,
704 852 743 920 in
764 849 831 920 hac
853 848 964 938 urbe,
983 848 1022 919 iu
1042 849 1229 948 republica
1247 854 1376 924 versari

310 964 455 1051 liceret,
477 965 522 1032 iis
547 960 717 1032 omnibus
739 974 895 1031 mortem
928 960 1092 1031 acerbam
1119 959 1376 1058 crudelemque

310 1086 549 1173 proponeret,
568 1074 598 1142 si
616 1067 762 1142 fortuna
781 1093 844 1141 eos
859 1068 905 1139 ad
923 1070 1081 1166 aliquam
1094 1087 1233 1169 partem
1252 1071 1376 1142 Siciliae

309 1183 506 1256 detulisset.
530 1182 585 1252 Ad
610 1187 676 1254 Cn.
698 1181 931 1278 Pompeium,
948 1179 1185 1251 clarissimum
1205 1182 1321 1251 virum
1339 1197 1377 1253 et

309 1293 565 1377 fortissimum,
596 1291 786 1388 permulti,
821 1293 940 1361 occiso
974 1296 1220 1389 Perpennafl,
1244 1317 1289 1363 ex
1313 1291 1376 1363 illo

309 1403 516 1474 Sertoriano
538 1424 692 1472 numero
711 1400 867 1470 militum
887 1398 1157 1496 confugerunt:
1177 1425 1287 1498 quem
1301 1427 1374 1472 non

309 1511 370 1583 ille
388 1535 530 1582 summo
551 1535 635 1581 cum
652 1508 773 1581 studio
790 1510 928 1582 salvum
943 1510 1236 1607 incolumemque
1258 1535 1373 1583 serva·

309 1621 381 1691 vit?
398 1621 459 1690 cui
471 1621 540 1691 civi
561 1620 716 1718 supplici
728 1644 805 1690 non
823 1619 882 1690 illa
898 1618 1045 1690 dextera
1062 1620 1195 1690 invicta
1212 1634 1250 1690 et
1266 1617 1375 1690 fidem

309 1734 489 1829 porrexit,
508 1745 545 1801 et
565 1754 678 1828 spem.
695 1730 819 1800 salutis
840 1727 1025 1798 ostendit?
1045 1731 1146 1799 Itane
1164 1728 1271 1799 vero?
1293 1731 1372 1825 qui·

308 1840 379 1912 bus
401 1838 471 1911 luit
493 1855 620 1938 portus
649 1837 748 1935 apud
767 1862 871 1920 eum,
889 1852 1016 1908 contra
1035 1848 1184 1934 quem¹²
1201 1853 1376 1910 armatu·

310 1953 441 2037 lerant,
451 1953 495 2021 iis
509 1948 665 2048 apudte‚
679 1949 783 2044 cujus
796 1947 938 2018 nullum
953 1951 991 2018 in
1003 1947 1190 2047 republica
1203 1973 1377 2047 umquam

309 2076 589 2133 monumentum
607 2058 692 2149 fuit,
712 2084 828 2147 mors,
849 2073 886 2130 et
903 2059 1083 2131 cruciatus
1103 2073 1180 2131 erat
1197 2061 1374 2133 constitu·

307 2173 386 2245 tus?
397 2172 508 2259 Vide,
520 2197 630 2270 quam
644 2169 872 2243 commodam
887 2166 1135 2242 defensionem
1151 2171 1373 2267 excogitatis.

354 2287 445 2355 LIX.
471 2284 587 2369 Malo,
607 2280 703 2352 malo
728 2279 956 2369 mehercule,
982 2280 1038 2367 id,
1065 2279 1164 2378 quod
1185 2295 1227 2352 tu
1252 2279 1375 2353 delen-

308 2392 363 2463 dis
374 2403 399 2478 ¹,
413 2390 469 2461 his
478 2389 662 2484 judicibus
674 2389 887 2487 populoque
897 2414 1068 2479 romano,
1081 2415 1189 2487 quam
1203 2389 1261 2480 id,
1274 2391 1377 2489 quod

307 2530 375 2601 ego
393 2502 755 2600 insimnl0‚pr0bari.
775 2503 891 2593 Malo,
911 2506 1083 2602 inquam,
1100 2519 1137 2577 te
1156 2509 1236 2577 isti²
1249 2500 1375 2602 generi

306 2610 516 2698 hominum,
535 2635 646 2708 quam
667 2613 930 2685 mercatoribus
952 2630 990 2685 et
1011 2615 1232 2686 naviculariis
1253 2616 1374 2684 inimi-

306 2746 388 2793 cum
412 2736 521 2819 atque
541 2718 712 2795 infestum
732 2726 864 2821 putari.
881 2729 1004 2795 Meum
1023 2726 1121 2795 enim
1143 2726 1278 2797 crimen
1294 2748 1377 2795 ava·

305 2943 369 2992 Nam
382 2941 525 3006 suffragium
543 2941 600 2989 dare
616 2940 714 3005 quidem
732 2939 759 2987 in
774 2955 817 2988 co·
861 2950 971 2988 uratum
983 2940 1009 2988 in
1022 2942 1167 3007 Hispanias,
1181 2959 1258 3006 quum
1271 2945 1306 3005 Q.
1320 2942 1376 2990 Me-

305 3022 396 3080 mitiia,
408 3021 440 3069 ad
453 3019 571 3068 creandoa
579 3022 732 3084 magistratus
744 3028 817 3083 pote·
861 3018 933 3067 tellm
943 3020 1022 3086 impar
1030 3021 1145 3070 adverana
1157 3021 1292 3070 Sertorium
1304 3020 1374 3068 vida·

302 3111 377 3158 rant,
396 3110 421 3147 at
443 3099 491 3163 ipai
514 3099 589 3147 meari
612 3114 664 3146 non
684 3108 815 3162 poteram:
860 3100 1374 3163 retunsigoainfmia-uonamamm,

305 3178 499 3243 proscriptorum
521 3178 586 3225 enim
606 3174 672 3224 filio·
696 3177 751 3241 lege
768 3176 817 3225 lata
861 3176 888 3223 id
899 3187 947 3234 eat,
961 3179 1035 3227 animi
1048 3179 1159 3244 signum
1175 3180 1271 3244 insigne
1284 3181 1375 3228 factum

303 3259 384 3306 vietor
392 3256 458 3305 Sulla
466 3255 627 3319 petendorum
635 3256 816 3320 magistratuum
859 3271 907 3321 pro
919 3256 1052 3321 republica.
1065 3283 1102 3295 -
1116 3258 1196 3320 Quam
1208 3257 1372 3307 commodam.

304 3346 424 3401 potestate
435 3335 578 3398 privaverat.
860 3336 951 3385 ironia.
1274 3384 1277 3390 ,

345 3432 386 3465 11.
416 3413 500 3461 Occiso
525 3416 662 3477 Perpenna.
686 3412 817 3461 &oomni
896 3417 961 3462 LIL
976 3430 999 3462 1.
1013 3413 1374 3478 Quodmdefendnsmona·

305 3494 364 3544 belli
384 3492 462 3557 duce,
481 3492 525 3556 qui
543 3501 567 3539 et
584 3493 666 3554 ipaunr
683 3493 816 3541 Sertorium
861 3508 906 3543 noa
918 3494 1000 3540 futm.
1019 3494 1098 3558 Supra
1114 3510 1169 3560 cap.
1187 3496 1233 3547 56.
1249 3521 1284 3533 -
1300 3492 1376 3558 Quod

305 3573 390 3623 frande
408 3571 538 3621 occiderat.
559 3571 637 3635 Supra
657 3586 711 3633 cap.
726 3572 768 3619 ab.
781 3598 816 3608 —
860 3571 984 3631 insimulo,
993 3584 1137 3622 mercatores
1148 3575 1232 3624 fniaee.
1248 3572 1346 3624 Ibidem.

306 3658 416 3704 nexura
425 3647 816 3715 eatlideiinsigneffidemdexte·
897 3664 922 3697 a.
940 3649 987 3697 Isti
1000 3651 1092 3715 generi.
1112 3655 1183 3715 Quos
1194 3669 1209 3701 a
1222 3651 1375 3701 aenatoribus

307 3749 332 3780 ra
341 3735 464 3797 porrigere
475 3730 658 3794 dicitnr,qnn1n
669 3730 697 3778 in
711 3728 770 3779 lidei
782 3732 816 3778 ai·
857 3727 983 3790 jndicibus
990 3731 1065 3777 amari
1072 3746 1216 3795 nonpoeee,
1224 3732 1376 3794 qutaoontra

307 3826 381 3874 gnum
393 3811 500 3877 supplici
515 3811 655 3876 porrigitur.
673 3809 731 3860 vtd.
744 3826 816 3875 snpra
860 3808 956 3857 nobiles
971 3818 1100 3869 aderant,
1116 3808 1267 3875 intelligebat
1281 3819 1375 3858 orator.

305 3905 360 3953 cap.
375 3897 416 3946 ιο,
860 3887 1049 3944 -Crime,id
1056 3888 1376 3947 eet,accnaatio.—Novoe

343 3981 384 4016 aa.
395 3968 574 4033 Contmquem.
584 3969 674 4017 Conna
681 3966 814 4016 Sertorium
854 3966 1053 4030 proscriptionis,
1073 3967 1141 4030 qnasi
1159 3968 1257 4016 Sullana
1272 3976 1377 4033 conten-

306 4047 430 4109 pngnavit.
452 4049 585 4111 Pompeius
607 4046 638 4094 ab
660 4062 725 4094 anno
746 4045 813 4106 676,
858 4055 899 4093 tna
910 4047 1249 4112 nonaiaproacriptione.De
1259 4046 1375 4094 hecout.

306 4123 813 4188 niaeuaextraordinemcnmimperiopcr
859 4121 923 4171 Flor.
931 4122 975 4180 lib.
984 4126 1032 4182 Ill,
1042 4140 1098 4190 pag.
1107 4127 1159 4176 265
1168 4127 1226 4176 edit.
1236 4137 1300 4175 nott.

1557 3732 1559 3883 l
