3116 4774
362 436 418 506 m
443 432 659 504 VERREM
680 435 788 503 ier.
813 434 867 518 11,
891 435 988 503 Lm.
1014 436 1055 504 v.
1170 437 1240 531 ltr

178 558 353 655 queritis,
375 556 535 651 judices,
557 580 633 626 non
655 569 709 626 est
730 553 887 626 alienum
913 557 1001 627 meis
1021 557 1242 645 rationibus,

178 669 305 754 istum,
324 665 411 737 mihi
425 691 469 737 ex
483 665 554 737 hoc
561 665 697 761 judicio
708 679 885 763 ereptum,
893 665 938 737 ad
948 665 1038 737 illud
1049 670 1177 765 populi
1183 694 1243 740 ro·

179 784 275 848 mani
281 776 456 873 judicium
470 776 649 847 reservari.
663 772 856 873 Splendida
870 790 923 846 est
935 774 992 845 illa
1003 772 1149 863 causa⁸;
1163 800 1245 873 pro·

179 885 308 957 babilis
325 884 432 971 mihi,
459 898 496 955 et
516 882 646 971 facilis3
671 883 809 982 populo
826 896 926 980 grata
947 899 1055 981 atque
1070 885 1243 980 jucunda.

178 997 362 1093 Denique,
379 996 408 1066 si
421 992 545 1065 videor
558 993 656 1080 hier,
670 993 709 1063 id
724 992 825 1092 quod
839 1017 907 1090 ego
925 1019 1002 1065 nou
1018 996 1185 1090 quesivi,
1199 995 1245 1066 de

119 1175 124 1183 ,
179 1131 255 1177 uno
272 1109 341 1177 isto
359 1103 515 1175 voluisse
539 1126 718 1190 crescere,
744 1105 813 1175 isto
841 1102 1025 1190 absoluto,
1046 1102 1147 1199 quod
1168 1105 1245 1175 sine

179 1212 377 1309 muliorum
396 1213 529 1285 scelere
550 1211 630 1284 fieri
652 1237 728 1283 non
750 1225 890 1310 potest,
910 1211 956 1283 de
975 1212 1138 1283 multis¹⁰
1157 1211 1245 1283 mihi

179 1349 338 1396 creseere
355 1322 489 1394 licebit.

227 1438 385 1505 LXVIII.
411 1431 480 1503 Sed
510 1428 757 1515 mehercules,
781 1443 918 1515 vestra,
946 1431 1072 1524 reique
1091 1427 1245 1525 publicae

181 1568 306 1628 causa,
325 1542 484 1637 judiceS,
509 1539 597 1611 nolo
621 1543 660 1609 iu
686 1537 757 1609 hoc
775 1536 915 1609 delecto
933 1537 1086 1609 consilio
1105 1553 1247 1609 tantum

181 1649 352 1748 flagitium
382 1675 458 1721 esse
486 1649 717 1721 commissum
737 1674 745 1717 t
767 1647 854 1717 nolo
881 1672 943 1718 eos
966 1647 1127 1741 judices,
1154 1672 1248 1746 quos

182 1786 249 1858 ego
268 1759 473 1857 probarim¹
498 1773 608 1855 atque
630 1755 843 1852 delegerim,
866 1761 917 1828 sic
933 1758 972 1826 in
987 1756 1056 1828 hac
1072 1756 1164 1830 urbe
1181 1784 1247 1833 uo·

182 1885 295 1957 tutos,
320 1870 390 1940 isto
421 1867 610 1955 absoluto,
636 1864 844 1954 ambulare,
871 1879 913 1935 ut
942 1889 1018 1937 uon
1044 1878 1160 1953 cera',
1183 1867 1249 1941 sed

182 2005 290 2052 coeno
312 1979 416 2052 obliti
436 2003 512 2051 esse
530 1976 732 2048 videantur.
756 1974 1004 2065 Quamobrem
1023 1988 1058 2046 te
1077 2001 1248 2073 quoque,

70 2184 75 2191 Ι
181 2092 371 2176 Hortensi,
395 2091 425 2160 si
452 2090 516 2186 qui
543 2082 740 2158 mouendi³
767 2083 871 2156 locus
897 2099 971 2172 est,
999 2109 1043 2156 ex
1068 2083 1140 2156 hoo
1167 2086 1249 2159 loco

182 2224 333 2275 moneo:
349 2198 468 2271 rideas
481 2198 589 2270 etiam
603 2209 712 2293 atque
726 2196 854 2279 etiam,
869 2208 905 2265 et
921 2192 1144 2281 consideres,
1158 2194 1249 2291 quid

182 2333 287 2406 agas,
308 2332 384 2406 quo
406 2306 659 2406 progrediare3
682 2328 791 2401 quem
815 2301 1024 2392 hominem,
1046 2318 1082 2374 et
1101 2328 1174 2400 qua
1191 2329 1248 2376 ra·

182 2420 283 2491 tione
311 2417 494 2491 defendas.
520 2421 647 2513 Neque
674 2412 719 2485 de
744 2412 806 2483 illo
834 2412 1034 2510 quidquam
1064 2411 1130 2485 tibi
1156 2438 1247 2512 prae·

183 2642 255 2689 quam
269 2626 326 2675 iude
340 2625 542 2691 gloriantem
555 2623 634 2673 dican
644 2639 690 2672 vo·
769 2639 797 2675 a.
815 2625 849 2671 Ue
861 2639 911 2671 uon
923 2639 990 2672 ocra.
1007 2623 1104 2672 Ceratae
1117 2639 1248 2675 oeneornm

183 2703 237 2764 bie,
255 2704 368 2765 judioee,
384 2721 436 2753 uon
449 2720 503 2753 ene
512 2702 620 2759 dierum
631 2702 692 2753 mei·
735 2701 828 2751 tabulae
841 2700 1001 2766 significem
1015 2703 1103 2766 quibua
1116 2705 1250 2755 eradeban·

184 2782 338 2841 rationibue,
352 2794 398 2832 eto.
734 2790 775 2829 tur
785 2796 871 2829 eoram
888 2781 1002 2837 nomina,
1015 2782 1059 2843 qui
1067 2792 1151 2830 uenatu
1161 2799 1245 2831 more·

220 2862 246 2908 b.
255 2861 302 2909 1110
314 2877 399 2909 cama.
412 2862 450 2908 De
467 2860 645 2926 perduellione.
657 2887 692 2897 -
735 2858 831 2907 bantur.
843 2862 903 2907 IIoee
915 2869 967 2906 erat
984 2868 1043 2906 uota
1057 2861 1184 2923 censoria,
1200 2878 1248 2925 qne

185 2938 329 2987 Probabilis.
347 2938 444 2987 Probari
458 2939 586 2989 uuln-
599 2939 692 3002 Populo
735 2938 794 2987 mali
818 2948 958 2995 senatorer,
988 2948 1031 2985 aut
1053 2939 1148 3000 equites
1169 2941 1251 2989 notari

182 3029 267 3083 pata.
277 3019 370 3082 Utpote
380 3018 450 3078 eujus
456 3018 510 3078 jura
520 3017 638 3066 defendit.
735 3025 919 3074 consueverant,
930 3026 956 3064 et
963 3031 1035 3080 qnam
1043 3016 1168 3077 jndicibus
1177 3020 1250 3068 etiam

223 3112 248 3159 9.
265 3093 292 3143 Si
310 3096 401 3144 videor
419 3095 468 3144 liic.
486 3095 595 3145 Suband.
616 3111 692 3158 quum
735 3097 798 3154 enin,
815 3095 837 3142 ei
853 3110 926 3158 preve
939 3094 1116 3156 J'udiearerim,
1133 3096 1248 3148 minatur.

186 3190 261 3239 urgeo
274 3186 302 3223 ut
315 3172 692 3234 antummum-oram.
735 3176 788 3221 Iurd
808 3184 875 3221 tanto
893 3175 1010 3235 maiorem
1027 3173 1076 3221 illie
1093 3190 1124 3222 ex
1144 3175 1190 3224 liae
1206 3192 1250 3225 ina

186 3256 248 3303 Laus
260 3255 324 3302 enim
335 3264 359 3301 et
370 3253 446 3316 gloria
456 3251 550 3316 paritur
559 3265 694 3299 exaeeuaa·
738 3251 856 3318 pravitate
878 3252 984 3301 intentat
1007 3253 1182 3316 Ignominiam,
1199 3232 1264 3320 qno·

187 3333 253 3380 tione
263 3331 442 3397 improborum.
456 3332 505 3378 Pro
515 3331 572 3378 Sex.
581 3328 673 3378 noreio
685 3341 693 3377 t
738 3332 815 3392 majo·
824 3331 869 3379 erit
877 3329 1091 3379 illorumeeelnein
1101 3331 1251 3383 absolvendo

186 3414 235 3461 «si
248 3412 308 3459 mihi
322 3411 696 3472 libereteocueare‚eeenearem
738 3409 837 3458 homine
858 3410 1062 3475 improbiedmo,
1088 3422 1112 3459 et
1139 3415 1250 3462 onmium

185 3491 246 3539 alioe
259 3493 355 3556 potine,
371 3506 403 3538 ex
419 3489 508 3554 quibu·
526 3503 624 3554 ponem
642 3502 696 3536 me·
740 3489 864 3539 sententiis
878 3490 1003 3547 damnat03
1024 3490 1106 3554 itaque
1119 3489 1168 3537 into
1180 3491 1252 3540 abeo-

185 3586 252 3619 ωας
260 3592 282 3619 2.
740 3568 794 3617 luto
806 3567 965 3617 ambulabunt
975 3568 1023 3628 lta,
1036 3581 1123 3616 utnon
1132 3585 1185 3617 uera
1193 3581 1252 3619 uota

226 3665 265 3698 ιο.
275 3651 313 3698 De
329 3647 419 3696 multia
431 3649 534 3707 Amare,
549 3663 595 3695 neo
613 3656 695 3694 tanen
739 3648 832 3705 notati,
846 3648 915 3713 qnod
936 3649 1053 3701 usitatum
1073 3658 1109 3695 eet
1127 3647 1154 3693 iu
1171 3651 1253 3712 poenia

185 3726 290 3776 obscure
297 3726 432 3789 judioibua,
441 3727 485 3790 qui
495 3743 521 3775 ee
529 3725 613 3773 Verria
625 3724 696 3787 turgt·
739 3726 868 3785 oeneoriia,
882 3726 924 3775 red
938 3725 1007 3790 quod
1024 3726 1190 3790 turpissimum
1199 3740 1252 3788 eu,

188 3807 255 3855 tione
263 3807 386 3872 eorrumpi
395 3808 485 3865 eluent,
494 3805 618 3854 minitatur
626 3820 696 3853 accu-
740 3820 812 3852 roeno
838 3806 965 3870 cooperti,
991 3816 1016 3852 et
1041 3802 1115 3850 obliti
1141 3820 1193 3853 etse
1216 3807 1253 3855 ri·

187 3886 347 3934 radonemad
357 3886 486 3953 populum.
742 3883 853 3933 deantur.

224 3967 339 4015 vaut.
353 3982 377 4015 1.
389 3968 455 4030 Quos
469 3982 513 4032 ego
523 3964 659 4029 probarim.
668 3963 699 4011 Iu
780 3963 804 4012 3.
812 3962 840 4010 Si
847 3960 892 4028 qui
901 3961 1021 4011 monendi.
1031 3963 1117 4010 Amara
1126 3965 1255 4027 parenthe-

188 4043 326 4102 eejeotioue.
336 4046 404 4107 Quoi
415 4047 478 4095 enim
487 4060 538 4097 uon
550 4043 639 4107 rejecit,
652 4042 700 4091 boe
743 4042 776 4090 eii
785 4042 811 4089 iu
822 4040 958 4106 superbiam
968 4041 1101 4090 Horteneii.
1112 4040 1183 4091 Illum
1191 4044 1255 4093 obli·

189 4120 293 4183 probare
302 4122 367 4169 vinus
374 4134 418 4171 eet.
745 4138 792 4185 que
803 4121 914 4170 hortetur
925 4132 953 4169 ut
966 4132 1031 4170 recta
1042 4119 1207 4188 laudabilique
1219 4139 1256 4170 ra-
