3186 4772
352 413 421 493 308
667 411 716 480 Μ.
741 410 780 480 T.
808 412 1085 484 CICERONIS

348 533 443 607 lam?
456 557 479 603 o
494 530 676 619 desertum
691 527 893 602 hominem!
907 556 931 601 o
944 530 1173 629 desperatum
1187 555 1230 604 ac
1241 531 1408 606 relictum

349 671 369 717 a
386 643 593 739 magistratu
609 638 747 712 Siculo!
766 642 822 737 Ne
842 641 1191 713 senatusconsultum
1211 643 1322 713 Siculi
1344 643 1410 715 ho·

348 756 463 825 mines
475 752 594 822 lacere
611 763 776 848 possent,
790 772 837 819 ne
852 773 958 820 suum
972 750 1032 844 jus
1047 751 1121 823 suis
1137 748 1317 839 moribus,
1335 755 1409 823 suis

347 861 485 961 legibus
512 859 678 931 obtinere
708 872 871 957 possent,
904 885 980 931 non
1012 862 1147 932 amicus
1177 864 1302 950 istius,
1331 886 1410 933 non

306 1038 310 1046 .
346 972 499 1071 hospes,
524 994 601 1040 non
629 966 788 1067 denique
812 969 945 1066 aliquis
970 971 1130 1060 Siculus,
1159 970 1223 1042 sed
1250 986 1410 1068 quaestor

346 1097 535 1180 praetorem
558 1077 723 1175 appellat.
741 1079 835 1168 Quis
853 1077 923 1149 hoc
941 1079 1054 1150 vidit?
1074 1095 1136 1151 aut
1153 1082 1236 1178 quis
1251 1079 1409 1150 audivit?

344 1201 613 1284 Praetor·aequus
627 1202 664 1258 et
678 1185 843 1284 sapiens⁶
859 1186 990 1260 dimitti
1000 1188 1106 1285 jubet
1121 1204 1297 1261 senatum.
1314 1193 1408 1260 Con-

347 1304 458 1376 currit
485 1297 530 1370 ad
551 1322 610 1369 me
634 1299 787 1368 maxima
811 1297 1027 1369 multitudo:
1048 1300 1208 1397 primum
1225 1312 1408 1370 senatores

345 1415 518 1495 clamare,
538 1408 628 1504 eripi
647 1404 715 1477 sibi
728 1408 808 1502 jus,
827 1409 917 1505 eripi
936 1408 1156 1495 libertatem
1172 1407 1332 1506 populus
1349 1432 1405 1479 se·

344 1537 471 1593 natum
498 1517 662 1604 laudare,
691 1520 820 1613 gratias
852 1542 976 1615 agere3
1005 1521 1099 1590 cives
1129 1521 1271 1589 romani
1301 1543 1321 1589 a
1347 1543 1407 1590 me

344 1652 524 1727 nusquam
541 1626 733 1697 discedere.
758 1630 840 1718 Quo
860 1628 1008 1725 quidem
1028 1629 1087 1700 die
1107 1628 1197 1699 nihil
1213 1630 1338 1725 aegrius
1353 1628 1406 1700 fa-

343 1757 441 1813 ctum
458 1752 532 1824 est,
552 1736 668 1807 multo
687 1735 810 1807 labore
829 1761 930 1823 meo,
946 1763 1056 1835 quarn
1078 1754 1117 1810 ut
1135 1762 1264 1811 manus
1282 1738 1405 1811 abillo

343 1847 564 1947 appellatore
583 1844 861 1915 abstinerentur.
881 1851 1003 1937 Quum
1021 1847 1067 1918 ad
1087 1863 1276 1945 praetorem
1295 1850 1405 1944 injus

342 1958 558 2042 adissemus,
580 1957 757 2049 excogitat
779 1965 886 2024 sune7
905 1953 1095 2052 diligenter
1113 1970 1149 2027 et
1170 1971 1293 2043 caute,
1314 1958 1404 2054 quid

343 2070 522 2141 decernat.
539 2069 631 2138 Nam
648 2076 750 2149 ante,
768 2088 875 2159 quam
891 2062 1042 2135 verbum
1059 2064 1234 2155 facerem,
1256 2064 1301 2137 de
1319 2066 1404 2138 sella

342 2179 514 2262 surrexit,
535 2189 644 2272 atque
662 2172 762 2243 abiit.
786 2177 912 2271 Itaque
929 2189 1006 2246 tum
1017 2173 1068 2246 de
1078 2174 1184 2264 -soro,
1200 2201 1315 2274 quum
1329 2176 1402 2272 jam

341 2290 665 2384 advesperasceret,
683 2282 919 2355 discessimus.

386 2399 510 2467 LXVI.
537 2390 711 2464 Postridie
734 2417 844 2463 vmarie
868 2392 914 2463 ab
935 2418 983 2463 eo
1007 2395 1170 2491 postulo,
1192 2406 1234 2465 ut
1251 2399 1402 2490 Syracu·

339 2506 434 2578 sanis
452 2504 575 2572 liceret
591 2502 958 2589 senatusconsultum,
977 2504 1078 2601 quod
1093 2504 1209 2602 pridie
1223 2502 1400 2590 fecissent,

338 2612 429 2685 mihi
453 2609 615 2680 reddere.
641 2607 708 2679 llle
729 2613 914 2682 enimvero
940 2628 1066 2709 negat,
1088 2628 1125 2686 et
1146 2614 1196 2684 ait
1213 2612 1402 2710 indignum

337 2721 477 2795 facinus
496 2742 594 2804 esse,
620 2717 720 2814 quod
739 2742 806 2815 ego
826 2723 863 2789 in
886 2737 1014 2792 senatu
1037 2748 1152 2820 graeco
1176 2721 1282 2794 verba
1299 2721 1402 2793 fecis·

336 2857 432 2919 sem3
458 2828 561 2929 qnod
589 2827 737 2926 quidem
763 2827 861 2926 apud
889 2836 1054 2904 Graecos¹
1087 2858 1200 2931 graece
1222 2834 1401 2931 loquutus

372 3026 398 3074 6.
409 3024 502 3070 Praetor
511 3035 596 3084 aquus
605 3030 630 3067 et
637 3019 743 3085 sapiens.
755 3018 848 3068 Acerba
892 3012 960 3074 Quid
966 3013 1064 3063 stultius
1070 3015 1149 3074 enim,
1159 3030 1231 3079 quesn
1240 3014 1271 3062 sd
1278 2978 1400 3080 aspectum

336 3104 389 3151 hec
402 3112 426 3150 et
435 3099 528 3147 isoniee
541 3098 567 3145 in
580 3097 717 3147 Metellum.
729 3101 754 3146 ls
767 3099 847 3159 enim,
892 3092 1017 3141 Ciceronis
1026 3111 1081 3143 eum
1094 3095 1177 3143 subito
1187 3106 1212 3142 et
1221 3095 1348 3158 inopinato
1357 3095 1401 3141 im·
1430 3086 1436 3097 ⁴

336 3195 413 3244 quum
427 3178 508 3225 omnis
526 3177 610 3223 Verris
630 3177 693 3223 furta
710 3177 849 3241 flegitisque
892 3174 1083 3237 petusulugese,
1091 3189 1283 3238 responsumque
1291 3183 1401 3239 petentes

338 3254 520 3324 quodammodo
527 3255 658 3318 expiasset,
666 3253 747 3303 subito
757 3266 848 3304 mutata
893 3254 1058 3318 Syracussnos
1071 3252 1215 3315 relinquere.

337 3334 425 3401 egendi
444 3333 554 3390 ratione,
574 3343 654 3395 partes
673 3332 725 3393 ejus
742 3333 848 3396 suscepit
928 3333 1019 3379 val.
1030 3345 1050 3377 r.
1061 3330 1138 3395 Apud
1144 3326 1401 3378 &munument-

336 3416 438 3472 scriter3
458 3411 587 3475 imperavit
602 3411 758 3474 Syracusanis
778 3421 803 3459 et
817 3411 848 3459 sb
892 3408 930 3456 lus
942 3406 1399 3472 inCieeronerepselrendit,quodpri·

338 3496 369 3545 iis
392 3492 475 3543 Vertis
495 3488 659 3538 laudationem
685 3492 805 3549 extorum
823 3500 849 3538 et
892 3485 1400 3549 namverbsinsmtugreoofeoertude

339 3576 412 3625 etism
425 3585 510 3620 omnes
524 3578 595 3616 testes
607 3567 635 3614 in
648 3568 773 3630 provincis
788 3569 847 3616 reti-
892 3563 1021 3626 indequod
1027 3578 1107 3627 μου
1114 3565 1398 3629 sermonesitloqsutus.

335 3656 441 3711 unisset,
462 3649 511 3698 nisi
524 3647 613 3695 virtute
625 3662 668 3694 sus
686 3647 772 3695 Cicero
789 3647 848 3695 effe·
891 3643 1000 3695 venun
1017 3642 1082 3690 enin
1095 3653 1146 3691 eret
1164 3645 1343 3708 magistratibus
1356 3658 1398 3691 ro·

338 3737 454 3792 ulmeus
466 3728 513 3792 ipsi
525 3724 685 3784 concederem
695 3741 750 3790 quae
759 3735 846 3773 cuncta
890 3720 980 3777 msuis,
991 3720 1040 3769 elio
1051 3736 1080 3769 so
1088 3738 1199 3771 sermone
1209 3721 1400 3787 pets-lontiQni

337 3830 392 3878 sup.
402 3813 428 3859 in
446 3808 493 3857 lib.
507 3822 558 3855 non
572 3805 745 3856 semelllostes
756 3805 846 3867 tetigit.
889 3798 1399 3865 lauiclsginonobtempersbsnt,tsrnqusus

374 3908 399 3952 7.
421 3886 557 3952 decoquas
576 3900 646 3934 sans.
661 3886 728 3947 Ques
738 3883 846 3946 suscepit
889 3878 979 3942 perditi
997 3879 1062 3929 cives
1078 3879 1237 3936 hsbebsutnr,
1253 3877 1295 3942 qui
1313 3876 1399 3924 levita·

293 4018 298 4029 ,
335 3969 381 4015 hae
393 3968 546 4028 inrepsrtes
557 3960 846 4024 Metellus,omninosb·
888 3970 937 4007 tesn
959 3973 1061 4022 moen
1082 3971 1255 4020 externumque
1272 3954 1398 4018 eloquium

336 4061 402 4094 sonae
415 4041 615 4106 perridiculseque
632 4042 760 4098 videntur,
779 4054 846 4086 eum·
889 4052 994 4084 romane
1007 4037 1119 4100 gravitati
1126 4033 1271 4100 imperiique
1280 4033 1398 4095 majestati

334 4139 383 4190 que
404 4119 496 4186 optime
515 4134 576 4167 noso
599 4118 726 4183 suspendit
750 4126 843 4166 orstor.
889 4115 1041 4164 anteferrent.
