3186 4772
1187 312 1198 355 Ι

336 433 408 534 276
648 437 697 503 Μ.
722 436 761 503 r.
788 435 1080 507 crcunorus

334 559 481 630 minime
499 557 651 642 mirum,
666 579 745 652 quae
758 578 857 625 sacra
879 577 944 652 per
957 577 1134 624 summam
1151 557 1398 630 castimoniam

331 668 534 764 virginum⁷
552 689 595 736 ac
618 663 811 734 mulierum
832 661 941 752 fiant,
968 664 1094 736 eadem
1117 689 1183 762 per
1201 666 1305 739 istius
1322 660 1415 740 stu-⁴

331 800 438 876 prum
457 799 498 847 ac
520 773 694 871 flagitium
716 797 793 845 esse
810 773 951 844 violata.

378 888 502 955 XLVI.
524 881 622 973 Quid
641 882 776 979 ergo¹l
798 882 869 953 hoc
888 882 1007 953 solum
1028 878 1213 955 audilione
1227 900 1398 983 expetere

333 996 461 1090 erupit,
477 1016 595 1089 quum
611 990 648 1061 id
663 993 739 1089 ipse
753 1016 830 1062 non
847 991 1013 1064 vidisset?
1027 995 1102 1063 imo
1118 1018 1205 1064 vero
1218 993 1286 1065 alia
1299 1020 1397 1067 com·

333 1104 460 1202 plura:
479 1126 524 1172 ex
546 1100 682 1197 quibus
701 1101 828 1197 eligam
849 1103 1099 1198 spoliationem
1117 1102 1327 1175 nobilissimi
1346 1120 1399 1176 at·

332 1238 405 1311 que
432 1212 671 1308 antiquissimi
697 1209 790 1299 lani3
815 1210 860 1282 de
885 1236 957 1308 qua
980 1214 1102 1310 priore
1128 1215 1267 1285 actione
1289 1196 1398 1286 testes

332 1322 452 1394 dicere
470 1320 630 1392 audistis
652 1324 759 1392 Nunc
784 1320 909 1392 eadem
932 1321 1009 1408 illa,
1032 1347 1174 1418 quaes0‚
1198 1321 1337 1411 audite,
1359 1340 1399 1397 et

333 1431 533 1527 diligenter,
549 1431 642 1501 sicut
652 1427 775 1501 adhuc
792 1429 945 1519 fecistis,
962 1431 1145 1504 attendite.

380 1540 502 1610 Insula
517 1554 572 1611 est
584 1539 742 1628 Melita²,
753 1540 910 1635 judicos,
925 1544 1009 1613 satis
1024 1542 1098 1613 lato
1113 1542 1161 1613 ab
1179 1543 1295 1614 Sicilia
1309 1545 1397 1614 mari

331 1648 608 1748 periculosoque
633 1648 831 1743 disjuncta3
856 1652 896 1720 iu
921 1675 996 1747 qua
1021 1666 1075 1722 est
1099 1653 1227 1723 eodem
1250 1657 1397 1725 nomine

328 1757 505 1857 oppidum
516 1755 544 1845 ³,
563 1783 639 1857 quo
660 1759 727 1829 iste
744 1783 946 1855 numquam
960 1762 1129 1831 accessit:
1155 1760 1256 1858 quod
1276 1776 1396 1834 tamen

328 1871 388 1942 isti
415 1869 612 1939 textrinum
640 1891 706 1966 per
733 1869 928 1938 triennium
955 1870 1002 1941 ad
1024 1869 1238 1943 muliebrem
1261 1888 1396 1944 vestem

331 1976 593 2051 conficiendam
615 1976 694 2048 luit.
717 1976 773 2047 Ab
794 2003 839 2049 eo
858 1978 996 2076 oppido
1016 2005 1092 2051 uon
1110 1980 1235 2078 longe,
1253 1982 1291 2051 in
1310 2005 1395 2078 pro·

328 2090 529 2175 montori0‚
549 2085 675 2157 fanum
689 2101 744 2158 est
761 2089 914 2158 Junonis
934 2088 1168 2184 antiquum43
1183 2088 1283 2186 quod
1296 2103 1396 2160 tanta

330 2200 506 2295 religione
537 2220 681 2294 semper
709 2194 798 2283 fuit,
825 2210 967 2268 utnon
993 2197 1104 2269 modo
1130 2194 1225 2269 illis⁵
1252 2199 1395 2269 Punicis

329 2310 451 2396 bellis,
469 2333 550 2406 quae
570 2309 608 2378 in
630 2308 687 2376 his
707 2305 783 2378 fere
802 2305 890 2377 loeis
911 2308 1026 2379 navali
1044 2309 1148 2405 copia
1170 2322 1268 2405 gesta
1287 2322 1395 2405 atque

329 2432 469 2489 versata
494 2430 598 2502 sunt,
624 2414 688 2485 sed
712 2417 819 2485 etiam
840 2416 877 2485 iu
904 2415 972 2488 hac
994 2417 1208 2514 praedonum
1230 2417 1395 2489 multitu-

326 2526 412 2596 dine
447 2548 591 2621 semper
622 2522 834 2594 inviolatum
870 2542 1110 2623 sanctumque
1144 2525 1261 2597 fuerit.
1294 2527 1393 2616 Quin

325 2638 433 2709 etiam
455 2633 526 2706 hoc
550 2634 729 2705 memoriae
754 2633 941 2730 proditum
960 2651 1014 2708 est
1022 2634 1051 2724 ⁶,
1070 2637 1181 2708 classe
1203 2635 1392 2732 quondam

325 2748 517 2820 Masinissa
543 2743 636 2841 regis
657 2741 702 2814 ad
728 2766 813 2813 eum
838 2742 959 2815 locum
985 2747 1157 2845 appulsa,
1183 2743 1392 2844 praelectum

364 2915 388 2961 7.
403 2895 536 2962 liminum.
558 2895 622 2943 MSS
644 2892 765 2959 plmesst
779 2891 838 2941 edd.
883 2896 941 2935 tuor
964 2887 1036 2936 urbes
1062 2889 1136 2938 habet
1161 2887 1256 2953 egregie
1276 2887 1392 2936 munitas.

327 2978 456 3037 mironem,
476 2972 544 3039 quod
556 2972 689 3022 absurdum
701 2971 774 3037 plsns
786 2982 840 3031 est,
920 2976 945 3024 4.
965 2970 1060 3016 Fanum
1076 2981 1114 3017 est
1131 2968 1234 3016 limons's
1254 2966 1391 3032 antiquans.

327 3072 403 3120 quum
410 3065 494 3103 orator
506 3054 615 3117 ruperim
625 3049 840 3110 dixeris‚«aviro-
883 3047 940 3094 Duo
953 3048 1019 3096 suere
1032 3050 1057 3094 in
1070 3048 1148 3096 insula
1159 3048 1227 3105 faus,
1240 3046 1346 3095 Juuonis
1358 3044 1394 3092 sl-

327 3149 382 3181 rum
395 3142 529 3197 conspectu
546 3130 614 3180 dmm
628 3146 723 3193 semper
735 3129 839 3177 areeri».
883 3135 962 3173 terum
976 3127 1003 3173 in
1017 3127 1202 3191 promontorio,
1213 3124 1315 3174 alterum
1328 3125 1394 3172 Her·

362 3213 452 3259 ms.
461 3226 486 3258 1.
499 3208 567 3273 Quid
576 3213 653 3273 ergo?
661 3207 750 3254 Vivida
759 3218 838 3255 trans·
882 3204 945 3252 culis
955 3205 1080 3254 meridiem
1091 3221 1181 3253 versus.

326 3291 385 3348 itio,
407 3305 454 3353 qua
471 3288 567 3348 indices
585 3285 710 3335 audientes
728 3286 837 3336 suscitat.
918 3286 942 3333 5„
963 3284 1016 3333 Illis
1034 3282 1142 3332 Punicis.
1164 3281 1271 3345 Quidam
1290 3280 1392 3329 verbum

328 3396 364 3407 -
372 3370 426 3417 Hos
438 3366 524 3414 solum.
538 3366 570 3412 Η.
581 3380 602 3412 e.
613 3364 709 3428 signum
729 3364 838 3414 Veneris.
881 3360 928 3411 illis
941 3363 1074 3412 redundare
1085 3362 1210 3421 arbitrati,
1220 3360 1282 3408 illusi
1292 3358 1393 3407 sustule-

363 3464 388 3496 a.
398 3445 484 3494 Insula
497 3455 533 3491 sss
542 3441 638 3491 Melita
650 3441 775 3490 Diodorus
785 3458 839 3491 sam
880 3452 938 3489 mut
947 3453 1067 3505 tamquam
1077 3442 1149 3489 inme
1156 3454 1256 3504 prorsus
1264 3436 1391 3488 etinutile.

326 3545 339 3576 a
351 3523 477 3593 Syracusis
487 3521 571 3570 abesse
579 3520 695 3569 aitstadis
703 3523 838 3585 octoginta.
881 3521 956 3581 Quod
962 3521 1079 3567 absonum
1089 3519 1234 3579 est‚elenim
1242 3532 1329 3566 remeo
1336 3515 1392 3565 loeo

325 3609 384 3668 Ejus
396 3603 485 3652 incola
495 3601 577 3650 felices
593 3599 746 3649 iubebantur
751 3636 759 3662 ‚
775 3614 838 3663 quo·
881 3608 967 3659 auget,
980 3608 1103 3659 tamquam
1118 3609 1202 3645 orator
1214 3595 1305 3644 diceret
1322 3593 1392 3643 bellis

328 3687 392 3735 niam
401 3683 478 3739 varias
490 3691 553 3731 aries
566 3677 726 3740 exercebant,
738 3694 838 3743 praeser·
881 3676 929 3724 illis
941 3687 989 3723 tam
999 3675 1080 3741 longis
1090 3686 1188 3739 tamque
1200 3676 1321 3739 gravibus,

327 3762 520 3814 timtelssliness
530 3759 663 3817 faciebant,
673 3768 726 3806 tum
734 3757 838 3806 tenuita-
916 3757 941 3803 6.
950 3755 1075 3803 Memon'oe
1075 3754 1203 3819 proditum
1210 3753 1392 3806 &annectitur

328 3855 423 3903 te‚tum
428 3841 530 3891 mollitie
537 3841 657 3906 insignsss
664 3839 839 3902 iuqnsverres
880 3827 1048 3877 usnatvaler.
1058 3829 1161 3875 Maxim.
1170 3824 1215 3872 lib.
1224 3827 1313 3886 i,eap.
1325 3838 1335 3869 ι
1347 3857 1356 3882 ,
1366 3833 1393 3869 et

326 3920 361 3968 ibi
374 3922 488 3969 femineas
500 3931 579 3968 vestes
591 3917 706 3967 mendas
725 3913 835 3964 cumbet.
882 3909 972 3956 laetum
985 3906 1047 3955 illud
1056 3904 1190 3953 Masinissae
1198 3902 1335 3962 admirans,
1356 3900 1392 3947 sit

360 3998 385 4043 3.
399 3999 428 4043 In
442 4014 493 4060 qua
507 4008 546 4044 ess
557 3996 643 4043 eodem
657 4011 685 4043 a.
696 4009 753 4058 opp.
763 3991 838 4052 Quod
880 4002 981 4035 romano
990 3985 1051 4033 illud
1063 3986 1139 4048 magis
1151 3997 1224 4047 qnam
1234 3978 1326 4045 punico
1334 3994 1390 4026 san-
1498 3994 1500 4001 ·

325 4074 427 4122 unicum
436 4073 533 4134 quidem
546 4084 606 4120 tuno
619 4082 687 4129 sest,
701 4085 766 4116 nuuc
779 4085 837 4135 vero
881 4066 949 4129 guini
959 4064 1097 4111 convenire.
1119 4064 1172 4110 Rex
1183 4060 1248 4107 enim
1262 4057 1390 4106 Masinissa

324 4163 413 4219 prater
439 4150 508 4198 risos
538 4148 629 4196 multos
664 4148 742 4195 insula
774 4163 835 4211 qua·
882 4142 969 4209 punica
985 4142 1078 4205 origine
1091 4151 1171 4188 cresus
1188 4147 1247 4185 ersa
