3200 4768
311 405 378 500 ¹74
699 396 983 466 EXCURSUS

304 526 374 589 cius
395 521 496 587 edilis
513 519 616 610 plebis
637 517 781 607 primurn
797 520 1019 600 frumentum,
1035 516 1069 580 id
1087 535 1152 600 est,
1171 522 1376 590 frumentum

305 628 396 720 quod
415 649 526 692 mense
550 626 657 715 primo
679 624 835 715 (singulis
855 625 944 688 enim
969 624 1134 689 mensibus
1153 625 1375 713 dividebatur,

305 756 339 802 et
356 738 403 801 sio
418 736 615 823 interpretor
629 743 658 795 vt
675 732 836 820 primum,
854 730 944 820 quod
965 732 1046 795 mire
1066 734 1163 797 torsit
1182 733 1298 800 dootos
1314 738 1377 803 ho·

306 844 431 930 mines)
458 841 509 905 sui
524 838 731 927 magistratus
747 836 868 920 divisit,
901 836 1025 927 populo
1047 837 1082 901 in
1103 838 1232 905 modios
1252 843 1377 908 assibus

307 947 450 1013 donarit.
470 942 555 1008 Plin.
573 940 672 1005 Hard.
689 941 816 1024 XVIII,
834 945 866 1020 4.

347 1056 446 1118 Anno
461 1050 559 1115 Urbis
578 1048 659 1130 515,
674 1070 780 1137 quum
799 1050 885 1113 lame
899 1048 992 1137 plebs
1005 1065 1193 1138 urgeretur,
1211 1054 1247 1117 L.
1266 1053 1378 1118 Miuu.

304 1161 374 1225 cius
392 1156 580 1246 Augurinus
595 1157 765 1242 praefectus
782 1177 920 1218 annonae
937 1171 1082 1239 oreatus,
1099 1156 1168 1236 ojus
1183 1158 1293 1223 levatae
1306 1161 1375 1248 glo-

304 1263 386 1327 riam
412 1258 497 1323 tulit.
523 1256 608 1323 Nam
628 1278 785 1345 oppresso
805 1256 863 1345 sp.
887 1254 1015 1338 Mulio,
1037 1278 1137 1321 omne
1156 1257 1374 1342 frumentum,

304 1364 396 1456 quod
412 1365 467 1429 hic
483 1363 606 1452 privata
618 1361 757 1450 pecunia
771 1360 813 1426 ad
827 1360 1013 1450 largitiones
1026 1361 1189 1427 faciendas
1202 1383 1376 1449 coemerat,

218 1452 222 1457 ¹
304 1495 371 1537 una
392 1493 469 1535 eum
491 1468 623 1557 reliquis
647 1467 718 1547 ejus
742 1467 838 1549 bouis
863 1466 1067 1556 publicatum
1094 1469 1165 1537 luit.
1189 1470 1288 1553 Quod
1305 1471 1376 1536 fru-

304 1592 453 1642 mentum
471 1575 636 1640 Minucius
655 1574 781 1639 assibus
798 1574 833 1637 in
849 1572 978 1639 modios
994 1575 1108 1643 venale
1129 1599 1235 1667 quum
1254 1600 1376 1668 propo-

304 1684 437 1765 suisset,
461 1682 506 1746 ita
530 1680 673 1768 pretium
696 1679 789 1743 farris
814 1680 999 1763 imminuit,
1026 1672 1066 1744 itt
1090 1680 1196 1746 tribue
1220 1684 1377 1749 nundinis

303 1787 463 1855 tantidem
477 1787 513 1851 in
529 1787 601 1851 foro
616 1800 796 1874 prostaret:
813 1808 879 1873 qua
897 1783 939 1850 de
953 1808 1051 1850 causa
1061 1802 1167 1851 statua
1180 1789 1209 1851 ei
1221 1812 1240 1853 a
1253 1792 1378 1879 populo

304 1895 389 1985 stipe
407 1894 539 1972 collata,
557 1907 677 1957 statuta
694 1906 754 1955 eet.
770 1889 838 1954 Liv.
858 1891 916 1972 IV,
941 1892 1054 1956 12-16.
1068 1891 1151 1956 Plin.
1170 1893 1229 1957 ubi
1247 1918 1355 1985 supra.

348 2000 424 2066 Dixi
443 2014 519 2088 post
533 2012 763 2086 argumentum
782 1994 823 2060 ad
839 1996 897 2060 lib.
910 1998 1208 2081 ·Aoeus.·tertium,
1230 2002 1377 2065 bumen-

305 2124 378 2174 tum
393 2126 571 2173 oommune
589 2125 658 2168 esse
676 2124 811 2167 nomen.
833 2101 898 2166 Sed
916 2102 970 2167 hio
986 2118 1019 2167 et
1035 2103 1070 2167 In
1086 2106 1306 2193 superioribus
1324 2129 1377 2171 ao-

306 2214 392 2304 oipio
408 2235 469 2301 pro
485 2211 586 2292 farre,
600 2232 668 2298 quo
682 2209 757 2297 pult
773 2208 826 2272 illa
841 2207 1088 2291 conficiebatur,
1105 2212 1163 2298 qui
1179 2211 1303 2300 priscus
1315 2212 1378 2276 fuit

305 2322 531 2385 Romanorum
547 2316 670 2380 vietus:
687 2313 777 2380 undo
788 2313 967 2403 palti-sagi
979 2314 1095 2380 Plauto
1111 2316 1275 2383 dicuntun
1292 2317 1376 2383 Nam

303 2423 434 2514 panifici
454 2423 593 2510 pistores
614 2420 772 2509 ,incogniti
794 2421 979 2504 Quiritibus
996 2422 1092 2503 olim3
1113 2423 1239 2512 solique
1259 2425 1293 2488 in
1312 2447 1377 2489 usu

304 2530 344 2612 ii,
362 2527 420 2617 qui
433 2526 568 2593 farinam
582 2525 617 2588 in
631 2524 769 2612 pistrino
780 2527 963 2615 pinserent,
982 2526 1018 2592 id
1031 2544 1097 2609 est,
1111 2527 1301 2613 tunderent,
1317 2552 1375 2594 seu

305 2635 475 2700 molerent.
501 2632 548 2697 Μ.
569 2632 691 2714 Varro,
719 2630 808 2719 apud
831 2633 1002 2717 Nonium,
1035 2656 1107 2701 voc.
1124 2639 1260 2723 pinsere.
1291 2636 1375 2701 Plin.

305 2742 438 2822 XVIII,
459 2763 472 2804 1
495 2787 503 2806 .

348 2848 504 2935 Sequitur
523 2844 612 2937 apud
629 2845 789 2929 Plinium,
805 2844 935 2927 XVIII,
953 2845 991 2928 3,
1009 2848 1118 2913 'Ibebii
1137 2848 1274 2938 largitio.
1291 2851 1324 2914 Is
1342 2851 1376 2933 in

304 2953 455 3020 udilitate
476 2975 563 3017 anno
584 2950 648 3030 343
671 2951 797 3041 populo
820 2951 1025 3019 frumentum
1046 2970 1080 3018 et
1103 2955 1173 3043 ipse
1196 2955 1319 3020 assibus
1342 2958 1375 3021 in

304 3059 433 3127 modios
449 3057 617 3148 prmstitit:
636 3080 735 3146 quarn
754 3058 798 3122 ob
820 3080 951 3125 eausam
975 3059 1005 3124 ei
1021 3077 1135 3127 statute
1151 3059 1264 3126 dioatae
1281 3077 1376 3144 sunt,

303 3183 339 3231 et
364 3187 519 3253 supremo
544 3164 596 3230 die
623 3166 737 3253 populi
763 3167 909 3232 humeris
933 3185 1082 3258 portatus
1107 3170 1142 3237 In
1170 3192 1288 3259 rogum
1317 3187 1375 3234 est.

304 3272 422 3335 Postea
439 3268 578 3334 divitum
597 3268 694 3333 etiam
709 3269 914 3339 frumentum
931 3276 1129 3363 ostrapius,
1147 3291 1246 3364 atquo
1262 3275 1295 3343 id
1309 3276 1376 3339 fere

304 3398 364 3465 per
378 3373 504 3457 aediles3
521 3372 581 3440 sed
599 3375 737 3464 graviori
756 3378 882 3466 pretio,
905 3380 1001 3444 etiam
1020 3381 1055 3443 in
1075 3380 1197 3445 vilitate
1218 3403 1374 3462 annonae,

304 3505 404 3571 quam
421 3496 524 3545 antea.
548 3481 652 3546 Testis
667 3482 787 3567 Livius,
805 3486 919 3570 XXX,
938 3486 999 3567 26,
1016 3502 1049 3549 et
1064 3487 1192 3570 XXXI,
1210 3492 1242 3567 4.

348 3589 427 3653 Heso
442 3587 622 3675 antiquitus
646 3586 728 3652 facta
751 3606 848 3672 sunt,
870 3612 973 3677 quum
991 3591 1119 3681 largitio
1138 3616 1176 3657 ea
1193 3595 1301 3658 omnis
1316 3616 1376 3658 vo·

304 3694 442 3760 luntaria
460 3692 584 3775 adbuc,
607 3709 640 3759 et
655 3693 690 3757 iu
711 3695 846 3759 arbitrio
863 3712 921 3760 aut
940 3698 1185 3787 magistratuum
1201 3716 1301 3779 esset,
1320 3715 1378 3762 aut

305 3819 446 3868 senatus.
466 3802 683 3866 Frumentum
704 3802 793 3890 plebi
810 3801 947 3867 dabatur
962 3826 1030 3869 non
1049 3803 1130 3870 illud
1148 3804 1282 3893 quidem
1303 3826 1376 3892 gra·

306 3908 445 3990 tultum,
466 3906 524 3974 sed
547 3908 653 3997 predo
679 3907 852 3976 levissimo.
879 3909 972 3974 Plebs
994 3912 1128 4000 publico
1153 3914 1221 3976 l'ere
1240 3925 1375 3999 sumptu

304 4012 449 4076 alebatur
461 4035 470 4078 r
485 4014 556 4101 ipsa
570 4013 711 4080 vicissim
724 4013 833 4079 liboris
847 4015 1022 4083 educandis
1040 4018 1305 4085 subministrabat
1318 4019 1377 4082 rei-

304 4116 441 4210 publieo
462 4118 594 4201 milites,
616 4137 648 4184 et
663 4120 822 4209 sanguine
838 4145 898 4188 suo
919 4123 1118 4213 rependebat
1136 4126 1166 4192 ei
1183 4123 1302 4191 damna
1321 4146 1378 4214 pe·
