3054 4772
318 438 512 507 ORATIO
536 438 636 505 PRO
660 434 718 505 Μ’.
742 439 768 505 F
774 437 982 506 ONTEIO.
1111 432 1181 532 657
1206 476 1216 486 -

167 562 244 631 XII.
270 557 522 630 Recordamini
534 567 564 645 ¹,
576 555 730 653 judices,
747 568 999 657 quantopere⁹
1018 555 1184 631 laborare

119 667 281 757 soleatis,
300 693 376 739 non
397 667 508 739 modo
531 666 619 764 quid
641 666 767 740 dicatis
788 693 856 767 pro
876 671 1105 757 testimonie,
1121 667 1185 740 sed

120 780 247 865 etiam,
265 776 402 876 quibus
416 775 534 849 verbis
555 778 727 864 utamini,
746 802 793 848 ne
811 776 1048 875 quodminus
1064 777 1186 850 mode·

119 902 197 959 rate
224 892 401 986 positum,
430 887 600 984 nequod
625 886 671 957 ab
696 886 818 984 aliqua
843 886 1041 985 cupiditate
1064 888 1185 986 prola·

120 1020 227 1093 psum
241 993 393 1093 verbum
405 1019 483 1067 esse
495 993 660 1086 videatur
679 1022 688 1066 ε
707 996 829 1085 vultu,
848 996 1025 1095 denique,
1043 996 1187 1070 labora·

120 1108 185 1195 tis,
203 1132 250 1179 ne
271 1132 344 1205 qua
361 1104 552 1204 significari
578 1107 692 1205 possit
714 1109 872 1204 suspicio
895 1106 1119 1206 cupiditatis3
1144 1122 1187 1180 ut

121 1231 176 1306 et,
198 1241 313 1314 quum
338 1214 511 1314 proditis,
536 1216 750 1287 existimatio
769 1218 814 1288 sit
832 1216 997 1312 quaedam
1017 1218 1123 1289 tacita
1143 1215 1190 1288 de

121 1327 226 1396 vobis
243 1324 395 1423 pudoris
421 1349 463 1395 ac
486 1324 684 1427 religionis,
706 1339 762 1413 et,
786 1349 902 1422 quum
922 1323 1123 1413 disceditis,
1148 1348 1191 1397 ea

122 1435 313 1531 diligenter
329 1447 539 1505 conservata
552 1456 594 1504 ac
612 1449 755 1506 retenta
771 1433 947 1507 videatur.
974 1436 1093 1507 Credo
1114 1435 1194 1508 htcc

124 1543 250 1615 eadem
264 1542 560 1614 Induciomarum
572 1544 611 1613 in
631 1545 838 1615 testimonio
857 1547 1037 1633 timuisse,
1053 1560 1116 1618 aut
1130 1570 1194 1617 co-

125 1658 252 1752 gitasse
272 1682 280 1723 :
301 1654 366 1751 qui
379 1655 539 1752 primum
554 1651 646 1723 illud
658 1651 810 1725 verbum
825 1654 1195 1727 consideratissimum

126 1779 256 1835 nostrae
271 1763 560 1849 consuetudinis,
578 1787 758 1834 instruor
771 1758 799 1851 ³,
814 1786 889 1859 quo
904 1786 971 1832 nos
984 1766 1093 1835 etiam
1108 1779 1196 1836 tunc

126 1874 281 1961 utimur,
308 1897 425 1969 quum
445 1896 488 1942 ea
505 1870 658 1941 dicimus
677 1873 805 1967 jurati,
825 1896 907 1968 quae
924 1888 1110 1970 comperta
1128 1872 1195 1945 ha·

127 1981 273 2069 bemus,
301 2006 383 2078 quae
410 1981 480 2079 ipsi
508 1979 686 2069 vidimus,
711 2006 759 2079 ex
782 1994 864 2050 toto
892 1985 1099 2053 testimonio
1116 2009 1196 2056 -suo

129 2092 294 2181 sustulit,
312 2105 421 2188 atque
438 2089 560 2161 omnia
578 2114 616 2161 se
633 2093 724 2162 seire
742 2089 840 2161 dixit.
857 2090 1084 2163 Verebatur‘*
1099 2093 1198 2163 enim

127 2203 315 2289 videlicet,
339 2199 496 2299 nequid
520 2198 617 2297 apud
641 2224 706 2271 vos
726 2200 987 2298 populumque.
1001 2227 1198 2274 romanum

129 2313 176 2386 de
201 2313 464 2383 existimatione
491 2334 557 2381 sua
577 2307 810 2407 deperderet3
835 2335 974 2408 nequa
994 2309 1089 2384 fama
1107 2338 1197 2385 con·

130 2437 342 2521 sequeretur
363 2418 561 2516 ejusmodi,
583 2417 898 2509 Indutiomarum,
926 2422 1034 2493 talem
1058 2424 1200 2513 virum,

131 2547 205 2604 tam
225 2529 377 2628 cupide,
397 2544 471 2600 tam
487 2543 622 2601 temere
636 2529 780 2603 dixisse.
798 2533 883 2602 Non
903 2532 1146 2630 intelligebat,
1160 2558 1200 2607 se

132 2646 170 2713 in
189 2643 397 2713 testimonio
412 2640 504 2712 nihil
519 2654 648 2738 praeter
665 2664 791 2713 vocem
801 2694 818 2728 ,
834 2654 871 2713 et
886 2665 947 2728 os,
965 2657 1002 2714 et
1015 2642 1199 2716 audaciam

121 2740 253 2848 'neque
270 2748 408 2822 civibus
421 2753 511 2838 suis,
529 2774 651 2848 neque
667 2749 940 2823 accusatoribus
956 2754 1089 2824 nostris
1107 2778 1200 2852 prae·

134 2874 228 2930 stare
255 2856 398 2930 dehere.

185 2975 239 3041 An
265 2994 369 3059 vero,
391 2970 475 3040 istas
503 2971 669 3043 nationes
700 2972 875 3071 religione
900 2972 1139 3069 jurisjurandi
1159 2997 1203 3045 ac

137 3095 237 3153 metu
261 3080 413 3152 deorum
444 3080 701 3152 immortalium
730 3087 768 3154 in
800 3083 1015 3154 testimoniis
1041 3081 1203 3156 dicendis

172 3234 232 3280 xli.
250 3245 273 3279 1.
291 3230 470 3279 Recordomr'ni.
491 3233 541 3280 ilic
559 3231 648 3296 incipit
690 3227 761 3275 locos
771 3227 896 3275 Ciceronis
915 3228 941 3273 in
953 3226 1032 3275 Arnd.
1056 3228 1150 3288 Qoaest.
1165 3229 1205 3287 Π,

138 3300 336 3374 preclarissimus
352 3309 383 3358 de
393 3310 649 3386 diceudontestimouio
693 3312 724 3365 47
737 3306 881 3366 21M¹i⁰re⁸
899 3305 1007 3369 primum
1020 3305 1102 3365 inmo
1119 3322 1151 3355 ox
1163 3307 1203 3355 soi

139 3388 225 3451 locus,
242 3389 285 3437 sed
302 3389 347 3453 qui
363 3405 415 3437 uon
431 3389 536 3439 maxime
553 3389 649 3437 adrem
692 3383 767 3432 animi
778 3383 897 3431 sententia
917 3398 1036 3446 quemue
1053 3385 1202 3444 volueruntt

140 3468 215 3528 iecit,
227 3469 319 3533 quippe
331 3468 375 3532 qui
387 3467 487 3517 ridiculi
502 3468 604 3532 gollicot
614 3476 650 3515 ts-
693 3461 783 3512 deinde
798 3464 832 3511 ita
850 3463 938 3521 teneri,
959 3462 981 3509 ti
1000 3462 1079 3510 scions
1098 3463 1206 3523 fanan,

141 3557 204 3605 stes,
221 3547 325 3596 sednon
335 3546 455 3596 mendacii
467 3558 560 3610 ergoet.
694 3540 764 3606 quod
784 3540 909 3589 inscientia
929 3540 1005 3588 multe
1025 3552 1161 3590 vertentur
1178 3543 1206 3591 in

177 3641 203 3673 a.
214 3625 279 3686 Alii,
293 3637 321 3674 ut
333 3626 440 3690 partim,
453 3637 546 3690 quanto
569 3638 649 3689 opert.
694 3622 758 3678 τίω
775 3632 827 3669 tum
837 3621 880 3684 qui
889 3619 1055 3668 testimonium
1066 3620 1169 3679 deon,
1178 3631 1207 3670 ut

37 3764 42 3773 ῃ
141 3705 167 3759 J,
177 3703 212 3751 V.
222 3707 253 3752 L.
696 3698 848 3769 arbitrariae
869 3698 962 3746 diceret
980 3699 1052 3746 ctiam
1070 3699 1140 3761 quod
1154 3699 1208 3764 ipro

177 3784 203 3831 3.
222 3783 345 3831 Arbitror.
357 3783 392 3830 1²2
410 3793 462 3831 eret
475 3784 617 3831 Graecorum
628 3793 654 3832 ot
696 3778 813 3838 vidisset3
833 3792 937 3840 quaeque
957 3776 1034 3836 inuti
1053 3776 1147 3838 judicu
1163 3793 1209 3826 oo·

143 3865 310 3910 Romanorum
323 3861 439 3926 parim,
449 3872 477 3910 ut
490 3861 552 3909 nihil
564 3876 654 3925 perse,
699 3858 853 3922 guovisseut,
867 3867 895 3905 nt
908 3871 936 3903 e·
949 3870 1001 3904 non
1013 3871 1064 3905 etto
1075 3855 1152 3916 nou,
1165 3856 1209 3905 ssd

144 3938 515 4002 qmmrisjurati,rffirmarent,
530 3938 654 3987 eteoclem
697 3934 815 3986 utvideri
825 3935 1039 3998 propenderent».
1136 3986 1141 3993 ,

145 4019 255 4066 formuloe
267 4019 409 4085 genereipoi
418 4028 545 4067 uterentur
551 4018 654 4079 jndices,
733 4023 761 4072 t.
783 4013 919 4063 Verebatur
930 4012 1003 4062 enirn.
1023 4013 1105 4061 Itonia
1118 4028 1125 4063 :
1140 4002 1210 4078 qood

145 4101 202 4162 qui,
220 4113 297 4163 quum
314 4114 383 4147 reum
400 4100 554 4158 damnarent,
570 4096 656 4160 secius
699 4091 1026 4156 enimoliitesteupudnos
1034 4092 1111 4140 vereri
1121 4092 1212 4151 solent,

145 4175 227 4226 videri
245 4177 445 4241 pronuntiabant.
465 4178 598 4229 Pretium
618 4186 656 4230 est
699 4173 793 4229 ituihil
804 4188 904 4241 prorem
913 4172 960 4223 nlo
973 4171 1108 4223 verebatur.

222 4267 267 4336 Π.
291 4282 336 4332 Cic.
343 4297 399 4346 pars
411 4280 520 4331 urum.
1027 4261 1074 4343 [μ
