3148 4780
317 406 389 509 aaa
436 446 442 453 ·
645 423 693 492 Μ.
714 425 750 492 r.
771 427 1043 501 ciceronis
1091 494 1093 497 .
1176 431 1178 435 ·

312 538 736 644 quamantelquisenim
745 572 917 645 umquam
926 551 1371 656 istiuslibidiniobstititl),

312 656 378 729 sed
395 655 524 754 paullq
541 654 713 727 solutiore
728 670 851 729 tamen
869 662 989 731 animo
1005 685 1127 734 secum
1146 664 1243 736 illam
1261 667 1371 740 habe·

313 780 384 853 ret,
409 766 441 835 si
463 788 537 834 non
556 779 738 860 tamquam
762 766 896 857 virum,
924 784 961 839 at
990 785 1172 869 tamquam
1201 778 1399 861 aemulum,

312 875 531 945 removisset.
548 873 686 969 Accipit
706 896 833 946 navem
851 879 1033 950 sociorum
1051 895 1160 979 atque
1174 887 1371 958 amicorum

313 983 524 1055 Cleomenes
542 983 793 1076 Syracusanus.

361 1094 502 1162 XXXII.
526 1087 624 1180 Quid
648 1094 827 1187 primum¹
849 1107 911 1164 aut
929 1120 1111 1187 accusem,
1143 1116 1206 1172 aut
1225 1128 1371 1200 querar,

308 1198 469 1298 judices?
485 1199 652 1270 Siculone
669 1199 829 1291 homiui,
851 1202 974 1300 legati,
992 1214 1194 1304 quaestoris,
1213 1220 1371 1310 pretorio

201 1328 206 1339 ·
312 1311 471 1407 denique
491 1321 721 1405 potestatem,
740 1310 938 1404 honorem,
958 1320 1206 1392 auctoritatem
1221 1322 1319 1395 dari?
1335 1329 1371 1397 Si

311 1436 347 1492 te
368 1416 589 1516 impediebat
609 1417 675 1488 ista
696 1423 943 1495 conviviorum
972 1428 1239 1528 mulierumque
1262 1459 1369 1506 occu·

312 1530 432 1626 patio,
451 1525 515 1596 ubi
536 1530 773 1622 quaestores²l
796 1529 860 1602 ubi
877 1533 1009 1630 legati?
1026 1536 1091 1608 ubi
1111 1539 1244 1612 ternis³
1266 1543 1371 1616 dena·

311 1638 372 1708 riis
388 1637 600 1707 aestimatum
610 1633 832 1711 frumentum
842 1641 926 1713 lubi
934 1645 1114 1717 mulilubi
1122 1649 1371 1725 tabernacula?

210 1807 216 1833 ,
311 1745 377 1818 ubi
396 1760 453 1817 tot
469 1758 642 1843 tantaque
660 1764 870 1822 ornamenta
890 1755 1154 1850 magistratibus
1172 1775 1209 1830 et
1227 1761 1372 1858 legatis,

311 1870 471 1928 asenatu
485 1854 696 1952 populoque
708 1883 858 1930 romano
868 1866 1039 1957 permissa
1048 1880 1085 1937 et
1099 1867 1203 1939 data?
1214 1867 1372 1969 denique

311 1965 377 2054 ubi
396 1962 575 2064 praelecti⁴
598 1979 633 2035 et
649 1965 786 2037 tribuni
800 1969 875 2040 tui?
897 1971 933 2040 si
950 1973 1036 2042 civis
1054 1998 1224 2047 romanus
1241 1978 1371 2075 dignus

309 2080 379 2149 isto
391 2077 538 2174 negotio
554 2098 664 2146 nemo
674 2075 757 2163 fuit,
772 2077 862 2174 quid
877 2079 1057 2168 civitates,
1071 2107 1151 2178 quae
1164 2085 1202 2153 in
1216 2088 1370 2159 amicitia

310 2186 456 2284 fideque
481 2186 609 2283 populi
629 2190 769 2258 romani
788 2202 964 2286 perpetuo
984 2197 1211 2265 manserant?
1228 2194 1292 2266 ubi
1312 2200 1371 2268 Se·

309 2295 478 2394 gestana?
501 2293 565 2364 ubi
588 2298 824 2394 Centuripina
848 2300 999 2371 civitas?
1019 2325 1099 2398 quae
1120 2319 1204 2374 tum
1221 2304 1370 2396 officiis,

310 2405 401 2493 fide,
422 2417 618 2488 vetustate,
638 2408 837 2475 tumetium
853 2411 1068 2503 cognatione
1085 2414 1211 2508 populi
1228 2418 1371 2486 romani

343 2619 455 2670 mn.
471 2634 493 2665 r.
507 2618 575 2681 Quid
576 2617 684 2682 primm
692 2633 737 2669 aut
746 2638 818 2670 aecu-
860 2625 1367 2696 pellabatur.Vitl.lib.1V,eap.95Liviurn,

308 2716 367 2749 sem.
386 2696 510 2747 Invidiosa
527 2699 554 2744 in
565 2699 665 2746 Verrem
687 2699 817 2751 dubitatio.
859 2703 903 2752 lib.
915 2706 998 2765 xL11,
1010 2724 1064 2772 cap.
1077 2726 1100 2759 r.

309 2778 408 2845 Legati,
420 2774 701 2839 idest,vellcgcti,vel
713 2790 818 2842 quaesto-
896 2784 922 2832 3.
941 2785 1015 2847 Haeo,
1037 2787 1162 2851 usquead
1179 2787 1255 2851 elata,
1273 2793 1370 2841 Erunt.

308 2861 354 2917 ris,
365 2857 406 2906 vel
415 2855 536 2921 praetoris.
550 2855 609 2904 Non
621 2857 685 2903 enim
698 2867 747 2904 tres
758 2857 816 2905 istas
859 2859 958 2910 aliunde
993 2863 1042 2912 buc
1078 2858 1225 2930 immigrasse
1255 2872 1369 2921 somniat

308 2947 447 3003 potestates,
457 2934 500 2982 sed
511 2934 597 2982 berum
606 2950 678 2982 unam
691 2935 816 2984 Cleomeni
858 2938 886 2988 J.
896 2942 930 2988 V.
945 2942 971 2989 L.

309 3016 389 3064 datm
400 3014 473 3062 [nime
483 3013 592 3076 queritur
602 3022 692 3061 orator.
894 3026 920 3074 t.
936 3019 981 3067 Ubi
987 3019 1104 3087 praefecti.
1116 3023 1240 3073 Tribunos
1250 3028 1367 3091 militnm,

342 3109 368 3141 a.
384 3091 431 3141 tJtt
443 3095 593 3154 quaestores?
611 3091 653 3137 nbi
663 3090 758 3156 legati?
775 3093 816 3141 Ad
859 3096 1000 3160 prefectos,
1011 3099 1118 3164 legator,
1130 3115 1276 3165 quaestores,
1289 3124 1369 3156 seeum

308 3186 371 3233 quor
378 3169 491 3217 nimirum
503 3166 653 3231 pertinebat,
667 3180 691 3217 te
703 3170 814 3231 absente,
858 3174 885 3222 in
898 3179 1063 3240 provinciam,
1078 3180 1110 3228 erl
1123 3197 1194 3229 usum
1207 3185 1243 3231 rei
1260 3185 1369 3237 militm,

306 3247 375 3297 classi
387 3261 495 3310 praesse.
505 3271 541 3282 -
554 3244 601 3292 tsbi
611 3248 685 3294 certus
696 3248 814 3301 denariis.
859 3253 963 3319 ducebat
968 3271 1068 3321 praetor.
1077 3263 1136 3308 llaec
1141 3262 1207 3309 illius
1213 3276 1265 3313 erat
1271 3267 1368 3315 cohors.

307 3323 542 3375 curubiinceltam
554 3322 656 3371 dabutur
669 3325 815 3378 frumentum
858 3335 1368 3407 —Dr'gnusr'rtonegotinDignmquiclmi
1507 3332 1519 3384 s

306 3401 394 3471 (quod
409 3413 450 3459 tu,
470 3402 580 3463 quamvis
595 3413 691 3450 renatus
708 3409 814 3455 sestertia
857 3427 1022 3478 preessen-
1035 3418 1101 3479 Quid
1107 3419 1222 3471 civitates.
1231 3424 1271 3470 An
1279 3423 1366 3471 illm

306 3495 420 3549 quatem
429 3481 571 3544 instigator
580 3481 676 3530 modios
684 3485 814 3547 statuisset,
858 3494 907 3541 ruis
921 3493 1016 3542 ovibus
1028 3495 1151 3547 hominem
1165 3500 1221 3550 dm
1234 3518 1285 3549 non
1296 3514 1367 3566 pote·

306 3563 380 3613 ternis
395 3558 499 3610 donariis
514 3560 653 3619 aestimasti,
668 3563 815 3629 exegbtique
858 3583 929 3631 rant,
948 3574 991 3636 qui
1010 3574 1099 3640 dignus
1114 3594 1176 3630 esset
1190 3584 1238 3632 isto
1256 3583 1363 3647 negotio.

305 3644 336 3692 ab
349 3638 503 3704 aratoribus)
517 3640 564 3687 nisi
576 3651 606 3688 ut
619 3655 692 3704 opera
705 3653 746 3691 tua
757 3654 814 3693 tuo·
858 3650 973 3714 Quinque
982 3665 1050 3703 erant
1060 3657 1086 3705 in
1098 3659 1181 3709 Sicilia
1192 3663 1302 3710 civitates
1312 3654 1367 3726 qun

306 3719 691 3786 rnmquepopulusromanuapro
698 3721 815 3773 saluteso·
857 3743 952 3792 semper
969 3730 996 3778 in
1013 3730 1064 3783 fids
1081 3750 1226 3795 manserant.
1243 3740 1298 3790 Lib.
1312 3743 1365 3798 111,

306 3802 400 3848 ciorum
406 3798 816 3866 uteretur—Ubimulr'fflagistra·
858 3821 912 3870 cap.
920 3808 981 3856 6.-
991 3812 1037 3861 Ubi
1045 3815 1192 3880 Segestana?
1201 3820 1252 3867 Cur
1260 3821 1368 3883 Segesta.

306 3889 345 3924 tus
358 3889 442 3925 euntes
456 3877 483 3925 in
496 3879 662 3941 provinciam,
676 3880 763 3941 mulir,
777 3893 813 3929 ta·
858 3899 916 3933 num
934 3889 1012 3938 civem
1025 3893 1096 3940 classi
1108 3911 1159 3943 non
1171 3898 1319 3961 praefecisti?
1331 3926 1367 3935 -

306 3955 814 4016 ber-naculisqueetornnialioinstmmento
858 3964 1007 4029 &guanero
1020 3972 1111 4033 populi
1125 3974 1237 4035 mmani,
1250 3987 1297 4023 etc.
1310 3976 1366 4022 Hoc

305 4031 814 4099 militariornabantur,nequidtalesoclis
857 4042 887 4089 ad
912 4045 1033 4108 Segestam
1058 4058 1150 4099 tantum
1169 4055 1281 4117 pertimt.
1306 4052 1365 4101 Viti.
1458 4034 1463 4041 .

304 4112 458 4175 imperarent.
472 4112 526 4157 lior
538 4122 618 4159 autem
631 4116 758 4163 vasatium
770 4133 813 4180 np-
856 4120 899 4169 lib·
914 4124 959 4183 lV,
969 4140 1025 4188 cap.
1041 4127 1083 4176 3³.

702 4189 712 4215 O
