3176 4770
385 414 441 484 IN
465 412 688 482 VERREM
712 414 819 483 ACT.
836 415 896 498 ll,
921 416 1017 484 LIB.
1036 419 1106 487 lll.
1230 448 1275 518 97

221 540 254 607 P.
272 536 434 634 Rupilio,
448 546 510 605 aut
525 536 573 602 Μ.
589 532 770 628 Aquilli0,
789 534 1037 630 praetoribus⁶,
1048 539 1084 609 in
1102 563 1180 610 eam
1197 566 1280 640 pro·
1325 542 1327 547 ⁴

221 648 370 717 vinciam
395 656 656 731 successerant,
674 657 833 713 aratores
855 644 1016 740 reliquos
1039 673 1112 718 non
1134 651 1281 751 collige·

217 755 341 827 bauti.
361 761 524 826 Tantone
542 752 624 850 plus
647 758 776 824 Verres
799 776 882 823 cum
902 758 1067 851 Apronio
1088 765 1279 856 provinciae

218 867 342 938 Siciliae
359 864 568 936 calamitatis
591 867 815 960 importavit,
841 887 949 960 quam
974 862 1060 937 aut⁸
1079 871 1279 946 Hasdrubal

217 1001 300 1049 cum
320 980 517 1047 Poenorum
538 976 717 1057 exercitu,
742 986 805 1043 aut
829 972 986 1045 Athenio
1008 999 1091 1046 cum
1109 976 1277 1078 fugitivo·

216 1113 297 1159 rum
315 1087 476 1167 maximis
496 1085 630 1182 copiis3
644 1097 684 1154 ut
701 1083 927 1180 temporibus
943 1085 1032 1171 illis,
1048 1089 1155 1160 simul
1172 1105 1281 1189 atque'

216 1197 328 1269 hostis
352 1210 542 1296 superatus
571 1209 684 1280 esset,
711 1218 796 1290 ager
821 1210 982 1267 araretur
1005 1201 1142 1287 omnis,
1159 1225 1280 1299 neque

215 1309 347 1378 aratori
374 1320 507 1404 praetor
532 1329 598 1401 per
622 1303 766 1375 literas⁹
791 1305 1028 1402 supplicaret,
1055 1332 1175 1406 neque
1196 1338 1280 1383 eum

215 1441 372 1515 praesens
394 1429 514 1486 oraret
527 1426 570 1503 ¹⁰,
594 1429 636 1483 ut
658 1438 768 1510 quam
787 1414 983 1510 plurimum
1007 1436 1161 1508 sereret,
1182 1448 1282 1494 nunc

215 1541 358 1611 autem,
389 1549 436 1594 ne
463 1539 547 1621 post
571 1522 711 1593 abitum
739 1523 887 1619 quidem
915 1525 1023 1620 hujus
1049 1529 1282 1629 importunis·

216 1637 313 1705 simae
329 1638 458 1732 pestis,
476 1634 669 1730 quisquam
687 1636 917 1729 reperiretur,
936 1640 1003 1733 qui
1018 1662 1081 1710 sua
1095 1641 1282 1719 voluntate

214 1745 355 1816 araret?
375 1746 481 1841 pauci
503 1757 625 1815 essent
645 1743 797 1840 reliqui,
818 1747 882 1842 qui
903 1750 943 1816 L.
967 1748 1102 1821 Metelli
1124 1758 1280 1825 auctori·

215 1869 287 1926 tate
305 1857 342 1924 in
364 1878 485 1951 agros,
504 1867 613 1949 atque
632 1851 678 1922 ad
698 1877 804 1923 suum
823 1853 935 1925 larem
956 1853 1165 1932 familiarem
1182 1862 1280 1935 redi·

213 1966 319 2035 rent?
339 1965 401 2034 His
421 1977 458 2033 te
481 1963 615 2048 literis,
640 1960 752 2031 homo
775 1962 1010 2037 audacissime
1031 1983 1141 2065 atque
1160 1996 1289 2043 amen·

215 2077 347 2146 tissime
359 2129 369 2162 ,
380 2073 584 2170 jugulatum
601 2095 678 2142 esse
695 2095 770 2141 non
787 2074 920 2144 sentis?
937 2098 1011 2145 non
1028 2076 1147 2165 vides,
1165 2104 1279 2175 quum

214 2188 259 2271 is,
279 2188 343 2281 qui
364 2183 431 2254 tibi
452 2183 640 2269 successit,
660 2196 818 2252 aratores
836 2183 996 2280 reliquos
1011 2187 1186 2282 appellet,
1211 2188 1282 2262 hoc

213 2319 297 2365 cum
311 2292 442 2365 diserte
460 2292 638 2377 scribere,
652 2291 815 2387 reliquos
829 2291 897 2362 hos
913 2317 1010 2379 esse,
1024 2319 1099 2365 uon
1114 2321 1158 2368 ex
1171 2298 1280 2389 belle,

214 2426 332 2499 neque
360 2427 402 2474 ex
428 2399 549 2497 aliqua
573 2399 784 2495 hujusmodi
811 2401 1030 2493 calamitate,
1059 2406 1122 2477 sed
1148 2432 1191 2478 ex
1216 2425 1280 2482 tuo

214 2513 367 2599 scelere,
395 2511 688 2610 importunitate,
706 2511 872 2600 avaritia,
897 2512 1133 2588 crudelitate?
1158 2524 1281 2591 Recita

213 2639 340 2701 cetera.
354 2628 485 2693 Tauri-:rt
500 2645 570 2692 rao
587 2644 652 2705 so,
671 2644 717 2690 ur
731 2645 908 2693 raurorus
926 2648 1175 2715 Diamounas,
1193 2656 1280 2700 arra-

214 2758 410 2818 ronuuoua
425 2756 579 2803 partums
597 2755 712 2801 rutra.
731 2737 945 2819 Aratorum,
962 2735 1097 2830 inquit,
1116 2741 1278 2833 penuria.

216 2848 252 2918 Si
269 2872 336 2944 ego
350 2861 535 2920 accusator
548 2846 654 2916 toties
668 2843 713 2915 de
728 2870 768 2927 re
784 2845 910 2917 eadem
928 2845 1107 2937 dicerem,
1123 2874 1277 2939 vererer,

214 2981 261 3027 ne
285 2961 423 3028 animos
445 2971 583 3027 vestros
606 2952 850 3040 offenderem,
870 2954 1036 3050 judices:
1059 2959 1187 3030 clamat
1204 2964 1279 3033 Me·

215 3067 322 3137 tellus
336 3093 344 3135 :
357 3069 435 3137 Nisi
452 3091 596 3136 Lirenas
611 3089 796 3136 ursrssau:
817 3089 891 3135 non
909 3081 964 3139 est
981 3070 1073 3139 satis.
1092 3071 1170 3140 Nisi
1188 3096 1279 3142 aaa·

213 3201 296 3248 sans
312 3198 582 3247 confirmassem
597 3201 604 3241 :
625 3199 671 3245 ue
688 3172 723 3243 id
740 3174 888 3271 quidem
905 3177 988 3247 satis
1002 3193 1066 3249 est.
1080 3183 1277 3271 Rationes,
1304 3242 1308 3247 .

214 3287 351 3383 inquit,
372 3307 575 3355 aaaronas:
598 3282 781 3378 reliquos?
799 3309 914 3383 prope
933 3287 1079 3386 lugubri
1092 3289 1204 3362 verbo
1221 3318 1275 3364 ca·

131 3424 141 3437 ·
212 3396 407 3467 lamitatem
427 3393 622 3492 provinciae
644 3392 767 3463 Sicilia
785 3394 959 3492 significat
975 3424 982 3465 :
1001 3397 1115 3487 addit,
1135 3405 1275 3474 Auaro-

213 3533 290 3578 auu
308 3532 477 3578 prauam.

248 3690 273 3735 6.
287 3688 445 3737 Prtetorr'bur.
466 3686 495 3735 ld
506 3699 554 3746 eat,
565 3686 718 3751 proconsuli·
764 3684 830 3733 bello
847 3687 927 3749 primo
950 3690 1045 3737 Punico
1062 3690 1153 3738 bellum
1166 3696 1237 3754 gessit
1250 3694 1276 3741 in

212 3767 272 3826 bns3
284 3784 339 3815 nam
354 3769 492 3831 promiscue
504 3783 568 3832 sape
582 3777 719 3815 sumuntur.
764 3762 854 3812 Sicilia.
873 3765 961 3831 Polyb.
974 3767 1017 3815 lib.
1027 3770 1046 3816 l.

248 3863 272 3906 7.
287 3848 345 3894 Non
360 3846 516 3910 colligebant.
530 3846 594 3907 Quis
608 3861 659 3893 nou
670 3843 720 3892 dil·
801 3857 825 3904 9.
835 3845 884 3889 Per
894 3844 978 3892 literas
989 3844 1145 3908 supplicaret.
1160 3848 1202 3896 uu
1215 3864 1273 3916 sup-

212 3926 337 3989 lugsrrnt,
355 3935 384 3972 ut
396 3914 471 3973 Verre
490 3935 594 3989 praetore
615 3923 719 3987 diffuge-
764 3920 867 3986 plicavit
884 3923 1008 3973 Metellus.

152 4044 156 4049 .
214 4016 280 4052 runt.
401 4032 404 4039 ‹
803 4004 968 4050 100Praesens
990 4015 1082 4054 oraret.
1098 4008 1130 4055 Ut
1145 4006 1209 4056 idem
1222 4010 1276 4058 Me-

252 4085 274 4130 ³.
287 4082 432 4131 Hasdrubal.
442 4083 526 4131 Plures
534 4083 607 4144 hujus
615 4082 720 4129 nominis
764 4078 843 4128 tellus.
853 4081 890 4128 De
903 4080 1056 4142 Athenione,
1069 4101 1192 4135 servorum
1208 4105 1277 4153 rege,

215 4152 366 4215 reperiuntur
374 4155 461 4212 duem
472 4153 512 4201 ille
522 4153 649 4202 Hannonis
657 4153 721 4200 lilius
766 4157 797 4204 cf.
809 4158 873 4206 Flor.
887 4160 936 4224 111,
952 4177 991 4226 19,
1004 4179 1030 4228 p.
1041 4164 1092 4227 259
1106 4165 1145 4214 ed.
1155 4177 1219 4215 nost.

310 4244 356 4311 Il.
380 4258 424 4303 cu.
434 4273 491 4319 pars
501 4256 608 4302 secunda.
1136 4278 1156 4347 7
