3200 4768
514 403 581 469 DE
606 402 669 469 RE
697 406 1080 476 FRUMENI'ARIA.
1268 410 1335 504 189

272 539 351 589 runt
375 524 500 603 Sicilia,
525 523 650 603 Africa,
676 524 839 607 Sardinia,
863 529 1033 616 Hispania,
1060 529 1199 610 Boeotia,
1223 531 1333 595 Mace·

272 632 388 705 donia,
407 629 644 704 Chersonesus,
660 631 752 711 Asia,
769 633 879 720 Syria,
897 631 1078 722 AEgyptus:
1098 656 1115 696 e
1132 634 1250 721 quibus
1264 660 1336 701 om.

272 736 387 813 nibus,
403 735 430 798 si
451 733 627 823 AEgyptum
653 736 811 824 excipias,
834 760 906 824 quae
934 760 1018 819 non,
1048 724 1210 827 nisi'post
1236 742 1336 806 funus

271 840 470 930 reipublicae,
486 840 651 928 provincia
669 841 710 905 ab
726 843 873 931 Augusto
889 844 973 906 lacta
989 858 1056 924 est,
1070 846 1226 908 frumenti
1239 849 1338 910 maxi·

271 970 344 1012 mus
367 970 522 1011 numerus
549 949 685 1010 Romam
709 946 860 1012 advectus
879 964 946 1024 est,
963 963 1020 1012 aut
1036 949 1160 1037 publici
1182 972 1220 1013 ex
1237 953 1337 1015 recti·

270 1053 414 1143 galibus3
430 1069 487 1117 aut
503 1054 784 1118 senatusconsulto
805 1054 924 1142 cmpti3
943 1070 999 1125 aut
1014 1055 1162 1143 privatim
1178 1077 1197 1118 a
1213 1068 1336 1120 merca-

202 1195 204 1198 <
267 1160 403 1223 toribus.
426 1160 549 1229 Harum
565 1160 806 1248 provinciarum
820 1159 967 1223 meminit
979 1160 1110 1241 Cicero,
1123 1160 1207 1225 libro
1221 1163 1335 1242 tertio,

267 1265 301 1328 in
318 1266 452 1329 Verrem
468 1264 606 1354 passim;
629 1280 661 1328 et
681 1287 741 1352 pro
761 1265 831 1354 lege
850 1264 998 1347 Manilia,
1013 1286 1082 1353 cap.
1104 1287 1161 1347 1a,
1180 1266 1236 1331 ubi
1252 1266 1333 1331 sici-

267 1374 361 1450 liam,
379 1374 536 1452 Africam,
554 1371 751 1452 Sardiniam,
774 1374 834 1435 tria
857 1373 956 1437 fuisse
974 1388 1111 1437 testatur
1126 1374 1337 1439 frumentaria

267 1477 412 1542 subsidia
427 1477 620 1566 reipublicae.

311 1583 460 1646 Diximus
494 1599 568 1671 post
598 1598 827 1671 argumentum
857 1583 931 1646 libri
963 1585 1048 1648 tertii
1079 1602 1237 1672 quantum
1267 1586 1335 1649 fru-

269 1688 371 1751 menti
404 1709 579 1751 numerum
612 1687 716 1751 Sicilia
756 1689 932 1775 quotannis
963 1690 1074 1752 Romae
1106 1689 1335 1778 suppeditaret.

268 1791 410 1856 Africani
444 1792 599 1856 frumenti
634 1790 769 1855 modum
808 1807 948 1856 statuere
977 1815 1045 1857 non
1074 1794 1117 1857 ita
1143 1810 1334 1883 promptum

267 1914 324 1962 est.
350 1898 434 1963 Nam
460 1898 549 1986 quod
565 1898 610 1961 ait
625 1898 818 1962 Plutarchus
842 1899 876 1961 in
898 1899 980 1963 Caes.
1002 1902 1160 1963 Caesarem
1180 1887 1334 1965 Africano

266 2002 351 2067 bello
370 2002 521 2066 confecto
539 2024 726 2084 reversum,
746 2002 779 2064 in
797 2002 956 2068 concione
974 2004 1072 2068 fuisse
1088 2004 1281 2094 gloriatum,
1300 2027 1334 2067 se

264 2109 431 2199 regionem
460 2104 625 2196 subegisse
649 2122 789 2187 tantam,
814 2124 851 2171 ut
876 2131 915 2171 ex
940 2132 976 2171 ea
997 2109 1171 2196 quotannis
1192 2109 1333 2196 populus

264 2236 418 2278 romanus
443 2228 559 2301 praeter
579 2211 642 2275 olei
666 2209 779 2299 pondo
799 2212 906 2276 tricies
929 2229 1066 2276 centena
1086 2211 1204 2294 millia,
1220 2235 1333 2301 perce·

264 2336 380 2407 pturus
406 2334 489 2383 esset
512 2316 668 2381 frumenti
690 2315 829 2380 ducenta
854 2317 953 2380 millia
978 2315 1184 2381 medimnum
1216 2318 1332 2383 attico·

263 2448 355 2507 rum,
378 2425 442 2488 hoc
456 2440 525 2505 est,
546 2422 719 2487 duodecies
740 2441 876 2487 centena
894 2422 993 2487 millia
1016 2422 1202 2488 modiorum
1223 2448 1331 2489 roma·

264 2554 401 2611 norum,
415 2529 450 2594 id
463 2553 523 2595 nos
539 2531 573 2593 in
591 2552 630 2594 eo
645 2528 873 2594 constituendo
887 2529 999 2594 leviter
1012 2527 1150 2608 adjuvat.
1171 2532 1231 2594 Cui
1243 2531 1332 2595 enim

263 2637 494 2726 persuadeatur
513 2653 577 2701 tam
594 2637 748 2725 exiguum
763 2628 896 2724 vectigal
915 2637 955 2701 ab
970 2637 1077 2701 Africa
1096 2638 1260 2719 universa,
1282 2639 1331 2702 fe·

263 2743 424 2807 rarissima
440 2743 591 2832 regione,
608 2758 757 2807 exactum
773 2742 899 2807 fuisse?
918 2745 983 2806 Aut
999 2741 1097 2831 igitur
1110 2742 1144 2805 in
1160 2741 1332 2809 referendo

265 2846 350 2912 dicto
364 2850 495 2914 Caesaris
512 2850 620 2938 lapsus
635 2866 701 2930 est,
715 2864 752 2913 nt
768 2871 852 2937 soepe
868 2849 901 2912 in
921 2847 1018 2912 rebus
1033 2848 1174 2911 romanis
1188 2848 1334 2912 scriben-

265 2953 333 3035 dis,
350 2954 451 3020 homo
469 2980 608 3046 graecus,
631 2971 688 3021 aut
705 2956 774 3021 haec
797 2955 838 3020 de
856 2954 1053 3044 quibusdam
1073 2970 1200 3018 tantum
1215 2955 1331 3020 Africae

264 3060 465 3144 civitatibus,
488 3078 525 3124 ut
550 3063 618 3126 vult
641 3064 866 3149 Contarenus,
892 3060 1078 3150 accipienda
1102 3077 1189 3125 sunt.
1214 3061 1331 3149 Neque

215 3170 218 3175 ⁴
265 3166 359 3230 nobis
377 3165 531 3254 praelucet
541 3167 576 3230 in
589 3190 625 3231 re
637 3183 702 3231 tam
717 3167 856 3232 obscura
871 3167 1003 3256 Iosephi
1019 3169 1110 3232 locus
1127 3189 1167 3230 ex
1183 3166 1330 3231 oratione

263 3271 412 3361 Agrippae
425 3270 466 3335 ad
483 3268 611 3334 Iudaeos
630 3270 692 3357 (de
707 3272 795 3336 Bello
808 3268 883 3338 Jud.
899 3273 946 3355 11,
966 3274 1025 3354 16,
1040 3295 1112 3363 pag.
1132 3273 1193 3359 189
1210 3289 1242 3336 et
1257 3293 1331 3358 191,

262 3377 340 3443 edit.
364 3376 480 3464 Vest.)
502 3401 566 3466 qua
589 3400 646 3441 eos
666 3401 684 3442 a
704 3379 789 3465 bellp
810 3395 924 3443 contra
944 3381 1109 3444 Romanos
1126 3378 1330 3467 suscipiendo

262 3483 461 3548 dehortatur.
484 3483 525 3547 ln
545 3507 582 3548 ea
602 3507 659 3548 rex
680 3484 733 3547 ille
752 3483 893 3549 affirmat
908 3485 1050 3550 Africam
1072 3502 1147 3550 octo
1166 3483 1331 3548 mensibus

261 3590 419 3679 populum
436 3612 609 3654 romanum
622 3591 730 3672 alere3
743 3589 923 3679 AEgyptum
937 3591 1112 3678 quaternis.
1131 3591 1169 3653 In
1185 3612 1251 3676 quo
1265 3611 1331 3652 suoe

261 3717 364 3759 causae
387 3696 507 3786 magis,
531 3719 629 3783 quam
650 3696 799 3774 veritati,
823 3719 900 3759 eum
919 3697 1039 3760 semine
1057 3711 1205 3783 apertum
1222 3710 1281 3759 est.
1298 3694 1332 3759 Si

261 3801 347 3864 enim
364 3802 408 3865 ita
430 3824 464 3865 se
480 3824 530 3866 res
547 3802 719 3884 habuerit,
741 3801 824 3865 nibil
847 3803 1012 3866 frumento
1033 3816 1125 3864 tanto
1141 3823 1180 3863 ex
1200 3816 1251 3865 tot
1263 3800 1332 3865 aliis

260 3904 434 3996 provinciis
450 3905 625 3994 importato
643 3928 726 3995 opus
744 3905 853 3970 fuerit.
871 3905 1088 3993 Importatum
1107 3920 1215 3968 tamen
1233 3907 1333 3970 fnisse

262 4034 299 4074 ex
318 4034 416 4100 supra
436 4011 621 4075 memoratis
633 4010 808 4101 provinciis
824 4026 950 4077 constat
966 4034 1005 4075 ex
1018 4011 1141 4093 Plinio,
1155 4012 1281 4092 XVIII,
1299 4034 1330 4097 7.

265 4117 342 4180 Aliis
358 4118 455 4180 etiam
477 4118 676 4205 argumentis
699 4116 800 4182 refelli
820 4118 922 4207 possit
938 4118 1091 4207 Agrippa.
1110 4116 1173 4182 Sed
1186 4118 1261 4206 quia
1274 4118 1333 4181 ista
