<?xml version="1.0" encoding="UTF-8"?>
<!DOCTYPE html PUBLIC "-//W3C//DTD XHTML 1.0 Transitional//EN"
    "http://www.w3.org/TR/xhtml1/DTD/xhtml1-transitional.dtd">
<html xmlns="http://www.w3.org/1999/xhtml" xml:lang="en" lang="en">
 <head>
  <title>
</title>
<meta http-equiv="Content-Type" content="text/html;charset=utf-8" />
  <meta name='ocr-system' content='tesseract 3.04.00' />
  <meta name='ocr-capabilities' content='ocr_page ocr_carea ocr_par ocr_line ocrx_word'/>
</head>
<body>
  <div class='ocr_page' id='page_1' title='image "./mtciceronisquae00bouigoog_0617.png"; bbox 0 0 3016 4774; ppageno 0'>
   <div class='ocr_carea' id='block_1_1' title="bbox 347 384 1045 491">
    <p class='ocr_par' dir='ltr' id='par_1_1' title="bbox 347 384 1045 491">
     <span class='ocr_line' id='line_1_1' title="bbox 347 384 1045 491; baseline -0.021 -12"><span class='ocrx_word' id='word_1_1' title='bbox 347 407 416 491; x_wconf 71' lang='lat'>564</span> <span class='ocrx_word' id='word_1_2' title='bbox 696 398 977 468; x_wconf 75' lang='lat' dir='ltr'>exeussus</span> <span class='ocrx_word' id='word_1_3' title='bbox 1002 384 1045 465; x_wconf 72' lang='lat' dir='ltr'>vj</span> 
     </span>
    </p>
   </div>
   <div class='ocr_carea' id='block_1_2' title="bbox 344 516 1434 1133">
    <p class='ocr_par' dir='ltr' id='par_1_2' title="bbox 344 516 1434 1133">
     <span class='ocr_line' id='line_1_2' title="bbox 344 516 1434 618; baseline -0.012 -27"><span class='ocrx_word' id='word_1_4' title='bbox 344 525 478 618; x_wconf 86' lang='lat' dir='ltr'>quidem</span> <span class='ocrx_word' id='word_1_5' title='bbox 491 520 648 603; x_wconf 83' lang='lat' dir='ltr'>secando,</span> <span class='ocrx_word' id='word_1_6' title='bbox 667 537 700 585; x_wconf 88' lang='lat' dir='ltr'>et</span> <span class='ocrx_word' id='word_1_7' title='bbox 712 519 839 585; x_wconf 90' lang='lat' dir='ltr'>urendo</span> <span class='ocrx_word' id='word_1_8' title='bbox 851 518 1044 599; x_wconf 87' lang='lat' dir='ltr'>Lambinus,</span> <span class='ocrx_word' id='word_1_9' title='bbox 1058 532 1092 581; x_wconf 91' lang='lat' dir='ltr'>et</span> <span class='ocrx_word' id='word_1_10' title='bbox 1104 516 1238 580; x_wconf 87' lang='lat' dir='ltr'>mollius</span> <span class='ocrx_word' id='word_1_11' title='bbox 1252 531 1434 604; x_wconf 75' lang='lat' dir='ltr'>pertentat</span> 
     </span>
     <span class='ocr_line' id='line_1_3' title="bbox 344 622 1433 714; baseline -0.013 -16"><span class='ocrx_word' id='word_1_12' title='bbox 344 633 449 700; x_wconf 80' lang='lat' dir='ltr'>Faber</span> <span class='ocrx_word' id='word_1_13' title='bbox 461 654 470 696; x_wconf 74' lang='lat' dir='ltr'><strong><em>z</em></strong></span> <span class='ocrx_word' id='word_1_14' title='bbox 482 652 598 695; x_wconf 82' lang='lat' dir='ltr'>verum</span> <span class='ocrx_word' id='word_1_15' title='bbox 607 627 734 693; x_wconf 83' lang='lat' dir='ltr'>codices</span> <span class='ocrx_word' id='word_1_16' title='bbox 749 642 827 691; x_wconf 84' lang='lat' dir='ltr'>sunt</span> <span class='ocrx_word' id='word_1_17' title='bbox 841 622 1047 714; x_wconf 86' lang='lat' dir='ltr'>exspectandi</span> <span class='ocrx_word' id='word_1_18' title='bbox 1057 623 1218 687; x_wconf 87' lang='lat' dir='ltr'>meliores.</span> <span class='ocrx_word' id='word_1_19' title='bbox 1230 623 1343 687; x_wconf 80' lang='lat' dir='ltr'>Certe</span> <span class='ocrx_word' id='word_1_20' title='bbox 1353 623 1433 686; x_wconf 83' lang='lat' dir='ltr'>ferri</span> 
     </span>
     <span class='ocr_line' id='line_1_4' title="bbox 346 729 1430 826; baseline -0.011 -22"><span class='ocrx_word' id='word_1_21' title='bbox 346 761 415 804; x_wconf 90' lang='lat' dir='ltr'>non</span> <span class='ocrx_word' id='word_1_22' title='bbox 431 753 540 826; x_wconf 90' lang='lat' dir='ltr'>potest</span> <span class='ocrx_word' id='word_1_23' title='bbox 557 759 621 801; x_wconf 83' lang='lat' dir='ltr'>vox</span> <span class='ocrx_word' id='word_1_24' title='bbox 637 736 770 815; x_wconf 73' lang='lat' dir='ltr'>actoni,</span> <span class='ocrx_word' id='word_1_25' title='bbox 783 754 848 820; x_wconf 81' lang='lat' dir='ltr'>qua</span> <span class='ocrx_word' id='word_1_26' title='bbox 867 732 935 795; x_wconf 91' lang='lat' dir='ltr'>sola</span> <span class='ocrx_word' id='word_1_27' title='bbox 954 729 1075 811; x_wconf 83' lang='lat' dir='ltr'>deleta,</span> <span class='ocrx_word' id='word_1_28' title='bbox 1099 751 1215 794; x_wconf 83' lang='lat' dir='ltr'>sensus</span> <span class='ocrx_word' id='word_1_29' title='bbox 1240 744 1430 793; x_wconf 75' lang='lat' dir='ltr'>constaret.</span> 
     </span>
     <span class='ocr_line' id='line_1_5' title="bbox 346 833 1429 932; baseline -0.01 -23"><span class='ocrx_word' id='word_1_30' title='bbox 346 842 560 932; x_wconf 85' lang='lat' dir='ltr'>Interrogatio</span> <span class='ocrx_word' id='word_1_31' title='bbox 579 856 654 930; x_wconf 84' lang='lat' dir='ltr'>post</span> <span class='ocrx_word' id='word_1_32' title='bbox 674 863 704 904; x_wconf 81' lang='lat' dir='ltr'>r.</span> <span class='ocrx_word' id='word_1_33' title='bbox 727 860 804 925; x_wconf 80' lang='lat' dir='ltr'>ages</span> <span class='ocrx_word' id='word_1_34' title='bbox 820 836 901 901; x_wconf 90' lang='lat' dir='ltr'>mihi</span> <span class='ocrx_word' id='word_1_35' title='bbox 924 858 993 900; x_wconf 91' lang='lat' dir='ltr'>non</span> <span class='ocrx_word' id='word_1_36' title='bbox 1008 835 1127 924; x_wconf 86' lang='lat' dir='ltr'>placet,</span> <span class='ocrx_word' id='word_1_37' title='bbox 1147 834 1207 898; x_wconf 82' lang='lat' dir='ltr'>etsi</span> <span class='ocrx_word' id='word_1_38' title='bbox 1236 851 1290 899; x_wconf 78' lang='lat' dir='ltr'>est</span> <span class='ocrx_word' id='word_1_39' title='bbox 1316 836 1357 898; x_wconf 90' lang='lat' dir='ltr'>in</span> <span class='ocrx_word' id='word_1_40' title='bbox 1379 833 1429 898; x_wconf 85' lang='lat' dir='ltr'>ed</span> 
     </span>
     <span class='ocr_line' id='line_1_6' title="bbox 351 934 1430 1033; baseline -0.013 -22"><span class='ocrx_word' id='word_1_41' title='bbox 351 945 434 1026; x_wconf 69' lang='lat'>1480</span> <span class='ocrx_word' id='word_1_42' title='bbox 456 946 561 1033; x_wconf 87' lang='lat' dir='ltr'>Naug.</span> <span class='ocrx_word' id='word_1_43' title='bbox 588 958 650 1006; x_wconf 89' lang='lat' dir='ltr'>etc.</span> <span class='ocrx_word' id='word_1_44' title='bbox 670 939 788 1005; x_wconf 81' lang='lat' dir='ltr'>Melius</span> <span class='ocrx_word' id='word_1_45' title='bbox 805 939 839 1000; x_wconf 93' lang='lat' dir='ltr'>in</span> <span class='ocrx_word' id='word_1_46' title='bbox 858 938 926 1002; x_wconf 80' lang='lat' dir='ltr'>Eri.</span> <span class='ocrx_word' id='word_1_47' title='bbox 942 935 1127 1017; x_wconf 87' lang='lat' dir='ltr'>collocatur,</span> <span class='ocrx_word' id='word_1_48' title='bbox 1145 951 1184 999; x_wconf 88' lang='lat' dir='ltr'>ut</span> <span class='ocrx_word' id='word_1_49' title='bbox 1199 935 1318 999; x_wconf 82' lang='lat' dir='ltr'>Faber</span> <span class='ocrx_word' id='word_1_50' title='bbox 1341 934 1430 999; x_wconf 79' lang='lat' dir='ltr'>vole·</span> 
     </span>
     <span class='ocr_line' id='line_1_7' title="bbox 348 1034 1429 1133; baseline -0.009 -19"><span class='ocrx_word' id='word_1_51' title='bbox 348 1034 423 1133; x_wconf 76' lang='lat' dir='ltr'>bat,</span> <span class='ocrx_word' id='word_1_52' title='bbox 448 1062 505 1112; x_wconf 92' lang='lat' dir='ltr'>aut</span> <span class='ocrx_word' id='word_1_53' title='bbox 520 1068 596 1111; x_wconf 85' lang='lat' dir='ltr'>curn</span> <span class='ocrx_word' id='word_1_54' title='bbox 612 1045 704 1110; x_wconf 90' lang='lat' dir='ltr'>Grut.</span> <span class='ocrx_word' id='word_1_55' title='bbox 723 1058 756 1107; x_wconf 91' lang='lat' dir='ltr'>et</span> <span class='ocrx_word' id='word_1_56' title='bbox 768 1042 837 1106; x_wconf 88' lang='lat' dir='ltr'>aliis</span> <span class='ocrx_word' id='word_1_57' title='bbox 856 1041 916 1121; x_wconf 88' lang='lat' dir='ltr'>sic,</span> <span class='ocrx_word' id='word_1_58' title='bbox 933 1037 1049 1104; x_wconf 82' lang='lat' dir='ltr'>«etad</span> <span class='ocrx_word' id='word_1_59' title='bbox 1064 1038 1162 1103; x_wconf 68' lang='lat' dir='ltr'>anim</span> <span class='ocrx_word' id='word_1_60' title='bbox 1180 1060 1262 1129; x_wconf 87' lang='lat' dir='ltr'>ages</span> <span class='ocrx_word' id='word_1_61' title='bbox 1284 1040 1429 1120; x_wconf 75' lang='lat' dir='ltr'>injuria·</span> 
     </span>
    </p>
   </div>
   <div class='ocr_carea' id='block_1_3' title="bbox 348 1151 652 1222">
    <p class='ocr_par' dir='ltr' id='par_1_3' title="bbox 348 1151 652 1222">
     <span class='ocr_line' id='line_1_8' title="bbox 348 1151 652 1222; baseline -0.026 0"><span class='ocrx_word' id='word_1_62' title='bbox 348 1178 423 1222; x_wconf 88' lang='lat' dir='ltr'>rum</span> <span class='ocrx_word' id='word_1_63' title='bbox 434 1154 468 1219; x_wconf 81' lang='lat' dir='ltr'>i»</span> <span class='ocrx_word' id='word_1_64' title='bbox 484 1151 652 1218; x_wconf 72' lang='lat' dir='ltr'>Gnaron.</span> 
     </span>
    </p>
   </div>
   <div class='ocr_carea' id='block_1_4' title="bbox 351 1348 1428 1381">
    <p class='ocr_par' dir='ltr' id='par_1_4' title="bbox 351 1348 1428 1381">
     <span class='ocr_line' id='line_1_9' title="bbox 351 1348 1428 1381; baseline -0.013 1"><span class='ocrx_word' id='word_1_65' title='bbox 351 1348 1428 1381; x_wconf 57' lang='lat' dir='ltr'>mmmffimmmmmmffl</span> 
     </span>
    </p>
   </div>
   <div class='ocr_carea' id='block_1_5' title="bbox 561 1557 1211 1683">
    <p class='ocr_par' dir='ltr' id='par_1_5' title="bbox 561 1557 1211 1683">
     <span class='ocr_line' id='line_1_10' title="bbox 561 1557 1211 1683; baseline -0.006 -2"><span class='ocrx_word' id='word_1_66' title='bbox 561 1557 1062 1683; x_wconf 88' lang='lat' dir='ltr'>EXCURSUS</span> <span class='ocrx_word' id='word_1_67' title='bbox 1110 1561 1211 1677; x_wconf 86' lang='lat' dir='ltr'>VI</span> 
     </span>
    </p>
   </div>
   <div class='ocr_carea' id='block_1_6' title="bbox 430 1798 1346 1887">
    <p class='ocr_par' dir='ltr' id='par_1_6' title="bbox 430 1798 1346 1887">
     <span class='ocr_line' id='line_1_11' title="bbox 430 1798 1346 1887; baseline -0.004 -14"><span class='ocrx_word' id='word_1_68' title='bbox 430 1803 492 1873; x_wconf 75' lang='lat' dir='ltr'>ln</span> <span class='ocrx_word' id='word_1_69' title='bbox 518 1800 796 1872; x_wconf 78' lang='lat' dir='ltr'><strong>ORATIONEM</strong></span> <span class='ocrx_word' id='word_1_70' title='bbox 818 1801 910 1887; x_wconf 71' lang='lat' dir='ltr'>eno</span> <span class='ocrx_word' id='word_1_71' title='bbox 936 1798 1131 1885; x_wconf 62' lang='lat' dir='ltr'>mouri,</span> <span class='ocrx_word' id='word_1_72' title='bbox 1155 1800 1254 1869; x_wconf 75' lang='lat' dir='ltr'>car.</span> <span class='ocrx_word' id='word_1_73' title='bbox 1290 1803 1346 1886; x_wconf 72' lang='lat'>14.</span> 
     </span>
    </p>
   </div>
   <div class='ocr_carea' id='block_1_7' title="bbox 741 1958 1029 1988">
    <p class='ocr_par' dir='ltr' id='par_1_7' title="bbox 741 1958 1029 1988">
     <span class='ocr_line' id='line_1_12' title="bbox 741 1958 1029 1988; baseline -0.003 0"><span class='ocrx_word' id='word_1_74' title='bbox 741 1958 1029 1988; x_wconf 67' lang='lat'>---00·-—·</span> 
     </span>
    </p>
   </div>
   <div class='ocr_carea' id='block_1_8' title="bbox 358 2107 1425 2306">
    <p class='ocr_par' dir='ltr' id='par_1_8' title="bbox 358 2107 1425 2306">
     <span class='ocr_line' id='line_1_13' title="bbox 402 2107 1425 2202; baseline -0.01 -22"><span class='ocrx_word' id='word_1_75' title='bbox 402 2111 597 2202; x_wconf 73' lang='lat' dir='ltr'>Quidergoi&#39;</span> <span class='ocrx_word' id='word_1_76' title='bbox 608 2109 771 2198; x_wconf 78' lang='lat' dir='ltr'>hecquem</span> <span class='ocrx_word' id='word_1_77' title='bbox 783 2107 878 2172; x_wconf 77' lang='lat' dir='ltr'>habet</span> <span class='ocrx_word' id='word_1_78' title='bbox 887 2109 979 2172; x_wconf 77' lang='lat' dir='ltr'>vim?</span> <span class='ocrx_word' id='word_1_79' title='bbox 989 2107 1082 2172; x_wconf 89' lang='lat' dir='ltr'>Prior</span> <span class='ocrx_word' id='word_1_80' title='bbox 1092 2108 1306 2197; x_wconf 82' lang='lat' dir='ltr'>interrogatio</span> <span class='ocrx_word' id='word_1_81' title='bbox 1318 2127 1425 2199; x_wconf 79' lang='lat' dir='ltr'>aperta</span> 
     </span>
     <span class='ocr_line' id='line_1_14' title="bbox 358 2211 1425 2306; baseline -0.009 -17"><span class='ocrx_word' id='word_1_82' title='bbox 358 2238 424 2288; x_wconf 89' lang='lat' dir='ltr'>est:</span> <span class='ocrx_word' id='word_1_83' title='bbox 437 2242 473 2286; x_wconf 91' lang='lat' dir='ltr'>ea</span> <span class='ocrx_word' id='word_1_84' title='bbox 489 2218 611 2306; x_wconf 85' lang='lat' dir='ltr'>quippe</span> <span class='ocrx_word' id='word_1_85' title='bbox 621 2216 736 2280; x_wconf 88' lang='lat' dir='ltr'>Cicero</span> <span class='ocrx_word' id='word_1_86' title='bbox 745 2214 859 2294; x_wconf 89' lang='lat' dir='ltr'>utitur,</span> <span class='ocrx_word' id='word_1_87' title='bbox 874 2236 976 2300; x_wconf 87' lang='lat' dir='ltr'>quum</span> <span class='ocrx_word' id='word_1_88' title='bbox 992 2213 1056 2277; x_wconf 89' lang='lat' dir='ltr'>hoc</span> <span class='ocrx_word' id='word_1_89' title='bbox 1068 2211 1243 2303; x_wconf 75' lang='lat' dir='ltr'>significat,</span> <span class='ocrx_word' id='word_1_90' title='bbox 1260 2214 1289 2277; x_wconf 89' lang='lat' dir='ltr'>si</span> <span class='ocrx_word' id='word_1_91' title='bbox 1303 2215 1353 2278; x_wconf 89' lang='lat' dir='ltr'>ita</span> <span class='ocrx_word' id='word_1_92' title='bbox 1365 2232 1425 2295; x_wconf 77' lang='lat' dir='ltr'>est,</span> 
     </span>
    </p>
   </div>
   <div class='ocr_carea' id='block_1_9' title="bbox 222 2317 1426 2413">
    <p class='ocr_par' dir='ltr' id='par_1_9' title="bbox 222 2317 1426 2413">
     <span class='ocr_line' id='line_1_15' title="bbox 222 2317 1426 2413; baseline -0.012 -15"><span class='ocrx_word' id='word_1_93' title='bbox 222 2404 224 2413; x_wconf 57' lang='grc'>,</span> <span class='ocrx_word' id='word_1_94' title='bbox 357 2331 383 2396; x_wconf 85' lang='lat' dir='ltr'>si</span> <span class='ocrx_word' id='word_1_95' title='bbox 403 2326 462 2393; x_wconf 83' lang='lat' dir='ltr'>tibi</span> <span class='ocrx_word' id='word_1_96' title='bbox 477 2325 542 2389; x_wconf 93' lang='lat' dir='ltr'>hoc</span> <span class='ocrx_word' id='word_1_97' title='bbox 557 2320 733 2386; x_wconf 78' lang='lat' dir='ltr'>concedam</span> <span class='ocrx_word' id='word_1_98' title='bbox 755 2334 788 2383; x_wconf 89' lang='lat' dir='ltr'>et</span> <span class='ocrx_word' id='word_1_99' title='bbox 805 2318 929 2408; x_wconf 80' lang='lat' dir='ltr'>largiar,</span> <span class='ocrx_word' id='word_1_100' title='bbox 946 2318 1025 2406; x_wconf 91' lang='lat' dir='ltr'>quid</span> <span class='ocrx_word' id='word_1_101' title='bbox 1040 2317 1082 2382; x_wconf 93' lang='lat' dir='ltr'>ad</span> <span class='ocrx_word' id='word_1_102' title='bbox 1097 2319 1166 2383; x_wconf 81' lang='lat' dir='ltr'>haec</span> <span class='ocrx_word' id='word_1_103' title='bbox 1186 2320 1426 2407; x_wconf 79' lang='lat' dir='ltr'>respondebis?</span> 
     </span>
    </p>
   </div>
   <div class='ocr_carea' id='block_1_10' title="bbox 355 2423 1427 3770">
    <p class='ocr_par' dir='ltr' id='par_1_10' title="bbox 355 2423 1427 3770">
     <span class='ocr_line' id='line_1_16' title="bbox 357 2423 1426 2517; baseline -0.007 -18"><span class='ocrx_word' id='word_1_104' title='bbox 357 2450 395 2499; x_wconf 91' lang='lat' dir='ltr'>ut</span> <span class='ocrx_word' id='word_1_105' title='bbox 416 2430 523 2495; x_wconf 89' lang='lat' dir='ltr'>statim</span> <span class='ocrx_word' id='word_1_106' title='bbox 546 2424 763 2504; x_wconf 87' lang='lat' dir='ltr'>objectionem</span> <span class='ocrx_word' id='word_1_107' title='bbox 779 2424 963 2517; x_wconf 83' lang='lat' dir='ltr'><strong>quampiam</strong></span> <span class='ocrx_word' id='word_1_108' title='bbox 982 2423 1130 2504; x_wconf 87' lang='lat' dir='ltr'>subjiciat</span> <span class='ocrx_word' id='word_1_109' title='bbox 1155 2448 1163 2489; x_wconf 72' lang='grc' dir='ltr'>ε</span> <span class='ocrx_word' id='word_1_110' title='bbox 1186 2424 1234 2487; x_wconf 83' lang='lat' dir='ltr'>uti</span> <span class='ocrx_word' id='word_1_111' title='bbox 1261 2425 1331 2489; x_wconf 92' lang='lat' dir='ltr'>hoc</span> <span class='ocrx_word' id='word_1_112' title='bbox 1355 2427 1426 2491; x_wconf 86' lang='lat' dir='ltr'>loco</span> 
     </span>
     <span class='ocr_line' id='line_1_17' title="bbox 357 2528 1425 2620; baseline -0.005 -18"><span class='ocrx_word' id='word_1_113' title='bbox 357 2530 582 2614; x_wconf 88' lang='lat' dir='ltr'>subjectamab</span> <span class='ocrx_word' id='word_1_114' title='bbox 593 2552 632 2592; x_wconf 91' lang='lat' dir='ltr'>eo</span> <span class='ocrx_word' id='word_1_115' title='bbox 644 2529 744 2592; x_wconf 87' lang='lat' dir='ltr'>fuisse</span> <span class='ocrx_word' id='word_1_116' title='bbox 753 2529 982 2594; x_wconf 83' lang='lat' dir='ltr'>existimamus.</span> <span class='ocrx_word' id='word_1_117' title='bbox 997 2528 1059 2595; x_wconf 90' lang='lat' dir='ltr'>Sed</span> <span class='ocrx_word' id='word_1_118' title='bbox 1069 2531 1254 2620; x_wconf 84' lang='lat' dir='ltr'>posterioris</span> <span class='ocrx_word' id='word_1_119' title='bbox 1264 2535 1425 2597; x_wconf 83' lang='lat' dir='ltr'>sententia</span> 
     </span>
     <span class='ocr_line' id='line_1_18' title="bbox 358 2627 1425 2724; baseline -0.001 -25"><span class='ocrx_word' id='word_1_120' title='bbox 358 2657 430 2724; x_wconf 83' lang='lat' dir='ltr'>quoe</span> <span class='ocrx_word' id='word_1_121' title='bbox 445 2633 502 2713; x_wconf 86' lang='lat' dir='ltr'>sit,</span> <span class='ocrx_word' id='word_1_122' title='bbox 517 2651 585 2693; x_wconf 95' lang='lat' dir='ltr'>non</span> <span class='ocrx_word' id='word_1_123' title='bbox 602 2627 736 2715; x_wconf 81' lang='lat' dir='ltr'>dispicio</span> <span class='ocrx_word' id='word_1_124' title='bbox 754 2651 762 2692; x_wconf 91' lang='lat'>:</span> <span class='ocrx_word' id='word_1_125' title='bbox 781 2628 861 2716; x_wconf 89' lang='lat' dir='ltr'>quid</span> <span class='ocrx_word' id='word_1_126' title='bbox 877 2631 965 2695; x_wconf 90' lang='lat' dir='ltr'>enim</span> <span class='ocrx_word' id='word_1_127' title='bbox 981 2652 1162 2719; x_wconf 89' lang='lat' dir='ltr'>pronomen</span> <span class='ocrx_word' id='word_1_128' title='bbox 1175 2631 1236 2695; x_wconf 82' lang='lat' dir='ltr'>ltoc</span> <span class='ocrx_word' id='word_1_129' title='bbox 1249 2633 1425 2721; x_wconf 84' lang='lat' dir='ltr'>significet,</span> 
     </span>
     <span class='ocr_line' id='line_1_19' title="bbox 359 2728 1426 2820; baseline -0.007 -17"><span class='ocrx_word' id='word_1_130' title='bbox 359 2736 544 2817; x_wconf 88' lang='lat' dir='ltr'>conjectura</span> <span class='ocrx_word' id='word_1_131' title='bbox 557 2728 690 2818; x_wconf 82' lang='lat' dir='ltr'>adsequi</span> <span class='ocrx_word' id='word_1_132' title='bbox 706 2752 773 2794; x_wconf 93' lang='lat' dir='ltr'>non</span> <span class='ocrx_word' id='word_1_133' title='bbox 790 2753 947 2820; x_wconf 82' lang='lat' dir='ltr'>possum:</span> <span class='ocrx_word' id='word_1_134' title='bbox 968 2752 1041 2794; x_wconf 82' lang='lat' dir='ltr'>nani</span> <span class='ocrx_word' id='word_1_135' title='bbox 1066 2747 1103 2795; x_wconf 91' lang='lat' dir='ltr'>ut</span> <span class='ocrx_word' id='word_1_136' title='bbox 1122 2746 1200 2796; x_wconf 83' lang='lat' dir='ltr'>nota</span> <span class='ocrx_word' id='word_1_137' title='bbox 1218 2733 1359 2796; x_wconf 82' lang='lat' dir='ltr'>tollatur</span> <span class='ocrx_word' id='word_1_138' title='bbox 1376 2734 1426 2796; x_wconf 92' lang='lat' dir='ltr'>in·</span> 
     </span>
     <span class='ocr_line' id='line_1_20' title="bbox 359 2836 1425 2931; baseline -0.009 -20"><span class='ocrx_word' id='word_1_139' title='bbox 359 2838 605 2931; x_wconf 85' lang='lat' dir='ltr'>terrogationis,</span> <span class='ocrx_word' id='word_1_140' title='bbox 625 2851 663 2900; x_wconf 88' lang='lat' dir='ltr'>ut</span> <span class='ocrx_word' id='word_1_141' title='bbox 685 2836 719 2899; x_wconf 86' lang='lat' dir='ltr'>in</span> <span class='ocrx_word' id='word_1_142' title='bbox 741 2836 938 2931; x_wconf 78' lang='lat' dir='ltr'>quibusdam</span> <span class='ocrx_word' id='word_1_143' title='bbox 958 2837 1049 2901; x_wconf 89' lang='lat' dir='ltr'>libris</span> <span class='ocrx_word' id='word_1_144' title='bbox 1071 2836 1196 2901; x_wconf 86' lang='lat' dir='ltr'>sublata</span> <span class='ocrx_word' id='word_1_145' title='bbox 1220 2853 1289 2919; x_wconf 83' lang='lat' dir='ltr'>est,</span> <span class='ocrx_word' id='word_1_146' title='bbox 1316 2854 1425 2903; x_wconf 74' lang='lat' dir='ltr'>tamen</span> 
     </span>
     <span class='ocr_line' id='line_1_21' title="bbox 359 2940 1427 3036; baseline -0.008 -20"><span class='ocrx_word' id='word_1_147' title='bbox 359 2945 569 3036; x_wconf 77' lang='lat' dir='ltr'>interrogatio</span> <span class='ocrx_word' id='word_1_148' title='bbox 587 2942 639 3006; x_wconf 88' lang='lat' dir='ltr'>illa</span> <span class='ocrx_word' id='word_1_149' title='bbox 657 2941 814 3029; x_wconf 84' lang='lat' dir='ltr'>superior,</span> <span class='ocrx_word' id='word_1_150' title='bbox 836 2940 948 3024; x_wconf 85' lang='lat' dir='ltr'>«Quid</span> <span class='ocrx_word' id='word_1_151' title='bbox 964 2941 1088 3030; x_wconf 73' lang='lat' dir='ltr'>ergoi&#39;»</span> <span class='ocrx_word' id='word_1_152' title='bbox 1107 2942 1209 3007; x_wconf 88' lang='lat' dir='ltr'>nihilo</span> <span class='ocrx_word' id='word_1_153' title='bbox 1233 2943 1337 3033; x_wconf 81' lang='lat' dir='ltr'>inagis</span> <span class='ocrx_word' id='word_1_154' title='bbox 1361 2965 1427 3032; x_wconf 90' lang='lat' dir='ltr'>quo</span> 
     </span>
     <span class='ocr_line' id='line_1_22' title="bbox 360 3047 1427 3147; baseline -0.005 -26"><span class='ocrx_word' id='word_1_155' title='bbox 360 3056 528 3147; x_wconf 83' lang='lat' dir='ltr'>pertineat,</span> <span class='ocrx_word' id='word_1_156' title='bbox 537 3048 686 3113; x_wconf 87' lang='lat' dir='ltr'>habitura</span> <span class='ocrx_word' id='word_1_157' title='bbox 696 3048 872 3130; x_wconf 80' lang='lat' dir='ltr'>estQuum</span> <span class='ocrx_word' id='word_1_158' title='bbox 882 3047 980 3112; x_wconf 89' lang='lat' dir='ltr'>animi</span> <span class='ocrx_word' id='word_1_159' title='bbox 991 3047 1183 3137; x_wconf 89' lang='lat' dir='ltr'>penderem,</span> <span class='ocrx_word' id='word_1_160' title='bbox 1194 3049 1427 3117; x_wconf 78' lang='lat' dir='ltr'>librosvcteret</span> 
     </span>
     <span class='ocr_line' id='line_1_23' title="bbox 363 3152 1425 3242; baseline -0.006 -15"><span class='ocrx_word' id='word_1_161' title='bbox 363 3157 513 3227; x_wconf 90' lang='lat' dir='ltr'>consului</span> <span class='ocrx_word' id='word_1_162' title='bbox 532 3179 540 3219; x_wconf 74' lang='grc' dir='ltr'><strong>ε</strong></span> <span class='ocrx_word' id='word_1_163' title='bbox 558 3153 639 3216; x_wconf 89' lang='lat' dir='ltr'>nihil</span> <span class='ocrx_word' id='word_1_164' title='bbox 654 3152 844 3233; x_wconf 88' lang='lat' dir='ltr'>adjumenti.</span> <span class='ocrx_word' id='word_1_165' title='bbox 860 3155 899 3218; x_wconf 89' lang='lat' dir='ltr'>ln</span> <span class='ocrx_word' id='word_1_166' title='bbox 918 3177 987 3219; x_wconf 91' lang='lat' dir='ltr'>uno</span> <span class='ocrx_word' id='word_1_167' title='bbox 1005 3170 1132 3218; x_wconf 86' lang='lat' dir='ltr'>tantum</span> <span class='ocrx_word' id='word_1_168' title='bbox 1147 3171 1221 3242; x_wconf 84' lang='lat' dir='ltr'>post</span> <span class='ocrx_word' id='word_1_169' title='bbox 1235 3154 1289 3219; x_wconf 86' lang='lat' dir='ltr'>illa</span> <span class='ocrx_word' id='word_1_170' title='bbox 1307 3158 1425 3241; x_wconf 80' lang='lat' dir='ltr'>rerba,</span> 
     </span>
     <span class='ocr_line' id='line_1_24' title="bbox 362 3259 1426 3351; baseline 0.006 -28"><span class='ocrx_word' id='word_1_171' title='bbox 362 3268 458 3329; x_wconf 70' lang='lat' dir='ltr'>«Hoc</span> <span class='ocrx_word' id='word_1_172' title='bbox 479 3282 577 3350; x_wconf 88' lang='lat' dir='ltr'>quarn</span> <span class='ocrx_word' id='word_1_173' title='bbox 593 3259 692 3324; x_wconf 85' lang='lat' dir='ltr'>habet</span> <span class='ocrx_word' id='word_1_174' title='bbox 707 3260 793 3323; x_wconf 80' lang='lat' dir='ltr'>vim?</span> <span class='ocrx_word' id='word_1_175' title='bbox 805 3291 819 3317; x_wconf 83' lang='lat'><strong>»</strong></span> <span class='ocrx_word' id='word_1_176' title='bbox 839 3262 934 3325; x_wconf 89' lang='lat' dir='ltr'>inane</span> <span class='ocrx_word' id='word_1_177' title='bbox 950 3262 1088 3349; x_wconf 87' lang='lat' dir='ltr'>spatium</span> <span class='ocrx_word' id='word_1_178' title='bbox 1109 3284 1177 3325; x_wconf 93' lang='lat' dir='ltr'>non</span> <span class='ocrx_word' id='word_1_179' title='bbox 1198 3263 1335 3351; x_wconf 87' lang='lat' dir='ltr'>longum</span> <span class='ocrx_word' id='word_1_180' title='bbox 1353 3266 1426 3329; x_wconf 87' lang='lat' dir='ltr'>reli·</span> 
     </span>
     <span class='ocr_line' id='line_1_25' title="bbox 355 3364 1425 3456; baseline 0.002 -24"><span class='ocrx_word' id='word_1_181' title='bbox 355 3388 449 3437; x_wconf 74' lang='lat' dir='ltr'>etum</span> <span class='ocrx_word' id='word_1_182' title='bbox 459 3382 546 3447; x_wconf 90' lang='lat' dir='ltr'>erat,</span> <span class='ocrx_word' id='word_1_183' title='bbox 558 3387 598 3430; x_wconf 82' lang='lat' dir='ltr'>ex</span> <span class='ocrx_word' id='word_1_184' title='bbox 609 3388 676 3453; x_wconf 91' lang='lat' dir='ltr'>quo</span> <span class='ocrx_word' id='word_1_185' title='bbox 689 3364 863 3439; x_wconf 81' lang='lat' dir='ltr'>desiderari</span> <span class='ocrx_word' id='word_1_186' title='bbox 878 3367 1035 3431; x_wconf 89' lang='lat' dir='ltr'>nonnulla</span> <span class='ocrx_word' id='word_1_187' title='bbox 1043 3366 1136 3432; x_wconf 85' lang='lat' dir='ltr'>facile</span> <span class='ocrx_word' id='word_1_188' title='bbox 1145 3390 1218 3432; x_wconf 89' lang='lat' dir='ltr'>sum</span> <span class='ocrx_word' id='word_1_189' title='bbox 1227 3371 1425 3456; x_wconf 85' lang='lat' dir='ltr'>suspicatos,</span> 
     </span>
     <span class='ocr_line' id='line_1_26' title="bbox 363 3471 1426 3569; baseline -0.001 -28"><span class='ocrx_word' id='word_1_190' title='bbox 363 3497 467 3569; x_wconf 90' lang='lat' dir='ltr'>quum</span> <span class='ocrx_word' id='word_1_191' title='bbox 479 3471 575 3538; x_wconf 90' lang='lat' dir='ltr'>etiam</span> <span class='ocrx_word' id='word_1_192' title='bbox 586 3471 733 3559; x_wconf 80' lang='lat' dir='ltr'>proxima</span> <span class='ocrx_word' id='word_1_193' title='bbox 742 3471 896 3557; x_wconf 85' lang='lat' dir='ltr'>particula</span> <span class='ocrx_word' id='word_1_194' title='bbox 907 3486 941 3537; x_wconf 83' lang='lat' dir='ltr'>ut</span> <span class='ocrx_word' id='word_1_195' title='bbox 951 3471 1096 3537; x_wconf 88' lang='lat' dir='ltr'>similiter</span> <span class='ocrx_word' id='word_1_196' title='bbox 1102 3473 1236 3539; x_wconf 82' lang='lat' dir='ltr'>abesset.</span> <span class='ocrx_word' id='word_1_197' title='bbox 1245 3474 1426 3540; x_wconf 83' lang='lat' dir='ltr'>Desiderari</span> 
     </span>
     <span class='ocr_line' id='line_1_27' title="bbox 364 3575 1426 3670; baseline -0.004 -20"><span class='ocrx_word' id='word_1_198' title='bbox 364 3600 472 3650; x_wconf 83' lang='lat' dir='ltr'>autern</span> <span class='ocrx_word' id='word_1_199' title='bbox 487 3575 650 3642; x_wconf 83' lang='lat' dir='ltr'>interdicti</span> <span class='ocrx_word' id='word_1_200' title='bbox 665 3577 762 3640; x_wconf 84' lang='lat' dir='ltr'>verba</span> <span class='ocrx_word' id='word_1_201' title='bbox 778 3576 1003 3665; x_wconf 84' lang='lat' dir='ltr'>grandioribus</span> <span class='ocrx_word' id='word_1_202' title='bbox 1026 3578 1103 3643; x_wconf 87' lang='lat' dir='ltr'>olim</span> <span class='ocrx_word' id='word_1_203' title='bbox 1124 3581 1305 3670; x_wconf 87' lang='lat' dir='ltr'>conscripta</span> <span class='ocrx_word' id='word_1_204' title='bbox 1327 3582 1426 3646; x_wconf 87' lang='lat' dir='ltr'>literis</span> 
     </span>
     <span class='ocr_line' id='line_1_28' title="bbox 363 3681 1427 3770; baseline -0.007 -13"><span class='ocrx_word' id='word_1_205' title='bbox 363 3684 556 3765; x_wconf 83' lang='lat' dir='ltr'>existimavi,</span> <span class='ocrx_word' id='word_1_206' title='bbox 566 3704 671 3770; x_wconf 86' lang='lat' dir='ltr'>eoque</span> <span class='ocrx_word' id='word_1_207' title='bbox 680 3682 795 3770; x_wconf 88' lang='lat' dir='ltr'>magis,</span> <span class='ocrx_word' id='word_1_208' title='bbox 808 3681 897 3770; x_wconf 91' lang='lat' dir='ltr'>quod</span> <span class='ocrx_word' id='word_1_209' title='bbox 908 3682 943 3744; x_wconf 93' lang='lat' dir='ltr'>in</span> <span class='ocrx_word' id='word_1_210' title='bbox 953 3684 1088 3747; x_wconf 86' lang='lat' dir='ltr'>vetustis</span> <span class='ocrx_word' id='word_1_211' title='bbox 1101 3682 1266 3748; x_wconf 86' lang='lat' dir='ltr'>codicibus</span> <span class='ocrx_word' id='word_1_212' title='bbox 1282 3685 1427 3750; x_wconf 87' lang='lat' dir='ltr'>animad-</span> 
     </span>
    </p>
   </div>
   <div class='ocr_carea' id='block_1_11' title="bbox 362 3784 1479 4091">
    <p class='ocr_par' dir='ltr' id='par_1_11' title="bbox 362 3784 1479 4091">
     <span class='ocr_line' id='line_1_29' title="bbox 363 3784 1479 3875; baseline -0.01 -14"><span class='ocrx_word' id='word_1_213' title='bbox 363 3793 545 3867; x_wconf 83' lang='lat' dir='ltr'>vertebam,</span> <span class='ocrx_word' id='word_1_214' title='bbox 563 3810 635 3875; x_wconf 79' lang='lat' dir='ltr'>qute</span> <span class='ocrx_word' id='word_1_215' title='bbox 652 3785 750 3871; x_wconf 83' lang='lat' dir='ltr'>literis</span> <span class='ocrx_word' id='word_1_216' title='bbox 768 3784 994 3875; x_wconf 78' lang='lat' dir='ltr'>grandioribus</span> <span class='ocrx_word' id='word_1_217' title='bbox 1011 3787 1181 3853; x_wconf 88' lang='lat' dir='ltr'>scribenda</span> <span class='ocrx_word' id='word_1_218' title='bbox 1198 3807 1325 3872; x_wconf 84' lang='lat' dir='ltr'>essent,</span> <span class='ocrx_word' id='word_1_219' title='bbox 1342 3794 1427 3858; x_wconf 70' lang='lat' dir='ltr'>notis</span> <span class='ocrx_word' id='word_1_220' title='bbox 1478 3828 1479 3855; x_wconf 31' lang='lat' dir='ltr'>i</span> 
     </span>
     <span class='ocr_line' id='line_1_30' title="bbox 364 3878 1479 3983; baseline -0.009 -17"><span class='ocrx_word' id='word_1_221' title='bbox 364 3903 433 3965; x_wconf 79' lang='lat' dir='ltr'>fere</span> <span class='ocrx_word' id='word_1_222' title='bbox 447 3896 557 3961; x_wconf 88' lang='lat' dir='ltr'>omnia</span> <span class='ocrx_word' id='word_1_223' title='bbox 572 3909 697 3959; x_wconf 80' lang='lat' dir='ltr'>exarata</span> <span class='ocrx_word' id='word_1_224' title='bbox 715 3915 801 3976; x_wconf 87' lang='lat' dir='ltr'>esse,</span> <span class='ocrx_word' id='word_1_225' title='bbox 816 3909 849 3959; x_wconf 90' lang='lat' dir='ltr'>et</span> <span class='ocrx_word' id='word_1_226' title='bbox 865 3895 1003 3982; x_wconf 77' lang='lat' dir='ltr'>precisis</span> <span class='ocrx_word' id='word_1_227' title='bbox 1018 3894 1123 3959; x_wconf 81' lang='lat' dir='ltr'>verbis</span> <span class='ocrx_word' id='word_1_228' title='bbox 1138 3911 1236 3983; x_wconf 79' lang='lat' dir='ltr'>atque</span> <span class='ocrx_word' id='word_1_229' title='bbox 1247 3896 1426 3965; x_wconf 77' lang='lat' dir='ltr'>inchoatis:</span> <span class='ocrx_word' id='word_1_230' title='bbox 1478 3878 1479 3931; x_wconf 50' lang='lat' dir='ltr'>l</span> 
     </span>
     <span class='ocr_line' id='line_1_31' title="bbox 362 4000 1479 4091; baseline 0 -21"><span class='ocrx_word' id='word_1_231' title='bbox 362 4020 403 4069; x_wconf 84' lang='lat' dir='ltr'>ut</span> <span class='ocrx_word' id='word_1_232' title='bbox 411 4008 513 4091; x_wconf 82' lang='lat' dir='ltr'>quum</span> <span class='ocrx_word' id='word_1_233' title='bbox 530 4001 746 4089; x_wconf 68' lang='lat' dir='ltr'>inscriptum</span> <span class='ocrx_word' id='word_1_234' title='bbox 762 4000 971 4066; x_wconf 84' lang='lat' dir='ltr'>interdictum</span> <span class='ocrx_word' id='word_1_235' title='bbox 982 4002 1130 4066; x_wconf 88' lang='lat' dir='ltr'>librarius</span> <span class='ocrx_word' id='word_1_236' title='bbox 1142 4002 1428 4088; x_wconf 85' lang='lat' dir='ltr'>animadverteret,</span> <span class='ocrx_word' id='word_1_237' title='bbox 1478 4042 1479 4079; x_wconf 57' lang='lat' dir='ltr'>i</span> 
     </span>
    </p>
   </div>
   <div class='ocr_carea' id='block_1_12' title="bbox 365 4105 1428 4197">
    <p class='ocr_par' dir='ltr' id='par_1_12' title="bbox 365 4105 1428 4197">
     <span class='ocr_line' id='line_1_32' title="bbox 365 4105 1428 4197; baseline 0.006 -24"><span class='ocrx_word' id='word_1_238' title='bbox 365 4126 472 4195; x_wconf 88' lang='lat' dir='ltr'>neque</span> <span class='ocrx_word' id='word_1_239' title='bbox 494 4126 547 4168; x_wconf 85' lang='lat' dir='ltr'>eas</span> <span class='ocrx_word' id='word_1_240' title='bbox 569 4119 662 4168; x_wconf 84' lang='lat' dir='ltr'>notas</span> <span class='ocrx_word' id='word_1_241' title='bbox 680 4105 884 4192; x_wconf 88' lang='lat' dir='ltr'>intelligeret,</span> <span class='ocrx_word' id='word_1_242' title='bbox 901 4129 967 4195; x_wconf 85' lang='lat' dir='ltr'>qua</span> <span class='ocrx_word' id='word_1_243' title='bbox 984 4123 1055 4173; x_wconf 83' lang='lat' dir='ltr'>tuin</span> <span class='ocrx_word' id='word_1_244' title='bbox 1078 4107 1223 4196; x_wconf 89' lang='lat' dir='ltr'>plerique</span> <span class='ocrx_word' id='word_1_245' title='bbox 1247 4109 1428 4197; x_wconf 81' lang='lat' dir='ltr'>ignorantia</span> 
     </span>
    </p>
   </div>
   <div class='ocr_carea' id='block_1_13' title="bbox 0 0 1519 4774">
    <p class='ocr_par' dir='ltr' id='par_1_13' title="bbox 0 0 1519 4774">
     <span class='ocr_line' id='line_1_33' title="bbox 0 0 1519 4774; baseline 0 0"><span class='ocrx_word' id='word_1_246' title='bbox 0 0 1519 4774; x_wconf 95' lang='lat' dir='ltr'> </span> 
     </span>
    </p>
   </div>
  </div>
 </body>
</html>
