3116 4774
320 404 393 491 tto
638 403 687 472 n.
713 404 751 470 Τ.
778 402 1061 472 clunnorus

322 529 450 598 beuter
478 519 690 610 confitetur,
717 537 858 612 utnon
889 523 1005 594 solum
1034 521 1157 608 fateri,
1183 520 1245 593 sed
1271 523 1378 593 etiam

321 631 513 736 profiteri³
544 632 726 720 videatur,
756 633 1047 731 recuperatores?
1078 633 1280 703 Convocavi
1308 631 1377 702 ho·

320 749 456 832 mines,
486 743 609 838 coegi,
638 744 789 828 armavi3
820 756 969 829 terrore,
985 744 1111 814 mortis
1140 765 1182 814 ac
1212 742 1376 840 periculo

321 857 468 955 capitis,
495 872 542 922 ne
566 849 778 937 accederes,
802 849 946 938 obstiti3
975 848 1091 939 semu,
1118 852 1255 947 inquit,
1281 848 1377 921 ferro

322 968 386 1063 (et
405 965 476 1035 hoc
500 961 586 1032 dicit
603 962 641 1029 in
658 959 795 1054 judicio
808 959 840 1055 ),
865 976 900 1032 te
925 961 1032 1056 rejeci
1056 974 1167 1058 utque
1188 961 1374 1058 perterrui.

319 1074 441 1168 Quid?
472 1086 579 1143 testes
612 1069 701 1168 quid
730 1071 854 1141 aiunt?
883 1076 921 1141 P.
948 1069 1118 1157 Vetilius,
1150 1071 1377 1167 propinquus

321 1184 474 1268 AEbutii,
497 1205 535 1252 se
552 1178 697 1250 AEbutio
714 1202 797 1250 cum
815 1182 959 1251 armatis
976 1181 1085 1250 servis
1106 1181 1248 1250 venisse
1269 1178 1376 1249 advo·

219 1341 224 1348 ·
322 1310 453 1366 catum.
484 1290 581 1380 Quid
611 1291 805 1388 prretereai'
836 1288 943 1361 fuisse
976 1288 1180 1386 complures
1210 1301 1375 1359 armatos.

321 1404 418 1497 Quid
445 1399 565 1473 aliud?
590 1400 765 1474 minatum
794 1423 870 1471 esse
895 1399 1077 1471 AEbutium
1101 1398 1257 1469 Caecinm
1281 1397 1376 1488 Quid

321 1542 389 1613 ego
408 1512 454 1583 de
473 1513 543 1581 hoc
566 1522 655 1581 teste
673 1508 814 1600 dicam„
831 1511 899 1580 nisi
919 1508 1010 1597 hoc,
1030 1522 1319 1606 recuperatores,
1336 1522 1378 1579 ut

321 1625 456 1694 idcirco
485 1643 560 1688 non
588 1620 709 1689 minus
737 1623 769 1690 ei
799 1619 967 1707 credatis,
996 1617 1097 1715 quod
1121 1617 1233 1688 homo
1261 1620 1381 1705 minus

319 1727 497 1803 idonens⁴
525 1728 700 1814 hebetum
728 1727 792 1800 sed
819 1728 901 1801 ideo
929 1727 1099 1815 credatis,
1127 1726 1229 1823 quod
1255 1752 1300 1798 ex
1321 1727 1380 1798 ilia

319 1856 421 1941 parto
440 1838 476 1909 id
496 1839 604 1920 dicit,
626 1837 726 1934 qnod
748 1837 798 1908 ilii
821 1861 935 1909 musae
956 1838 1110 1908 maxime
1127 1850 1182 1907 est
1200 1836 1381 1907 alienum?

320 1957 361 2023 A.
380 1952 590 2034 Terentius,
607 1948 695 2018 alter
716 1947 835 2032 testis,
858 1971 932 2018 non
958 1946 1070 2018 modo
1095 1945 1297 2031 AE'butium,
1317 1942 1380 2015 sed

321 2063 428 2133 etiam
454 2082 492 2129 se
518 2059 636 2154 ipsum
661 2057 787 2153 arguit.
814 2059 857 2129 In
883 2054 1066 2155 AEbutium
1095 2055 1166 2125 hoc
1192 2054 1296 2139 dicit,
1324 2077 1378 2123 ar-

320 2190 438 2247 matos
463 2172 629 2242 homines
655 2168 783 2257 suisse3
811 2168 856 2241 dc
883 2195 921 2241 se
948 2183 1066 2240 autem
1093 2166 1164 2238 hoc
1186 2166 1376 2264 praedicat:

317 2281 520 2363 Antiocho,
550 2279 681 2350 AEbutii
703 2303 824 2367 servo,
847 2281 1062 2376 imperasse,
1085 2292 1127 2347 ut
1146 2279 1183 2349 in
1206 2280 1379 2349 Caecinm

317 2392 568 2467 advenientem
593 2411 675 2458 cum
700 2385 796 2458 ferro
822 2387 1014 2465 invaderet,
1037 2385 1134 2479 Quid
1153 2385 1283 2482 loquar
1304 2408 1379 2456 am·

318 2503 414 2600 plius
431 2500 501 2567 hoc
519 2496 565 2565 de
583 2495 753 2566 homine?
770 2498 935 2594 inquom
954 2490 1022 2593 ego
1037 2496 1174 2584 dicere,
1193 2520 1305 2591 quum
1323 2520 1380 2565 ro·

318 2633 421 2706 garer
442 2630 461 2675 a
481 2605 638 2688 Caeoina,
663 2629 863 2701 numquam
888 2606 1009 2695 volui,
1036 2628 1082 2675 ne
1104 2628 1253 2703 arguere
1274 2603 1379 2674 iilum

318 2714 371 2790 rei
391 2712 551 2813 capitalis
573 2710 735 2801 viderer,
758 2713 804 2785 de
832 2739 875 2785 eo
900 2710 1029 2787 dubito
1053 2739 1172 2801 nunc,
1193 2712 1380 2809 quomodo

318 2840 381 2898 aut
396 2825 535 2922 loquar,
552 2837 614 2892 aut
629 2836 783 2910 taceam,
802 2844 918 2918 quum
936 2825 1012 2920 ipse
1029 2822 1101 2894 hoc
1118 2822 1163 2894 de
1184 2848 1222 2893 se
1240 2824 1381 2918 juratus

318 2935 497 3037 praedicet.
532 2931 671 3004 Deinde
703 2936 744 3002 L.
780 2932 916 3003 Coelius
950 2954 1026 3005 non
1057 2931 1174 3003 solum
1197 2932 1379 3004 AEbutium

319 3072 403 3119 cum
423 3045 569 3115 armatis
590 3043 679 3113 dixit
702 3040 812 3114 fuisse
835 3041 1101 3140 compluribus,
1127 3068 1253 3115 verum
1276 3049 1379 3116 etiam

319 3178 402 3227 cum
421 3153 602 3223 advocatis
622 3155 811 3250 perpaucis
828 3179 873 3225 eo
888 3157 1026 3225 venisse
1040 3154 1228 3224 Caecincm.
1244 3159 1298 3225 De
1312 3154 1380 3224 hoc
1462 3186 1466 3193 ·

320 3260 388 3359 ego
410 3276 499 3332 teste
528 3258 738 3348 detraham;
765 3263 825 3332 cui
844 3287 966 3361 aeque,
987 3278 1096 3359 atque
1117 3289 1199 3335 meo
1221 3265 1321 3353 testi,
1340 3278 1380 3334 ut

318 3370 492 3455 credatis,
513 3370 684 3466 postulo?

353 3494 735 3562 3.Fateri,sedetiumprofiterr'.
751 3496 826 3545 Sicut
869 3498 939 3545 etiam
956 3496 1074 3562 profiteor
1087 3500 1152 3547 ..tu
1169 3499 1239 3563 pium
1263 3499 1379 3559 ejusmodi

238 3603 242 3612 ¹
317 3588 380 3627 orat.
389 3593 436 3643 pro
448 3576 510 3624 Rub.
524 3576 626 3637 «Quam
637 3574 669 3622 ob
681 3593 729 3623 rem
740 3577 825 3634 fateor,
870 3576 978 3638 exempla
989 3576 1075 3639 potuim
1085 3593 1124 3639 ap.
1135 3578 1252 3626 Nostrum
1265 3578 1379 3641 reperias.

318 3670 391 3722 atque
404 3657 474 3703 ctiam
484 3651 702 3719 profiteor,etprae
714 3657 827 3714 mescro,
906 3664 930 3710 t.
954 3652 1032 3701 Homo
1058 3656 1136 3703 miuus
1164 3656 1271 3704 Monens.
1298 3657 1382 3704 Minus

318 3734 492 3801 perduellionis
512 3732 630 3795 judicium
656 3751 670 3780 u
696 3752 732 3781 me
753 3735 826 3783 fuisse
870 3731 953 3779 firmus
970 3744 995 3779 et
1010 3744 1090 3781 certus
1109 3735 1184 3784 tretis.
1206 3763 1241 3772 -
1260 3734 1331 3797 Quod
1348 3752 1381 3783 ex

318 3814 466 3861 triblatumn.
477 3814 535 3861 Nou
543 3824 664 3860 citantem
673 3810 739 3860 tratis
749 3810 827 3871 interi,
871 3810 916 3859 itta
924 3824 999 3876 parte
1007 3808 1036 3861 id
1045 3812 1114 3862 dicit.
1128 3816 1167 3862 Sic
1177 3814 1285 3880 accipio,
1298 3812 1380 3878 quod,

320 3891 362 3937 sed
377 3893 419 3938 rei.
434 3890 525 3938 Donat.
539 3892 565 3938 iu
576 3888 695 3939 Eunucho
710 3892 825 3940 Terentii.
870 3907 945 3954 quum
959 3891 1043 3939 exilia
1058 3893 1187 3955 porterit,
1201 3893 1291 3951 idest,
1305 3900 1378 3940 stetu

319 3968 414 4015 Nomen
425 3967 533 4016 confiteri
547 3969 694 4017 necessitatis
705 3981 826 4033 est,pro·
871 3980 940 4033 purte
963 3971 1106 4032 ndvcmrii,
1129 3981 1208 4019 tumen
1235 3972 1283 4019 hoc
1304 3968 1378 4029 dicit,

321 4044 384 4091 sueri
408 4047 547 4095 voluntutin.
574 4048 659 4094 Cicero
681 4065 726 4111 pro
751 4046 826 4093 mant.
871 4048 938 4110 quod
953 4048 1016 4094 iilina
1030 4062 1108 4096 cnucae
1126 4051 1230 4099 monime
1244 4048 1381 4103 entndvrr-

321 4146 333 4165 «
342 4125 395 4170 Hoc
406 4137 451 4184 ego
460 4137 510 4168 nou
519 4124 595 4170 coium
607 4124 734 4181 confiteor,
745 4140 826 4171 rernm
874 4125 969 4172 cadum.
985 4129 1104 4174 Horrore.
