3186 4772
340 446 343 453 .
400 379 456 449 IN
480 379 694 449 VERREM
717 379 824 448 ΛΒΤ.
849 377 905 463 11,
928 377 1021 446 LIB.
1048 377 1112 446 lv.
1192 379 1269 468 ,281

211 501 405 599 frugesque
422 500 619 587 attulisset,
636 514 809 596 quantam
827 521 905 569 esse
919 496 1127 595 religionem
1141 522 1273 573 conve·

214 613 271 682 nit
288 635 434 697 eorum,
453 608 550 707 apud
569 634 663 705 quos
681 632 760 679 eam
779 621 900 678 natam
919 631 1016 694 esse,
1034 622 1069 679 et
1087 607 1210 706 fruges
1222 613 1274 682 in·

215 724 354 793 venisse
376 720 539 792 constat?
564 725 691 816 Itaque
717 715 814 816 apud
839 732 958 814 patres
976 732 1140 803 nostros,
1161 725 1274 793 atroci

215 856 258 904 ac
273 830 412 903 difficili
430 830 636 929 reipublicae
658 847 839 929 tempore,
860 853 994 926 quum,
1014 828 1092 900 Tib.
1112 831 1275 902 Graccho

215 943 333 1012 occiso
344 939 372 1030 ⁵,
397 964 611 1038 magnorum
636 939 882 1037 periculorum
913 953 1030 1009 metus
1054 962 1097 1010 ex
1127 944 1276 1011 ostentis

214 1050 503 1148 portenderetur,
525 1055 563 1122 P.
589 1055 731 1140 Mucio,
759 1055 799 1120 1..
828 1049 1024 1148 Calpurnio
1046 1049 1275 1140 consulibus,

212 1159 351 1233 aditum
369 1177 422 1232 est
443 1160 488 1231 ad
507 1159 618 1233 libros
639 1160 851 1257 Sibyllinos3
871 1162 909 1229 in
934 1157 1068 1255 quibus
1089 1159 1275 1231 inventum

214 1285 287 1358 est,
305 1275 503 1343 «Cererem
519 1272 804 1366 antiquissimam
821 1270 952 1366 placari
968 1283 1169 1367 oportere».
1182 1274 1274 1341 Tum
1347 1294 1349 1297 ·

214 1403 258 1450 er
282 1381 501 1478 amplissimo
526 1380 677 1477 collegio
707 1379 932 1451 decemvirali
956 1375 1182 1451 sacerdotes⁶
1207 1404 1275 1477 po·

213 1487 291 1585 puli
320 1492 484 1575 romani,
510 1514 626 1585 quum
655 1500 771 1559 esset⁷
803 1490 840 1558 in
868 1488 960 1560 urbe
988 1503 1109 1559 nostra
1137 1491 1275 1561 Cereris

214 1595 500 1693 pulcherrimum
524 1611 560 1669 et
584 1595 977 1694 magnificentissimum
999 1598 1197 1696 templum,
1221 1613 1273 1671 ta·

213 1726 299 1773 meu
324 1728 441 1801 usque
467 1711 608 1776 Ennam
637 1704 790 1803 profecti
818 1721 926 1777 sunt:
953 1721 1052 1777 tanta
1076 1710 1171 1778 enim
1200 1723 1275 1780 erat

215 1816 408 1885 auctoritas
428 1831 465 1886 et
481 1831 638 1889 vetustas
656 1816 750 1888 illius
765 1816 965 1914 religionis,
982 1831 1044 1903 ut,
1062 1842 1175 1914 quum
1191 1818 1276 1890 illuc

214 1925 326 2011 irent,
351 1950 424 1996 non
446 1926 491 1996 ad
513 1926 625 1997 aedem
648 1927 806 2013 Cereris,
823 1926 887 1997 sed
906 1925 951 1997 ad
972 1926 1086 2024 ipsam
1107 1929 1274 1997 Cererem

212 2034 393 2132 proficisci
409 2035 625 2109 riderentur.

261 2145 344 2215 Nou
358 2145 561 2216 obtundam
577 2145 713 2217 diutius
729 2170 737 2212 :
755 2145 889 2215 etenim
905 2141 1118 2236 jamdudum
1135 2167 1274 2231 vereor,

212 2276 259 2322 ne
275 2256 389 2325 oratio
403 2279 500 2344 mea,
518 2255 629 2327 aliena
653 2253 699 2326 ab
715 2254 936 2348 judiciorum
950 2255 1109 2338 ratione,
1128 2267 1164 2322 et
1181 2277 1273 2349 quo·

213 2361 346 2435 tidiana
363 2363 505 2436 dicendi
521 2363 783 2436 consuetudine
797 2380 874 2434 e'sse
887 2360 1061 2432 videatur.
1074 2367 1151 2433 Hoc
1171 2362 1273 2452 dico,

213 2469 306 2542 hane
320 2474 432 2569 ipsam
447 2477 631 2561 Cererem,
646 2474 949 2571 antiquissimam,
963 2470 1275 2570 religiosissimam,

213 2660 244 2708 ab
257 2665 376 2731 Egyptiis
389 2664 462 2715 fuisse
476 2665 628 2731 desumptus,
640 2665 717 2714 idem·
761 2674 876 2731 portenta
902 2663 1014 2727 quaedam
1034 2664 1129 2711 animos
1151 2674 1275 2715 terrerent.

215 2743 410 2802 queesselsidem
417 2745 720 2810 Egyptiorom,Cerereru·
797 2745 822 2790 6.
842 2742 995 2790 Sacerdotes.
1012 2741 1186 2805 Sibyllinorum
1199 2742 1275 2792 libro-

213 2835 262 2883 que
271 2822 439 2871 siciliensium.
761 2838 816 2870 rum
829 2820 958 2880 custodes,
970 2819 1107 2868 sacerdotes
1121 2820 1277 2885 dicebantur,

249 2906 276 2954 4.
297 2901 431 2965 Frngesqus
446 2903 562 2953 attulisse.
583 2903 649 2953 Nota
666 2919 717 2961 ηις
763 2900 819 2963 quia
828 2914 915 2948 munus
930 2913 1014 2946 eorum
1027 2909 1092 2957 erat,
1108 2899 1223 2963 inspectis
1236 2901 1274 2948 Si-

213 2977 257 3026 sed
279 2978 337 3026 duas
353 2981 450 3028 Cereres
467 2983 559 3031 Plinius
578 2983 719 3046 distinguit3
762 2978 863 3043 byllinis
885 2978 968 3036 libris,
989 2993 1056 3025 sacra
1079 2977 1206 3038 facienda,
1230 2989 1274 3028 aut

212 3058 321 3107 Atticam
331 3059 444 3118 alteram,
454 3061 552 3109 alterum
560 3061 720 3119 Siciliensem,
762 3057 857 3122 piacula
872 3056 918 3105 diis
931 3056 1046 3105 mittenda
1061 3056 1189 3121 imperare.
1203 3057 1274 3106 'Hinc

212 3152 257 3184 seu
269 3138 422 3187 Eanum:
441 3137 470 3186 de
486 3155 599 3203 agrorum
613 3156 670 3187 vero
683 3155 719 3187 se·
762 3149 798 3186 ost
810 3136 878 3202 quod
889 3152 932 3184 eos
945 3148 1028 3185 orator
1040 3136 1177 3184 secerdotes
1188 3135 1275 3201 appel·

212 3216 345 3265 rendorum
353 3228 453 3267 auctore
460 3218 524 3267 iuter
532 3220 661 3283 scriptores
669 3233 720 3267 non
761 3215 808 3275 lat3
831 3215 882 3264 duo
902 3216 1007 3280 primum
1030 3215 1112 3273 iocre,
1131 3215 1219 3265 deiude
1240 3215 1272 3263 sd

212 3295 336 3347 convenit,
763 3295 846 3343 decem
866 3312 941 3358 usque
963 3294 1076 3359 provecti
1094 3306 1168 3352 sunt,
1188 3309 1272 3342 omnes

249 3371 273 3424 5.
292 3374 342 3422 lib.
360 3373 470 3425 Graccho
484 3374 571 3425 occsio.
586 3376 666 3438 Quum
679 3376 720 3424 ills
762 3375 865 3439 patricii.
876 3374 1042 3423 Sacerdotium
1051 3373 1110 3421 illud
1120 3372 1208 3423 deinde
1217 3389 1273 3420 cum

212 3453 324 3502 tribunus
337 3453 415 3518 plebis
428 3455 611 3520 procacissimus
624 3471 721 3519 rempu-
763 3452 834 3519 plebe
856 3453 902 3500 tuit
921 3451 1144 3510 communicatum,
1163 3461 1188 3499 et
1208 3451 1275 3500 Sulla

146 3564 158 3577 ,
212 3530 299 3580 blicam
314 3534 407 3598 legibus
425 3548 538 3596 reseret,
554 3546 653 3586 auctore
668 3537 720 3583 Sci·
764 3531 899 3591 dictatore,
918 3531 1046 3594 collegium
1066 3547 1163 3587 eorum,
1182 3545 1213 3577 es
1232 3527 1276 3575 de-

211 3611 286 3674 pione
295 3613 396 3673 Nasica,
408 3615 433 3662 in
445 3615 567 3681 Capitolio
577 3615 608 3663 ab
619 3616 720 3678 optima·
764 3610 903 3669 cemrirali,
919 3609 1133 3674 quindecimvirsle
1155 3607 1274 3654 coustitu-

214 3681 279 3729 tibus
297 3694 333 3730 est
351 3700 488 3749 oppressus.
512 3714 546 3725 -·
567 3686 668 3733 Ads'tum
685 3698 722 3734 est
764 3700 870 3738 tumeat.

213 3761 251 3808 ad
259 3761 333 3809 libros
341 3764 475 3827 Sibyllinos.
489 3765 594 3824 Scilicet,
603 3766 677 3828 positi
686 3765 721 3812 illi
802 3785 826 3829 7.
840 3768 918 3828 Quum
927 3778 994 3816 esset.
1007 3767 1112 3813 Primum
1121 3763 1202 3812 Cereri
1212 3773 1272 3810 tem-

213 3835 647 3908 iuiutimaCapitoliiparte,tantum
660 3860 720 3892 cou-
765 3847 832 3913 plum
852 3846 878 3892 in
893 3846 960 3893 ltalia
985 3826 1134 3891 coniecturis
1153 3841 1275 3892 Evander.

213 3915 370 3981 solebamus,
404 3933 447 3969 aut
474 3939 549 3986 quum
575 3922 722 3971 factionibus
766 3926 885 3982 Alterum,
900 3923 929 3971 de
943 3922 1047 3986 quobic
1065 3922 1151 3986 agitur,
1165 3920 1274 3985 romili·

214 3997 349 4063 respublica
379 4000 544 4061 laceraretur,
575 4012 617 4049 sut
647 4018 722 4065 quum
766 4003 901 4053 canussius
917 4001 1070 4051 aPostumio
1092 4000 1140 4049 suit
1157 4000 1276 4050 dictatore

214 4079 379 4137 gravationis
388 4082 499 4144 instaret,
510 4095 552 4132 aut
564 4082 635 4131 etiarn
647 4099 722 4146 quum
766 4082 920 4133 edificatum.
