3116 4774
354 352 423 437 452
672 353 722 418 u
743 351 782 417 r.
809 351 1090 420 cressonis

354 498 431 546 esse
454 469 664 542 videantur?
685 484 815 567 potero
833 469 904 543 hoc
921 494 989 566 ego
1006 492 1100 539 onus
1117 480 1277 554 tantum,
1296 482 1359 539 ant
1377 475 1418 540 in

354 586 425 656 hoc
441 581 580 677 judicio
599 580 783 677 deponere
793 577 822 667 ³,
843 594 904 651 aut
922 579 1057 650 diutius
1074 580 1205 648 tacitus
1219 580 1418 650 sustinere?

354 719 430 763 non
451 690 617 787 agitanda
639 713 699 759 res
719 690 812 760 erit?
834 713 911 760 non
933 690 972 758 in
996 687 1156 760 medium
1180 686 1417 785 proferenda?

354 828 430 874 non
443 800 569 899 populi
584 801 724 870 romani
737 797 827 870 fides
840 798 1089 897 imploranda?
1103 823 1179 869 non
1195 822 1337 888 omnes,
1352 801 1416 897 qui

354 929 455 987 tanto
470 937 507 983 se
524 911 657 981 scelere
671 908 950 996 obstrinxeriut‚
964 922 1006 979 ut
1021 922 1085 979 aut
1096 906 1207 980 fidem
1220 934 1323 980 suam
1339 934 1416 981 con

351 1025 472 1120 rumpi
489 1035 709 1119 paterentur,
720 1034 782 1091 aut
792 1019 971 1112 judicium
986 1033 1282 1117 corrumperent,
1295 1023 1335 1090 in
1350 1019 1415 1091 dis

353 1138 490 1207 crimen
508 1155 550 1202 ac
565 1129 743 1226 judicium
761 1129 938 1200 vocandi?

398 1248 542 1334 Quaeret
558 1239 709 1336 aliquis⁴
724 1236 892 1309 fortasse:
908 1241 1113 1309 Tantumne
1121 1234 1415 1334 igiturlaborem‚

351 1369 467 1427 tantas
484 1350 686 1421 inimicitias
713 1344 767 1418 tot'
789 1347 980 1419 hominum
997 1361 1229 1445 suscepturus
1246 1347 1306 1419 es?
1332 1350 1413 1418 Non

351 1464 471 1538 studio
498 1459 645 1556 quidem
670 1456 819 1529 hercule
847 1457 945 1543 ullo,
971 1442 1095 1554 neque
1120 1455 1330 1528 voluntate:
1351 1455 1415 1527 sed

350 1596 428 1642 non
456 1567 551 1638 idem
577 1566 674 1636 mihi·
691 1567 794 1652 licet,
820 1567 922 1664 quod
947 1567 990 1639 iis
1001 1563 1029 1656 ⁵,
1056 1568 1120 1662 qui
1145 1564 1260 1636 nobili
1283 1591 1413 1662 genere

350 1682 425 1749 nati
438 1692 542 1766 sunt3
557 1675 693 1773 quibus
706 1680 829 1749 omnia
844 1677 970 1775 populi
983 1679 1124 1748 romani
1139 1675 1314 1747 beneficia
1330 1676 1413 1748 dor·

328 1785 545 1858 'mientibus
574 1785 799 1858 deferuntur.
823 1792 950 1884 Longe
973 1787 1042 1858 aliu
1067 1786 1155 1856 mihi
1183 1786 1262 1884 lege
1286 1788 1325 1858 iu
1349 1786 1416 1858 hac

241 1912 250 1925 ⁴
350 1899 491 1969 civitate
510 1909 546 1966 et
567 1895 775 1967 conditione
794 1896 987 1967 vivendum
1005 1912 1069 1968 est.
1089 1899 1197 1968 Venit
1214 1898 1311 1967 enim
1326 1897 1414 1968 mihi

350 2011 387 2079 in
410 2022 571 2080 mentem
596 2012 643 2077 M.
670 2009 817 2079 Catonis
827 2005 855 2096 θ,
881 2009 1040 2080 hominis
1062 2008 1330 2106 sapientissimi,
1348 2009 1415 2104 qui
1513 2006 1520 2015 ’

349 2143 465 2217 quum
486 2142 524 2189 se
546 2119 699 2208 virtute,
719 2144 795 2191 uon
818 2144 967 2217 genere,
984 2118 1124 2216 populo
1142 2143 1295 2189 romano
1313 2142 1413 2189 com·

349 2228 512 2300 mendari
538 2243 704 2326 putaret,
730 2254 845 2326 quum
866 2231 944 2328 ipse
966 2232 1022 2300 sui
1048 2229 1189 2326 generis
1210 2228 1352 2298 initium
1371 2251 1414 2300 ac

347 2340 507 2409 nominis
532 2336 579 2406 ab
605 2361 644 2407 se
671 2338 769 2432 gigni
798 2353 835 2410 et
856 2340 1045 2436 propagari
1064 2336 1192 2425 vellet,
1216 2335 1408 2409 hominum

345 2444 674 2542 potentissimorum
704 2449 863 2545 suscepit
883 2449 1105 2535 inimicitias,
1127 2462 1164 2517 et
1182 2448 1348 2519 maximis
1367 2450 1407 2517 in

346 2551 552 2638 laboribus,
579 2576 696 2649 usque
724 2554 770 2626 ad
795 2581 973 2629 summam
998 2571 1240 2644 senectutem,
1265 2580 1409 2630 summa

345 2685 429 2733 cum
447 2659 559 2757 gloria
577 2661 675 2731 vixit.
694 2657 699 2664 ’

392 2766 518 2842 Postea
538 2771 582 2859 Q.
606 2774 832 2871 Pompeius⁷‚
859 2776 987 2848 humili
1013 2792 1123 2875 atque
1146 2776 1301 2850 obscuro
1322 2777 1405 2850 loco

380 2963 406 3009 ³.
429 2964 562 3026 Depouers.
582 2964 666 3025 Spem,
688 2963 739 3011 sive
764 2979 853 3012 munus
895 2966 1003 3016 sabano.
1018 2968 1113 3018 debers.
1126 2994 1163 3005 -
1175 2968 1307 3017 Hom'm
1318 2981 1405 3032 potss-

345 3040 493 3090 deleusionis
500 3053 525 3089 et
535 3040 738 3090 accusationis-
746 3041 852 3091 Diutius.
895 3045 1048 3098 ebriosorum.
1057 3049 1240 3108 Africsuorum
1250 3050 1279 3099 1..
1288 3050 1348 3098 st'I'.
1358 3049 1406 3097 Fls·

343 3122 395 3168 Aut
411 3120 511 3183 longum
530 3119 558 3165 iu
578 3130 673 3183 tempus
694 3120 799 3169 differre
817 3149 849 3159 -
895 3125 1043 3186 mistorum
1056 3129 1132 3176 totius
1145 3127 1250 3192 denique
1262 3128 1405 3178 nobilioris

342 3201 399 3247 Non
416 3198 544 3264 αςίεαπᾶα.
563 3198 649 3245 susim
669 3200 761 3263 sgends
780 3201 851 3250 vehe-
894 3203 959 3252 vids
978 3206 1061 3254 Divin.
1083 3222 1136 3270 esp.
1159 3222 1208 3265 so;
1228 3207 1339 3268 livium,
1359 3207 1404 3257 lib.
1464 3264 1467 3269 ,
1489 3270 1499 3281 .

342 3278 455 3325 mentius.
464 3304 499 3313 -
507 3275 592 3323 Fidem
599 3292 678 3324 suam.
689 3281 743 3326 Hoc
751 3278 783 3326 sd
788 3278 852 3341 judi·
893 3284 1022 3344 mlx,
1032 3302 1086 3351 osp.
1095 3294 1140 3345 ια,
1151 3287 1196 3344 43,
1204 3293 1284 3342 “r-
1290 3286 1405 3337 Mutus)

341 3373 382 3406 ess
394 3355 507 3419 pertinet.
523 3380 560 3389 -
578 3354 765 3419 communem.
785 3358 850 3407 Illud
894 3359 919 3409 iu
937 3364 1068 3413 laboribus.
1084 3365 1152 3428 Soepe
1167 3379 1296 3423 recussus,
1315 3366 1404 3430 sepius

342 3432 652 3496 nouorumiumspseuc
893 3452 1027 3489 secuntus.
1057 3442 1120 3489 Nam
1141 3441 1285 3504 quadragies
1307 3457 1403 3491 csussm

378 3523 403 3571 4,
427 3514 524 3575 ρωποι
544 3509 642 3575 aliquis.
662 3512 782 3577 Prolepsis
802 3532 850 3580 qus
894 3517 997 3575 dixit‚et
1005 3517 1077 3565 toties
1086 3514 1211 3563 absolutus
1221 3526 1269 3565 sst.
1280 3514 1404 3571 Plutsreh.

342 3593 428 3644 transit
437 3590 468 3640 sd
480 3589 662 3639 insecutionem
672 3591 766 3656 ignnvoe
776 3593 849 3643 nobi·
892 3594 1265 3662 pag.3ss.Vsl.Max.tib.111‚
1277 3615 1405 3664 ceps·—

338 3675 422 3725 limis,
892 3673 936 3721 Ad
945 3689 1225 3729 suminamssnectussm.
1236 3681 1311 3729 Anno
1324 3680 1404 3728 utatis

376 3756 401 3803 5.
422 3751 479 3799 Non
495 3749 558 3798 idem
575 3747 635 3796 mihi
648 3749 709 3807 licet,
725 3753 796 3815 quod
809 3753 846 3802 iis.
893 3755 926 3802 86
940 3754 1030 3804 obiisse
1043 3758 1158 3808 creditur.

339 3832 465 3880 Desidiose
474 3831 554 3878 vivere
562 3839 586 3877 et
595 3827 700 3878 bonores
710 3834 835 3897 consequi
928 3850 951 3895 7.
969 3837 1104 3900 Pompeius.
1124 3839 1295 3903 Cognomcuto
1314 3836 1402 3902 lidus.

373 3913 399 3959 ὕ.
409 3911 444 3957 Μ.
456 3909 560 3958 cotenu.
569 3910 690 3972 Maioris,
703 3927 745 3959 son
758 3928 844 3960 censo·
890 3914 1004 3964 Creditus
1017 3927 1054 3964 est
1068 3917 1175 3965 tibicinis
1192 3915 1265 3964 lilius
1283 3916 1404 3966 Consuls-

334 3987 377 4035 rii.
400 4012 425 4025 --
434 3987 490 4034 Nou
496 4003 593 4053 gemm.
606 3990 669 4051 Quis
680 4006 759 4039 novus
770 3991 845 4039 homo
890 4002 942 4039 tum
955 3994 1028 4056 gessit
1040 4010 1095 4042 cum
1107 3995 1155 4044 Cu.
1169 3995 1273 4043 Servilio
1283 3995 1402 4059 Cepione

336 4075 399 4123 esst,
416 4065 516 4113 Tusculi
528 4077 607 4115 ustus.
620 4094 655 4104 -
669 4069 843 4121 commendari.
889 4086 954 4119 enno
974 4071 1048 4119 Urbis
1061 4073 1122 4123 sn.
1140 4075 1210 4123 Prius
1227 4084 1360 4139 quatum,
1374 4086 1401 4124 et
