3016 4774
354 431 424 505 588
680 431 957 502 EXCURSUS
985 431 1094 498 XVI.

351 573 484 618 nexus».
499 552 565 617 Pro
580 553 742 619 Muraena:
766 552 822 616 «ln
837 551 876 616 iis
893 550 992 615 rebus
1011 546 1220 637 repetendis,
1237 571 1323 636 qnoe
1341 566 1428 613 mau-

348 658 411 745 cipi
427 674 521 739 sunt,
537 659 720 747 periculum
737 673 879 753 praestat,
899 656 1006 743 quise
1022 676 1108 718 nexu
1127 652 1328 742 obligarit».
1344 656 1426 720 Pers.
1468 664 1469 737 l

350 798 394 810 —
406 763 456 826 De
474 763 570 828 rebus
587 763 725 852 mancipi
745 762 819 827 vide
844 762 876 826 in
893 761 1006 851 primis
1022 759 1217 824 Salmasium
1234 758 1282 824 de
1299 761 1424 838 Usuris,

349 888 418 955 cap.
437 891 468 956 7.
486 867 569 932 Mihi
590 867 683 931 valde
702 882 850 956 suspecta
870 881 948 930 sunt
964 864 1017 929 illa
1032 863 1143 945 rerba,
1166 886 1301 951 «quum
1321 869 1424 928 omn'n
1468 866 1469 869 ’

348 988 446 1054 tua»,
474 995 548 1037 nea
564 974 647 1038 mala
663 996 764 1037 manu
781 975 846 1038 sint
865 971 1010 1063 ingratiis
1033 969 1198 1035 Ciceronis
1223 968 1369 1051 adjecta.
1385 972 1422 1033 Er

347 1079 375 1143 si
391 1078 502 1163 tollas,
518 1098 617 1145 erunt
632 1083 742 1146 omnia
762 1079 949 1168 liquidiora,
973 1100 1078 1166 quum
1097 1097 1187 1139 nunc
1207 1077 1333 1140 neseio
1350 1076 1421 1165 qnid
1462 1104 1469 1159 j

347 1184 451 1249 nubili
468 1185 520 1250 illa
539 1187 699 1252 obfuscet.
719 1187 827 1252 Gnnv.
844 1223 889 1235 -
902 1187 954 1249 An
971 1182 1103 1247 tandem
1122 1204 1222 1245 sanus
1241 1199 1298 1247 est
1315 1184 1420 1263 locus,

347 1307 381 1355 et
396 1316 490 1380 uquae
508 1316 611 1381 quum
628 1293 755 1357 omnia»
770 1292 887 1380 exponi
903 1290 1012 1370 debet,
1024 1310 1149 1378 «quum
1165 1287 1239 1351 haec
1257 1289 1419 1353 omnia?-

345 1397 558 1485 Est'quldam
579 1399 614 1462 in
635 1398 696 1462 hac
715 1397 882 1462 locutione
897 1402 1056 1477 ἰδιωτισμδς,
1078 1395 1207 1482 qualem
1230 1394 1418 1459 observasse

346 1502 427 1565 mihi
450 1502 564 1566 videor
585 1499 627 1566 ad
649 1505 721 1567 Aet.
742 1503 812 1568 lin
829 1504 920 1567 Verr.
935 1525 968 1588 9.
992 1499 1175 1587 Utrobique
1193 1521 1355 1564 summus
1379 1515 1418 1564 est

345 1607 426 1671 Mss
450 1629 644 1691 consensus,
667 1631 767 1698 quem
797 1609 867 1673 sine
893 1606 1040 1672 maximis
1069 1604 1173 1670 causis
1203 1621 1418 1670 contemnere
1468 1620 1469 1677 ξ

344 1734 412 1775 non
430 1712 513 1777 licet.
530 1714 654 1779 Ganar.

344 1902 390 1933 «νη
395 1904 991 1934 muamus-mmmmm
995 1903 1415 1934 mmmmm-»w

508 1982 992 2202 excussus
1038 2080 1249 2200 xvu

425 2303 489 2383 AD
510 2302 785 2373 omnousu
808 2300 898 2371 ruo
923 2302 1122 2387 cecini,
1144 2301 1241 2370 cle.
1269 2326 1332 2396 η.

389 2609 470 2673 Tum
486 2610 655 2674 staaoeritis
671 2612 740 2675 vim
762 2615 795 2676 in
811 2612 897 2677 ccede
912 2613 1032 2695 soluat,
1047 2634 1111 2678 non
1127 2612 1223 2679 etabm
1238 2613 1276 2677 in
1291 2616 1410 2679 anuto.

342 2714 464 2785 Omnes
482 2714 557 2778 libri
573 2730 714 2799 veteres,
733 2716 806 2781 «Tu
825 2739 876 2782 res
894 2717 922 2781 si
942 2740 1061 2806 equos,
1077 2733 1198 2799 vestes,
1216 2718 1328 2781 sirim
1344 2742 1410 2783 non

230 2968 235 2975 ι
339 2927 517 2994 admodum
532 2928 659 2993 restitui
675 2929 795 3017 possit,
810 2927 953 2992 divinare
972 2951 1040 2992 non
1060 2951 1211 3018 possum:
1232 2926 1295 2992 sed
1311 2930 1410 3010 hujus

337 3034 384 3097 rei
402 3034 537 3099 lectores
554 3033 731 3098 admonere
744 3034 850 3115 volui,
872 3056 913 3097 ne
929 3034 1121 3098 lacunosum
1140 3048 1173 3097 et
1192 3033 1342 3097 hiantem
1361 3036 1410 3099 lo·

340 3162 415 3204 eum
436 3141 471 3203 in
489 3140 606 3230 integri
623 3157 656 3205 et
667 3141 790 3209 ,sinceri
807 3141 881 3204 loeo
896 3155 1114 3205 numerarent.
1131 3141 1232 3203 llorr.
1243 3176 1292 3187 —
1307 3139 1410 3205 Resu-

340 3258 425 3310 tuere
438 3270 502 3310 nort
512 3247 650 3329 debebis,
664 3264 725 3317 etc.
736 3246 887 3336 Vestigiis
903 3247 1045 3336 antiquae
1059 3246 1226 3335 scripture
1238 3245 1409 3330 insistens,

338 3351 429 3415 hunc
445 3352 555 3417 locum
570 3353 605 3417 in
623 3352 711 3417 libris
729 3352 867 3442 vulgatis
891 3353 1049 3435 lacerum,
1070 3368 1104 3416 et
1126 3368 1343 3440 corruptum,
1377 3355 1408 3418 in

253 3440 259 3451 '
337 3457 509 3548 integrum
519 3457 646 3522 restitui
664 3473 760 3546 atque
778 3456 946 3523 emendavi
961 3482 969 3524 ε
985 3460 1032 3524 sie
1048 3459 1132 3522 enim
1150 3456 1247 3547 vulgo
1262 3457 1408 3549 legitur:

336 3565 405 3629 «ita
419 3564 601 3630 venientem
619 3563 793 3652 repuleris,
812 3564 948 3656 fugaris,
962 3565 1132 3630 averteris:
1150 3587 1217 3628 non
1232 3566 1408 3631 restitues:

336 3686 408 3735 tum
426 3671 617 3754 statueritis,
632 3671 699 3736 vim
715 3671 750 3735 in
768 3669 855 3737 crede
873 3672 996 3753 solum,
1014 3687 1074 3736 etc.
1086 3701 1100 3727 ι
1117 3668 1213 3760 plane
1228 3670 1410 3742 mendose:

334 3777 509 3867 legendum
520 3794 646 3845 autern:
661 3780 851 3862 «averteris,
864 3779 1033 3844 restituere
1050 3800 1117 3843 non
1135 3774 1280 3842 debebis.
1297 3777 1332 3841 si
1349 3800 1410 3844 vos

334 3880 399 3945 hoc
413 3883 604 3966 statueritis,
619 3883 765 3949 statuetis
776 3886 842 3957 vim
851 3905 921 3948 esse
935 3883 968 3946 in
984 3880 1070 3947 caede
1083 3882 1190 3947 solum
1203 3912 1225 3944 ι.
1246 3881 1409 3948 Praeterea

227 4010 232 4016 ·
335 4006 428 4066 eunt,
447 3990 503 4075 qui
528 3990 675 4078 proxime
699 3990 864 4079 sequitur,
886 3991 943 4077 qui
965 3988 1055 4053 baud
1078 3988 1181 4052 multo
1203 3987 1318 4051 minus
1337 4008 1411 4054 erat

334 4088 528 4177 mendosus,
552 4094 668 4183 partim
696 4093 846 4158 codicum
870 4096 1079 4184 antiquorum
1106 4093 1338 4161 auctoritatem
1356 4118 1413 4163 se-
