3186 4772
386 406 443 480 IN
467 410 688 478 VERREM
711 409 818 478 ACT.
834 410 894 494 II,
918 409 1015 476 LIB.
1033 410 1076 477 V.
1190 404 1261 491 345

204 556 276 629 que
293 555 337 602 eo
349 528 503 627 pudore,
520 533 638 626 quiin
656 530 929 627 magistratuum
946 528 1118 600 conviviis
1129 532 1261 600 versari

205 643 316 728 solet,
344 640 405 712 sed
435 664 516 711 eum
542 643 698 709 maximo
720 638 875 709 clamore
898 651 1008 733 atque
1030 639 1192 709 convicio
1206 650 1261 707 ¹⁰:

205 734 480 846 nonnumquam
500 751 605 821 etiam
623 773 681 820 res
704 748 749 820 ad
767 772 897 819 manns
915 761 1025 844 atque
1044 746 1088 815 ad
1107 770 1264 843 pugnam

205 860 381 934 veniebat.
408 866 478 931 Iste
506 860 603 930 euim
630 874 764 957 praetor
787 881 932 928 severus
950 880 990 925 ac
1013 855 1182 951 diligens,
1202 858 1265 950 qui

206 971 333 1068 populi
352 970 490 1039 romani
508 968 646 1065 legibus
665 991 864 1063 numquam
884 967 1079 1063 paruisset,
1102 964 1170 1034 iilis
1186 963 1265 1033 diii·

206 1095 333 1177 genter
346 1078 503 1175 tegibus,
520 1080 652 1176 quaein
670 1079 809 1176 poculis
826 1074 1110 1174 ponebantur¹¹‚
1125 1073 1267 1145 obtem·

207 1188 366 1287 perabat.
381 1194 508 1286 Itaque
531 1204 635 1260 erant
652 1191 770 1259 exitus
787 1185 982 1282 ejusmodi,
1006 1199 1048 1256 ut
1065 1184 1154 1256 alius
1174 1185 1269 1257 inter

207 1323 336 1369 manus
345 1324 366 1368 e
376 1299 554 1385 convivio,
562 1312 745 1394 tamquam
758 1323 777 1368 e
788 1297 922 1394 praelia,
936 1294 1152 1381 auferretur3
1163 1294 1268 1380 alius,

208 1421 394 1503 tamquam
410 1410 564 1495 occisus,
583 1406 868 1502 relinqueretur3
884 1405 1047 1502 plerique
1062 1402 1170 1475 fusi¹²
1192 1408 1269 1473 siue

207 1530 349 1602 mente,
365 1538 406 1585 ac
429 1518 505 1585 siue
524 1514 600 1585 ulio
620 1538 728 1585 sensu
741 1516 919 1609 jacerent:
944 1516 1061 1611 quivis
1081 1530 1138 1600 ut,
1155 1537 1269 1611 quum

211 1623 447 1721 adspexisset‚
470 1649 545 1695 nou
564 1649 602 1696 se
620 1627 783 1722 praetoris
801 1627 1023 1712 convivium,
1044 1624 1107 1695 sed
1126 1638 1167 1694 ut
1183 1627 1272 1694 Can·

210 1757 359 1804 neusem
370 1730 400 1775 ¹³
417 1757 578 1830 pugnam
597 1733 767 1829 nequitiae
783 1732 904 1804 videre
922 1732 1165 1804 arbitraretur.

258 1847 337 1914 XII.
356 1847 478 1932 Quum
496 1866 583 1913 vero
600 1857 701 1913 aestas
719 1853 880 1913 summa¹
906 1865 982 1914 esse
998 1843 1072 1937 jam
1095 1857 1271 1938 caeperat,

212 1949 313 2048 quod
332 1966 474 2049 tempus
492 1975 618 2023 omnes
636 1952 760 2022 Siciliae
774 1976 916 2049 semper
934 1934 1104 2049 praetores
1114 1953 1151 2020 in
1166 1953 1272 2022 itine-

210 2060 312 2132 ribus
334 2086 546 2134 consumere
565 2076 849 2146 consueverunt,
870 2076 1062 2159 propterea
1080 2058 1179 2156 quod
1194 2075 1272 2129 tum

211 2183 342 2266 putant
355 2168 562 2243 obeundam
580 2194 656 2241 esse
674 2170 827 2239 maxime
843 2170 1084 2265 provinciam,
1103 2192 1216 2264 quum
1235 2171 1273 2238 iu

213 2280 303 2349 areis
325 2278 506 2350 frumenta
524 2294 629 2366 sunt;
655 2279 756 2375 quod
782 2293 818 2350 et
836 2277 974 2348 familiae
993 2292 1274 2375 congregantur,

213 2404 250 2459 et
274 2389 481 2486 magnitudo
507 2391 665 2461 servitii²
693 2389 928 2486 perspicitur,
954 2401 990 2457 et
1010 2384 1135 2458 iabor³
1155 2391 1275 2483 operis

212 2500 365 2583 maxime
391 2497 610 2587 offenditur,
646 2513 682 2571 et
711 2498 885 2570 frumeuti
915 2498 1019 2596 copia
1049 2513 1273 2586 commouet,

251 2737 293 2769 ra.
314 2722 433 2771 θοηνὶσίο.
446 2724 490 2771 Eat
508 2738 582 2771 senua
595 2738 625 2773 ex
639 2723 722 2772 multia
763 2721 798 2768 mi
810 2731 834 2768 et
848 2730 981 2784 prostrata,
1002 2720 1043 2768 hic
1058 2720 1136 2779 ferro,
1155 2720 1205 2768 illic
1216 2722 1275 2769 vino

213 2798 314 2846 vaeibue
334 2802 462 2863 confusae,
480 2804 548 2865 quati
571 2802 720 2851 carmeiam.
762 2800 875 2862 jacebant
888 2815 1001 2862 corpora.

214 2874 272 2935 Vid.
282 2876 409 2924 Phaedrum
420 2880 550 2928 Burmann.
561 2883 586 2939 1,
595 2882 638 2929 at.
798 2880 857 2927 ΣΠ.
871 2893 894 2925 ι.
908 2878 992 2924 AEstas
1002 2892 1105 2923 summa.
1117 2878 1166 2924 Hic
1178 2890 1203 2926 et
1214 2880 1276 2927 basra

252 2969 294 3001 ιι.
309 2956 470 3005 Parabantur.
482 2958 523 3005 Ab
536 2973 566 3006 aa
584 2960 644 3021 qui,
657 2969 722 3007 torte
764 2973 819 3022 cap.
829 2959 872 3014 31,
881 2967 918 3003 eet
927 2966 996 3002 aeetae
1005 2970 1121 3019 praecepe,
1130 2972 1173 3005 eeu
1181 2955 1276 3017 finiam,

216 3030 314 3089 ductae,
324 3033 432 3080 convivii
442 3036 723 3100 magistereeaet,etle·
766 3034 812 3083 aab
833 3034 933 3081 initium
957 3031 1114 3096 septembris,
1136 3035 1193 3097 qaia
1218 3046 1278 3084 tunc

215 3125 270 3173 gem
281 3122 354 3174 atque
366 3111 476 3159 ordinem
489 3114 591 3173 edendi,
603 3115 722 3175 bibendi,
765 3111 883 3176 temporie
897 3111 1014 3158 frumenta
1027 3122 1085 3158 aaut
1102 3113 1128 3158 in
1141 3114 1216 3171 areis,
1234 3116 1278 3179 qui

215 3189 326 3237 ciborum
339 3190 522 3253 ponendorum,
533 3204 558 3240 et
566 3192 616 3239 loci
624 3194 723 3243 iamen-
765 3192 835 3239 laeua
844 3201 895 3238 erat
904 3191 930 3236 ia
940 3204 999 3253 agro
1007 3222 1015 3247 ,
1024 3188 1069 3236 ubi
1081 3190 1202 3240 frumenta
1211 3204 1276 3241 reeta

215 3269 724 3332 rumperemuQuodauamitttabtbenat
766 3269 905 3318 terebantur
913 3279 937 3316 et
946 3268 1092 3317 arescebam.

214 3347 309 3411 legibue
322 3348 724 3413 diiigenterobtempenbatar,aie
802 3365 826 3398 a.
850 3347 993 3413 Magaiatda
1011 3346 1110 3397 servati.
1129 3350 1170 3397 An
1188 3350 1277 3397 familia

216 3426 358 3475 detinebant
377 3428 423 3474 ieta
444 3429 527 3476 Verria
548 3429 674 3488 convivia,
697 3439 725 3476 ut
767 3428 1279 3490 uumeroeaeit3quaeeunt,utait‘1ibul-

215 3505 290 3568 aliua,
299 3517 345 3555 ete.
357 3506 462 3554 Notabie
470 3506 576 3570 lepidam
588 3506 724 3571 allegoriam
768 3506 820 3560 lue.
833 3527 846 3547 ι
854 3508 927 3554 taturi
941 3507 1005 3554 baua
1019 3509 1087 3570 rigua
1101 3508 1193 3555 coloni.
1205 3528 1217 3547 n
1267 3558 1269 3573 ,

215 3584 314 3635 ductam
327 3586 358 3633 da
371 3602 397 3632 re
418 3586 528 3644 militari,
545 3586 612 3647 ideo,
624 3589 681 3651 qnia
695 3586 725 3635 de
805 3585 829 3633 3.
844 3585 1026 3650 tatoroperis.
1038 3587 1102 3648 Quia
1114 3596 1165 3632 tum
1176 3588 1280 3633 maxime

216 3665 361 3729 imperatore
370 3675 487 3714 narratur.
748 3663 912 3725 ‘offendituq
923 3665 948 3713 h.
962 3681 985 3712 c.
1002 3663 1200 3728 deprehenditur,
1212 3679 1281 3727 repe·

255 3758 296 3791 ta.
311 3744 374 3792 tasi.
387 3745 511 3808 Dimuri,
531 3745 583 3792 eine
600 3745 725 3794 ordinare
769 3743 831 3790 ritur
852 3754 956 3806 quantae
979 3744 1012 3791 eit
1033 3743 1060 3788 in
1087 3744 1179 3788 rustico
1206 3758 1281 3807 opere

218 3820 343 3885 dignitate.
769 3820 850 3880 labar,
862 3832 967 3884 quantae
979 3822 1075 3883 frugum
1088 3816 1132 3868 illo
1145 3835 1210 3868 anuo
1224 3839 1284 3885 pra·

256 3899 298 3950 13.
315 3903 346 3948 Ut
358 3900 518 3950 Cannensem.
538 3903 567 3951 ld
583 3912 634 3964 eet,
644 3903 727 3951 videre
770 3910 875 3955 ιωιιιις
892 3898 987 3947 atinde
1000 3898 1187 3962 praetoreaqaid
1201 3900 1225 3947 in
1239 3902 1284 3950 de·

218 3977 373 4027 arbitraretur
378 3991 481 4044 stragem
490 3981 578 4029 editam
583 3980 684 4030 libidine
690 3981 727 4030 ilii
771 3995 854 4027 cumae
862 3979 974 4042 imperari
982 3978 1072 4042 poerit,
1085 3977 1155 4025 facile
1162 3978 1281 4039 judicent.

112 4058 122 4078 ⁸
219 4058 293 4120 etragi
302 4058 404 4105 similem
413 4060 728 4122 quamadCannaeserr-um
772 4060 812 4107 Sia
825 4061 922 4107 Gruter.
939 4059 1125 4106 GraanErneat.
1139 4059 1285 4108 Atetribua

219 4137 334 4198 panicum
343 4136 428 4185 edidit.
442 4139 534 4187 Pariter
543 4139 608 4187 enirn
618 4139 669 4188 faaa
678 4139 727 4187 ba·
771 4139 847 4187 Paria.
858 4138 932 4187 codd.
942 4138 1006 4188 eruit
1014 4138 1160 4188 ballemand.
1171 4136 1285 4203 affindr't,
