3148 4780
290 402 362 489 364
604 411 652 477 Μ.
679 411 717 477 Τ.
745 411 1024 479 CICERONIS

338 530 429 616 Quae
454 525 601 599 tandem
626 527 771 601 ciritas³
792 529 877 619 fuit,
901 555 979 630 quae
1004 528 1178 601 deberet?
1197 530 1270 618 Qui
1288 554 1354 626 pu-

289 634 404 708 blicos
416 641 542 734 agros⁴
557 651 679 727 arant,
696 654 834 711 certum
849 655 924 727 est,
942 637 1030 738 quid
1044 663 1089 709 ex
1100 636 1178 735 lege
1191 640 1354 709 censoria

206 774 209 779 ⁴
290 743 376 815 dare
396 744 552 817 debeant
569 774 577 816 :
597 749 719 819 curiis
740 748 939 848 quidquam
952 761 1130 847 praeterea
1147 771 1192 818 ex
1209 747 1280 818 alio
1295 772 1355 845 ge·

289 850 402 926 nese⁵
417 858 659 954 imperavisti?
677 858 799 949 Quid?
818 853 1032 931 decumani6
1053 881 1141 927 num
1163 857 1252 952 quid
1267 881 1353 956 prae·

288 977 346 1035 ter
363 967 520 1063 singulas
540 965 708 1038 decumas
733 994 777 1040 ex
804 970 882 1067 lege
901 970 1091 1040 Hieronica
1108 965 1267 1038 debent?
1289 992 1354 1039 cur

290 1074 533 1171 iistquoque
559 1077 734 1164 statuisti,
757 1091 934 1174 quantum
960 1101 1005 1147 ex
1028 1075 1099 1148 hoc
1126 1101 1258 1174 genere
1276 1076 1352 1148 lru·

291 1187 403 1254 menti
416 1188 529 1281 empti
538 1184 667 1257 darent
677 1187 774 1276 iQui
789 1200 875 1257 sunt
887 1180 1105 1273 immunesss,
1116 1186 1141 1254 ii
1154 1199 1251 1256 certe
1264 1184 1355 1255 nihil

290 1291 447 1382 debent,
472 1308 508 1364 at
533 1294 589 1367 his
613 1321 690 1367 non
713 1295 824 1368 modo
853 1295 1053 1393 imperasti,
1078 1297 1355 1381 verumetiam,

290 1425 366 1497 quo
379 1401 462 1498 plus
475 1401 618 1490 darent,
635 1429 745 1502 quam
759 1418 947 1503 poterant,
966 1403 1042 1475 haec
1055 1426 1231 1500 sexagena
1246 1403 1356 1474 millia

290 1510 475 1598 modium,
500 1538 581 1608 quae
606 1517 829 1587 Mamertinis
854 1517 1060 1602 remiseras,
1083 1511 1261 1584 addidisti.
1285 1517 1356 1584 Ne-

290 1643 363 1715 que
394 1618 465 1692 hoc
490 1620 610 1711 dico⁹‚
636 1626 765 1697 ceteris
791 1650 868 1697 non
896 1639 994 1695 recte
1018 1627 1235 1720 imperatum
1254 1644 1354 1694 esse:

290 1733 532 1822 Mamertinis,
551 1737 614 1832 qui
634 1751 738 1807 erant
754 1740 791 1806 in
810 1734 935 1806 eadem
953 1757 1076 1821 causa,
1095 1731 1230 1829 quibus
1248 1756 1358 1830 supe-

290 1840 403 1911 riores
428 1867 553 1916 omues
572 1861 744 1943 praetores
761 1847 869 1930 item,
890 1858 932 1914 ut
951 1846 1098 1928 ceteris,
1119 1844 1358 1940 imperarant,

291 1951 555 2050 pecuniamque
573 1979 617 2024 ex
640 1953 952 2026 senatusconsulto
970 1967 1008 2024 et
1026 1978 1071 2025 ex
1091 1953 1169 2050 lege
1187 1952 1358 2022 dissolve-

292 2073 393 2150 rant,
412 2061 468 2133 his
486 2062 567 2135 dico
588 2090 666 2137 nou
688 2078 787 2137 recte
805 2064 1006 2136 remissum.
1027 2066 1089 2149 Et,
1106 2075 1149 2131 ut
1165 2060 1236 2131 hoc
1249 2060 1358 2132 bene·

326 2224 354 2273 3.
376 2226 438 2288 Qua
458 2227 556 2276 eandem
572 2228 667 2278 civitas.
686 2229 803 2292 Arguitur
847 2237 962 2285 aratores,
975 2226 1019 2290 qui
1028 2226 1142 2274 decumas
1157 2224 1294 2291 publicanis
1305 2223 1357 2271 sol·

291 2302 358 2351 aliud
371 2303 455 2353 Verria
469 2307 561 2366 scelus,
575 2308 643 2371 quod
654 2310 681 2355 in
690 2308 803 2357 Centuri-
846 2322 902 2355 rere
911 2306 1008 2355 debent.
1016 2332 1052 2342 —
1063 2303 1251 2369 Nemesim-An
1259 2302 1362 2367 aliquid,

292 2380 364 2445 pinos
373 2394 398 2431 et
410 2384 537 2434 Halesinoa
544 2419 551 2445 ,
558 2387 678 2434 immunes
686 2386 802 2451 populos,
846 2396 935 2451 prietes
944 2384 1060 2449 gratuitas
1067 2418 1075 2443 ,
1082 2399 1126 2431 sen
1136 2382 1225 2446 primas
1239 2381 1360 2439 decumas,

291 2459 354 2508 illud
366 2462 498 2521 frumenti,
518 2463 585 2526 quod
598 2464 751 2512 Mamertinis
762 2480 802 2511 re-
846 2480 877 2512 ex
891 2463 944 2527 lege
957 2464 1089 2512 Hieronica
1100 2461 1190 2509 debent
1198 2461 1361 2510 lconl.Verr.

293 2540 393 2584 missum
411 2548 464 2598 est,
477 2539 609 2587 sranatulit.
627 2540 803 2604 riettelv,
849 2546 894 2602 lv,
906 2560 931 2604 9.

294 2631 348 2680 etp-
363 2631 388 2679 9·
885 2637 908 2681 7.
920 2621 968 2670 Gur
979 2621 1016 2670 iis.
1031 2618 1189 2669 Curarbitrio
1200 2628 1244 2665 tuo
1253 2614 1358 2680 exegisti

331 2701 357 2751 4.
371 2692 420 2756 Qui
426 2693 538 2759 publicos
554 2707 637 2762 agros.
648 2697 710 2763 Agri
721 2698 804 2762 appel·
848 2699 879 2747 ab
892 2699 1029 2747 aratoribus
1040 2710 1136 2747 santum
1146 2696 1257 2745 menti
1266 2729 1273 2753 ‚
1281 2694 1357 2742 decu-

293 2772 406 2822 labantur
412 2774 515 2839 publici,
529 2792 593 2840 qnos
606 2777 804 2843 respublica,ju·
848 2793 943 2825 marum
963 2778 1093 2825 alterarum
1116 2776 1224 2833 nomine,
1241 2784 1360 2838 quantum

294 2868 322 2900 ra
334 2852 407 2913 belli,
421 2854 469 2903 sihi
482 2855 616 2905 addixerat.
627 2857 803 2922 Septemdecim
848 2856 968 2929 voluisti,
994 2858 1105 2920 quamvis
1126 2870 1241 2903 numerus
1261 2852 1359 2902 modio·

293 2932 382 2981 Sicilie
389 2934 523 2993 civitatum,
533 2951 589 3000 quie
597 2936 805 3001 bellumcumpo·
847 2950 902 2982 rum
917 2949 979 2998 qnos
992 2934 1092 2991 darenm
1112 2943 1173 2981 esset
1188 2929 1320 2993 definitus,
1333 2942 1358 2979 et

293 3010 354 3076 pulo
365 3018 674 3080 romanogesserant,agr·i
684 3014 803 3079 publicati
848 3024 886 3062 tot
899 3024 979 3061 essent
997 3029 1030 3061 ex
1049 3010 1262 3061 aemmeeonenlso
1279 3010 1361 3058 utere
1462 3046 1467 3053 .

293 3089 389 3138 inerant
409 3105 435 3142 ee
455 3103 540 3157 postea
558 3094 644 3142 iisdem
665 3093 805 3143 civitatibus
849 3093 971 3156 decuma,
983 3102 1044 3156 quot
1057 3091 1162 3157 primae?
1177 3089 1236 3139 tud.
1251 3088 1296 3138 lib.
1308 3089 1361 3145 111,

295 3167 394 3216 redditi.
409 3170 443 3218 Hi
456 3188 469 3218 a
483 3171 623 3219 censoribus
645 3173 722 3220 locari
742 3170 805 3220 sole·
850 3190 906 3238 cap.
922 3188 954 3237 7⁰
964 3183 989 3220 et
1002 3173 1046 3234 98.

294 3244 355 3292 hant
367 3247 504 3296 aratoribus
515 3259 566 3296 tum
585 3249 672 3298 Siculis
683 3261 733 3298 tum
754 3255 806 3300 uo·
886 3254 916 3325 ⁸¹,
925 3250 974 3315 Qui
980 3260 1038 3299 sunt
1050 3245 1363 3307 immunes.1,anab.·Quid

295 3323 387 3383 manu,
401 3328 445 3388 qni
466 3337 555 3374 cusam
572 3327 689 3377 immensi
710 3330 806 3394 copiam
849 3331 986 3380 immunes?
1005 3329 1032 3377 hi
1050 3339 1143 3377 carten.
1166 3323 1265 3375 Schisz.
1293 3348 1306 3368 ·
1320 3321 1363 3388 qni

295 3404 427 3468 quotannis
438 3404 535 3468 populo
548 3422 651 3454 romano
665 3409 806 3468 solverent,
850 3422 908 3461 aunt
925 3412 1047 3458 immunes
1057 3429 1078 3456 ι.
1095 3408 1123 3456 Ι.
1134 3408 1168 3455 V.
1183 3409 1210 3454 L.

295 3480 416 3546 reliquum
428 3482 477 3530 sibi
487 3483 610 3533 haberent.
619 3485 679 3535 rid.
692 3486 735 3535 lib.
750 3489 804 3550 ΙΙΙ,
887 3505 915 3555 9.
926 3488 1013 3551 Neque
1019 3485 1065 3533 loc
1073 3486 1138 3533 deco.
1149 3486 1290 3535 Ceterarum
1301 3479 1361 3528 civi·

295 3577 350 3626 cap.
371 3562 396 3610 6.
416 3588 451 3599 -
470 3564 540 3629 Legis
562 3563 677 3614 censon'oe
708 3566 807 3615 nomine
851 3579 928 3616 tasum
941 3580 1037 3612 canaam
1051 3579 1102 3611 non
1119 3561 1230 3611 attendo.
1244 3561 1365 3620 Noniani

295 3639 443 3691 locationem
454 3659 499 3708 per
511 3660 624 3694 censores
632 3645 721 3694 lactan
732 3646 808 3695 intel·
851 3659 936 3712 qnsero
944 3653 1041 3692 rectene
1050 3658 1081 3691 an
1092 3659 1219 3707 perperam
1230 3641 1279 3689 illia
1288 3640 1365 3703 impe·

295 3717 353 3784 ¹13⁰·
851 3735 929 3773 ratum
941 3723 981 3770 sit.
1001 3725 1057 3772 Hoc
1067 3738 1145 3771 nuum
1164 3721 1221 3769 dice
1235 3736 1289 3768 nou
1301 3729 1366 3767 recte

333 3801 348 3848 5
352 3836 359 3850 .
371 3804 414 3850 Ex
427 3802 477 3852 alio
486 3821 584 3869 genere
598 3809 689 3855 Praeter
700 3807 806 3855 fromen-
851 3802 975 3852 reinissum
982 3799 1366 3864 Mamertinis,quibnaslterurn,

297 3887 348 3925 tum
357 3914 365 3939 ‚
375 3885 490 3944 pecunias
508 3886 579 3933 etiam
597 3887 713 3935 maximas
726 3887 805 3949 irnpe-
850 3891 939 3946 prester
951 3880 1113 3928 decumanum
1125 3881 1290 3940 frumentum,
1303 3892 1367 3941 prae-

297 3968 391 4005 raserat
410 3963 498 4011 Verres
510 3964 655 4016 aratoribus.
675 3965 731 4014 lib.
750 3965 804 4022 111,
850 3971 915 4009 tores
924 3959 1102 4023 imperaverant
1112 3991 1120 4019 ,
1131 3970 1157 4006 et
1165 3958 1201 4005 eis
1208 3972 1256 4023 pro
1267 3955 1310 4003 illo
1317 3969 1367 4001 em·

298 4050 353 4099 sap.
368 4036 409 4084 5⁰.
850 4050 895 4104 pto
911 4037 1033 4086 frumento
1051 4034 1176 4087 definitam
1193 4053 1207 4083 a
1223 4044 1306 4084 amam
1319 4048 1367 4095 pe·

333 4112 358 4161 6.
382 4100 524 4163 memmi.
541 4119 596 4164 lloc
618 4119 675 4167 loco
698 4116 807 4180 intellige
851 4119 947 4166 cuniam
959 4115 1084 4165 dederant.
