3186 4772
315 369 387 442 282
634 367 683 435 Μ.
708 367 747 433 Τ.
773 362 1057 434 CICERONIS

313 490 516 590 principem
550 487 713 557 omnium
748 508 933 571 sacrorum
945 480 973 572 ⁸,
1006 505 1087 579 quae
1118 481 1217 580 apud
1248 509 1374 559 omnes

312 614 437 700 gentes
459 597 696 693 nationesque
713 593 863 682 fiunt‚a
881 599 920 679 C.
941 597 1054 665 Verre
1072 616 1116 662 ex
1133 595 1208 663 suis
1231 598 1375 692 templis

312 734 354 781 ac
374 706 520 781 sedibus
540 729 616 777 esse
636 704 824 776 sublatam.
844 704 917 795 Qui
932 703 1127 774 accessistis
1145 708 1306 793 Ennam,
1323 708 1374 775 vi·

310 819 409 891 distis
436 804 667 889 simulacrum
694 816 833 887 Cereris
863 839 884 886 e
913 836 1111 899 marmore,
1141 828 1178 884 et
1203 817 1242 885 in
1263 814 1375 887 altero

310 928 467 1026 templo,
488 925 651 998 Libera:
673 939 759 996 sunt
781 949 824 996 ea
846 922 1032 1021 perampla
1056 936 1165 1019 atque
1189 924 1375 1021 praeclara,

310 1036 469 1110 sednon
496 1039 545 1104 ita
572 1033 731 1131 antiqua.
759 1037 813 1107 Ex
837 1058 906 1104 aerc
930 1030 1000 1102 suit
1024 1030 1210 1128 quoddam
1235 1035 1376 1106 modica

311 1143 569 1245 amplitudine,
591 1167 632 1214 ac
656 1143 827 1239 singulari
850 1131 982 1240 opere,
1003 1165 1087 1212 cum
1111 1139 1268 1229 facibus,
1291 1167 1374 1240 per·

310 1259 521 1352 antiquum,
551 1253 715 1323 omnium
741 1252 910 1339 illorum,
938 1274 1019 1347 quae
1040 1264 1126 1321 sunt
1148 1252 1186 1322 in
1209 1275 1253 1322 eo
1271 1249 1375 1339 lano,

310 1368 427 1439 multo
450 1364 764 1461 antiquissimum:
783 1362 820 1433 id
839 1361 1005 1450 sustulit;
1023 1383 1065 1431 ae
1087 1374 1206 1431 tamen
1224 1385 1268 1432 eo
1286 1385 1374 1432 con-

312 1490 434 1548 tentus
466 1499 539 1544 non
568 1470 648 1544 fuit.
678 1475 773 1544 Ante
800 1471 913 1544 aedem
938 1473 1099 1556 Cereris,
1121 1470 1160 1539 in
1188 1484 1314 1569 aperto
1336 1494 1377 1541 ac

311 1582 507 1685 propatulo
525 1583 629 1671 loco,
653 1584 752 1681 signa
773 1582 847 1653 duo
863 1594 964 1669 sunt,
986 1580 1124 1652 Cereris
1140 1604 1275 1668 unum,
1293 1580 1377 1651 alte·

311 1716 394 1767 rum
421 1692 651 1790 Triptolemi,
676 1706 713 1763 et
742 1691 1004 1790 pulcherrima,
1029 1703 1066 1760 et
1090 1690 1299 1787 perampla:
1323 1691 1378 1760 his

312 1802 548 1902 pulchritudo
573 1802 761 1901 periculo,
789 1799 990 1896 amplitudo
1019 1797 1125 1871 saluti
1151 1795 1244 1886 fuit,
1275 1799 1378 1895 quod

314 1938 440 1986 eorum
468 1911 654 1983 demolitio
678 1926 788 2009 atque
813 1910 1008 2006 asportatio
1034 1905 1256 2003 perdifficilis
1280 1909 1379 1980 vide·

313 2022 432 2094 batur.
452 2019 643 2094 Insistebat
661 2022 699 2091 in
718 2044 830 2090 manu
847 2020 985 2089 Cereris
1004 2016 1130 2089 dextra
1148 2016 1377 2089 simulacrum

314 2134 556 2233 pulcherrime
577 2129 710 2203 lactum
730 2131 947 2201 Victoriae⁹z
968 2128 1040 2200 hoe
1060 2132 1128 2199 iste
1150 2154 1170 2199 e
1191 2131 1297 2225 signo
1310 2132 1378 2199 Ce-

314 2247 404 2316 reris
421 2240 668 2328 avellendum,
687 2237 1020 2338 asportandumque
1038 2238 1185 2307 curavit.

364 2357 405 2423 L.
434 2353 506 2443 Qui
536 2350 682 2421 tandem
711 2352 812 2421 istius
842 2349 984 2421 animus
1008 2361 1061 2419 est
1088 2370 1187 2421 nunc
1216 2347 1255 2416 in
1281 2369 1381 2418 reco-

318 2462 504 2558 gnitione¹
526 2460 703 2530 scelerum
721 2482 889 2543 suorum,
911 2482 1025 2554 quum
1048 2481 1116 2553 ego
1133 2461 1209 2554 ipsc
1224 2458 1263 2526 in
1280 2480 1381 2527 com·

317 2568 579 2638 memoratione
602 2591 729 2638 eorum
753 2566 829 2638 non
855 2567 973 2639 solum
998 2569 1119 2636 animo
1141 2588 1383 2647 commovear,

316 2680 562 2749 verumetiam
576 2701 729 2776 corpore
746 2676 1041 2774 perhorrescam?
1054 2675 1162 2746 Venit
1178 2676 1275 2744 enim
1292 2672 1381 2744 mihi

318 2786 412 2876 fani,
426 2789 514 2877 loci,
534 2787 718 2885 religionis
738 2784 832 2857 illius
851 2789 888 2855 in
907 2799 1084 2871 mentem
1097 2797 1284 2855 versantur
1299 2797 1383 2854 ante

320 2899 447 2971 oculos
463 2900 585 2971 omnia
600 2926 608 2968 ε
624 2897 701 2969 dies
713 2896 773 2967 ille
784 2950 794 2985 ,
807 2920 882 2993 quo
897 2919 964 2993 ego
976 2898 1114 2965 Ennam
1131 2918 1245 2990 quum
1263 2894 1381 2966 venis·

354 3156 381 3205 8.
391 3157 528 3222 Principem
538 3156 644 3205 omniurn
654 3173 790 3206 sacrorum.
804 3159 828 3206 A
872 3172 968 3205 crorum
981 3155 1132 3221 principem,
1144 3153 1213 3218 quod
1227 3153 1327 3203 deornm
1339 3169 1383 3218 pe·

319 3236 393 3284 Vesta
411 3252 510 3301 quoque
527 3240 635 3286 omnium
655 3235 828 3285 sacrificiorum
872 3253 937 3296 rens,
953 3248 977 3285 et
991 3237 1085 3301 generis
1097 3234 1198 3283 humani
1211 3233 1382 3297 altrix,prlma

319 3314 469 3379 principium
493 3327 553 3366 erat.
571 3319 631 3365 Haec
655 3327 711 3364 ante
736 3327 829 3364 ceteros
872 3316 969 3365 debitos
981 3315 1027 3363 diis
1035 3315 1083 3363 sibi
1093 3313 1199 3361 vindicat
1207 3313 1321 3362 bonores.

319 3392 379 3441 deos
394 3409 477 3441 omnes
491 3394 627 3453 colebatur,
640 3395 673 3441 ita
690 3404 732 3453 ut,
752 3412 829 3459 quom
908 3411 934 3458 9.
948 3393 1108 3447 Sr'rnulacrnm
1117 3391 1279 3457 pulcherrime
1286 3389 1383 3454 [aetem

318 3472 451 3537 Olympico
457 3474 473 3521 J
475 3474 516 3520 ovi
524 3472 641 3537 litaretur,
649 3475 751 3537 primam
758 3474 830 3523 sacri·
874 3471 993 3520 Victoriae.
1008 3471 1082 3520 Multi
1095 3472 1224 3535 quaesivere
1235 3479 1385 3535 quapropter

318 3551 370 3602 licii
385 3562 476 3617 partem
489 3556 561 3601 Vesta
575 3552 703 3602 obtineret.
718 3554 829 3602 Cererem
873 3551 944 3600 Ceres
950 3549 1086 3597 Victoriam
1103 3551 1128 3597 in
1142 3566 1214 3598 manu
1227 3548 1341 3607 haberet,
1359 3557 1384 3595 et

319 3648 379 3680 vero
398 3632 438 3680 bic
461 3644 544 3681 orator
563 3642 636 3679 vocat
656 3629 830 3680 sacrificiorum
873 3629 943 3677 aliam
957 3628 1018 3676 alius
1030 3630 1172 3693 opinionem
1189 3628 1306 3695 protulit3
1324 3627 1384 3675 mihi

319 3713 469 3776 principem:
481 3712 543 3760 illud
552 3709 611 3758 mihi
622 3726 652 3758 ex
662 3726 691 3758 eo
701 3710 829 3759 defluxisse
872 3708 920 3756 boc
938 3707 995 3755 inde
1016 3709 1110 3756 venisse
1130 3717 1245 3773 apparet,
1269 3706 1338 3771 qnod
1358 3708 1385 3753 in

320 3790 429 3852 videtur,
448 3791 517 3859 qnod
529 3790 611 3840 eadem
629 3789 673 3838 den
690 3790 830 3839 nominihus
873 3787 951 3847 bello,
964 3805 1044 3837 rerum
1058 3790 1143 3853 copia,
1160 3786 1264 3835 multum
1279 3785 1385 3834 confecit

321 3866 422 3917 diversis
429 3874 509 3919 Vestes
518 3883 543 3919 et
553 3871 645 3920 Cereris
655 3871 828 3920 celebrabatur.
872 3868 904 3916 ad
913 3869 1048 3917 victoriam.

321 3946 390 4009 Saepe
404 3950 476 3997 etiam
485 3953 553 3998 Boua
563 3950 830 4013 Daadicitur,patene-
907 3948 934 3996 L.
965 3964 987 3997 1.
1012 3946 1091 3999 Codri.
1119 3947 1202 4007 anac.
1230 3940 1386 4006 Guelferbyt.

321 4037 368 4085 que
375 4027 484 4073 omnium
492 4027 600 4075 deorum.
612 4028 672 4075 Inde
680 4027 744 4075 illud
749 4037 829 4073 ortum
872 4028 971 4076 Memm.
985 4027 1162 4075 recordatione.
1176 4023 1281 4071 Videtur
1294 4038 1308 4069 e
1321 4019 1387 4085 gloa-

322 4100 419 4149 duxisse
436 4115 512 4166 pato,
525 4121 576 4151 eam
596 4121 647 4151 esso
663 4105 772 4153 omniurn
789 4121 830 4152 aa·
874 4123 908 4155 ea.
919 4106 982 4156 LV.
994 4108 1022 4154 L.
