3016 4774
175 438 910 497 movemus-mmmmm
916 460 1234 495 mmmmm·

345 676 838 803 EXCURSUS
891 680 1072 799 XXI

247 924 312 995 AD
339 923 619 995 ORATIONEM
643 923 735 994 PRO
761 922 962 1009 CAECINA,
987 923 1086 993 CAP.
1111 920 1170 994 30.

547 1116 549 1120 v
570 1106 838 1139 -οοοι-

219 1273 287 1362 Qui
300 1274 460 1364 postulat,
484 1284 520 1340 ut
540 1297 563 1337 a
581 1297 643 1363 quo
662 1274 733 1339 loco
756 1274 895 1365 dq'ectus
913 1290 978 1357 est,
997 1275 1057 1341 dee
1073 1291 1136 1357 est,
1162 1277 1246 1342 unde

172 1379 308 1469 ᾰψοειιι
323 1393 385 1458 est,
405 1380 603 1443 restituatur.
623 1380 811 1447 Mutilatum
829 1403 899 1446 csse
911 1381 1022 1447 locum
1038 1397 1072 1448 et
1089 1405 1128 1449 ex
1139 1382 1247 1447 verbis

173 1484 376 1574 intelligitur,
393 1499 427 1549 et
444 1506 484 1548 ex
499 1482 595 1549 litura
618 1484 778 1551 librorum
800 1501 948 1553 veterum
969 1487 1165 1577 perspicitur
1185 1487 1246 1553 :in

78 1659 82 1668 ,
173 1590 294 1678 quibus
309 1590 373 1655 hoc
391 1590 531 1678 amplius
550 1588 680 1679 legitur,
697 1620 711 1645 ι
721 1590 794 1655 Hoc
815 1593 979 1679 postulat,
994 1610 1033 1661 ut
1050 1593 1141 1663 unde
1156 1592 1246 1674 deje-

173 1706 245 1756 etus
268 1707 333 1775 est,
358 1715 398 1757 eo
417 1692 641 1759 restituatur».
664 1691 713 1756 Ex
730 1691 851 1779 quibus
874 1694 980 1759 verbis
1002 1695 1129 1763 restitui
1153 1694 1247 1781 locus

173 1797 311 1865 minimo
324 1797 457 1887 negotio
470 1798 607 1888 poterit,
622 1797 650 1864 si
666 1798 713 1864 sic
731 1798 876 1887 legamus
893 1821 902 1864 ε
921 1830 935 1855 ι
947 1799 1015 1882 Qui
1031 1802 1189 1889 postulat,
1206 1817 1246 1867 ut

172 1925 278 1993 aquo
297 1904 370 1969 loco
387 1902 531 1987 dejectus
552 1921 616 1989 est,
638 1920 686 1970 eo*
703 1904 893 1970 restituatur
913 1929 921 1970 :
944 1905 1009 1970 hoc
1026 1908 1187 1996 postulat,
1207 1922 1247 1973 ut

173 2007 264 2075 uude
281 2007 426 2091 dejectus
439 2026 505 2092 est,
521 2032 561 2075 eo
575 2010 766 2079 restituatur
777 2040 802 2074 ι.
817 2008 903 2077 Nem
919 2011 988 2076 hoec
1006 2032 1046 2076 eo
1063 2013 1246 2101 pertinent,

172 2130 212 2179 ut
231 2112 510 2202 quemadmodum
532 2115 597 2180 hoc
612 2116 713 2180 verbo
732 2115 816 2179 unde
836 2114 903 2180 duo
923 2116 977 2180 illa
993 2139 1015 2180 a
1032 2139 1094 2205 quo
1110 2116 1245 2208 intelligi

174 2218 305 2304 docuit,
324 2222 403 2287 etin
422 2242 493 2287 eam
515 2244 586 2287 rem
609 2221 795 2310 exemplum
818 2219 859 2286 de
880 2219 1006 2301 dejecto
1022 2245 1039 2286 a
1055 2239 1245 2311 tempestate

171 2326 325 2415 protulit3
340 2327 387 2392 sic
401 2327 544 2393 vicissim
560 2325 628 2392 duo
645 2327 714 2392 haee
737 2350 760 2390 a
774 2349 852 2415 quo,
867 2327 932 2392 hoe
949 2349 1019 2391 uno
1037 2343 1071 2392 et
1092 2327 1246 2417 singulari

172 2432 257 2499 unde
278 2433 439 2498 contineri
461 2431 663 2498 demonstret
684 2454 693 2497 ι
714 2431 749 2497 in
771 2454 870 2522 quam
890 2455 959 2497 rem
979 2431 1075 2497 etiam
1097 2432 1245 2522 proxime

172 2539 356 2627 exemplum
374 2536 416 2603 de
432 2537 552 2604 Pisone
566 2562 586 2602 a
601 2538 668 2603 suis
684 2537 808 2603 edibus
824 2537 950 2619 dejecto
967 2540 1121 2627 proferet.
1137 2539 1221 2604 Hor.

195 2646 285 2735 ‚Qut
298 2644 464 2733 postulat,
489 2658 543 2726 ut,
562 2646 647 2710 unde
670 2645 808 2734 dejectus
831 2660 890 2725 est,
913 2668 950 2709 eo
971 2647 1167 2729 metuatur,
1184 2645 1246 2710 boe

172 2749 439 2840 etiampostulat,
456 2765 509 2833 ut,
526 2775 548 2816 a
564 2774 626 2841 quo
638 2751 729 2835 lece,
744 2769 806 2818 etc.
822 2752 887 2817 Alii
903 2752 1005 2834 aliter,
1021 2774 1083 2841 ego
1096 2753 1142 2816 sic
1154 2752 1246 2817 hunc

171 2857 282 2921 locum
302 2854 478 2946 legendum
497 2879 567 2923 esse
589 2856 756 2923 contendo
774 2881 782 2922 z
799 2857 892 2938 cujus
915 2857 1060 2921 lectionis
1084 2858 1245 2922 sententia

172 2962 237 3027 nisi
252 2978 336 3028 essct
353 2963 571 3052 apertissima,
588 2964 718 3052 nisique
733 2963 837 3052 seipsa
853 2978 1010 3045 tueretur,
1029 2979 1063 3028 et
1076 2963 1245 3053 probaret,

173 3091 236 3159 ego
254 3067 322 3148 ejus
343 3070 503 3135 rationem
523 3069 673 3159 pluribus
690 3069 798 3135 verbis
814 3068 1023 3158 explicarem,
1036 3085 1135 3159 atquc
1145 3091 1246 3160 expo·

172 3196 296 3240 nerem.
309 3174 414 3240 Lm.
1132 3162 1137 3175 ⁵

214 3277 270 3345 Sic
284 3282 438 3369 favaim
456 3286 524 3347 sim
538 3281 707 3345 verborum
721 3282 897 3346 accusatae
911 3279 1117 3347 snsttmdtue
1138 3303 1242 3348 remm

170 3406 384 3475 mutamur,
406 3391 464 3477 qui
481 3387 643 3476 postrtlat,
662 3402 701 3453 ut
719 3411 742 3452 a
763 3410 828 3478 quo
850 3386 920 3453 loeo
939 3387 1078 3476 dejectu
1100 3403 1160 3471 est,
1184 3388 1245 3453 hoe

170 3506 235 3572 est,
250 3493 336 3558 aride
343 3494 482 3582 dejectus
489 3507 552 3577 est,
562 3495 875 3563 mstintatttnLoeus
886 3508 937 3559 est
947 3509 1057 3583 aperte
1068 3510 1243 3583 corruptus

170 3598 225 3664 ille
249 3598 402 3688 quidem,
423 3600 452 3665 si
470 3616 578 3667 tamen
597 3600 640 3665 sit
654 3601 852 3682 conjecturas
867 3601 976 3681 locus,
992 3622 1054 3691 ego
1072 3599 1241 3681 conjiciam

42 3778 44 3781 ,
60 3774 68 3787 ,
170 3703 361 3793 particulam
376 3719 415 3770 ut
426 3727 495 3771 esse
507 3705 705 3783 addititiam,
719 3720 754 3770 et
767 3706 819 3771 vel
833 3705 1035 3795 repetiturus
1053 3704 1185 3770 librario
1202 3727 1244 3770 ex

171 3825 314 3876 extrema
331 3811 453 3899 syllaba
469 3810 560 3875 verbi
570 3809 714 3900 postulat
733 3810 778 3875 ob
798 3809 1065 3888 similitudinem,
1084 3809 1135 3875 vel
1150 3808 1243 3875 addi-

172 3931 257 3997 tam,
275 3933 313 3981 ut
329 3900 520 3983 redderetur
533 3917 698 4007 particulte
717 3918 778 3998 sic,
794 3940 868 4005 quae
884 3935 993 3982 umen
1011 3936 1079 3981 non
1097 3915 1140 3981 ad
1154 3915 1241 3982 illam

171 4040 275 4105 esset,
291 4022 348 4088 aed
362 4021 403 4087 ad
420 4023 642 4090 antecedentia
656 4022 845 4089 referendas
863 4023 910 4089 sie
924 4024 1023 4114 igitur
1040 4023 1128 4115 lego,
1143 4040 1176 4090 et
1192 4023 1243 4088 di-

172 4129 303 4218 stinguo
320 4152 328 4193 :
345 4158 359 4187 a
372 4129 423 4195 Sic
439 4129 607 4219 (quoniam
622 4131 687 4195 vim
703 4129 881 4197 verborum
896 4131 1077 4198 neecuario
1092 4131 1242 4196 similitu·
