3148 4780
351 408 419 504 372
527 456 529 460 ⁴
662 406 712 474 M.
735 405 773 473 r.
799 369 1092 476 ciceronis

322 524 586 600 *exinanienda
616 530 698 596 navi
728 529 964 597 eonsumitur.
993 525 1253 623 Archipiratam
1284 528 1405 625 ipsum

347 639 445 733 videt
462 660 585 723 nemo,
607 634 653 707 de
675 661 752 733 quo
770 635 988 736 supplicium
1009 636 1104 706 sumi
1124 634 1314 734 oportuit:
1335 638 1403 710 ho·

345 748 477 845 dieque
499 770 625 818 omnes
642 749 693 817 sic
713 743 875 818 habent9
895 743 1008 843 (quid
1034 744 1109 839 ejus
1135 746 1201 832 sit,
1226 769 1290 817 vos
1317 771 1404 818 oon·

340 859 479 952 jectum
493 879 641 953 quoque
653 857 796 952 assequi
809 855 989 951 debetis),
1007 854 1114 926 istum
1130 853 1254 926 clama
1267 858 1402 952 piratis,

342 964 392 1037 ob
411 965 511 1037 hunc
531 963 803 1063 archipiratam,
825 965 1224 1062 pecnniam‘accepisse.

337 1110 343 1125 ι
390 1078 516 1146 XXVI.
545 1074 764 1170 Conjectura
791 1072 888 1144 bona
918 1084 1007 1145 est¹.
1038 1072 1153 1144 Judex
1173 1097 1250 1146 esse
1279 1072 1403 1147 boum

342 1209 452 1256 nemo
472 1197 607 1281 potest,
625 1184 689 1280 qui
706 1184 910 1280 suspicione
927 1195 1023 1253 certa
1041 1206 1117 1253 non
1135 1196 1309 1254 movetur.
1324 1187 1401 1254 Ho-

339 1298 474 1364 minem
495 1295 630 1378 nostis;
650 1289 952 1362 consuetudinem
970 1295 1132 1362 omnium
1156 1293 1285 1362 tenetis
1307 1319 1315 1361 :
1336 1293 1402 1389 qui

339 1405 470 1475 ducem
483 1400 694 1498 praedonum
706 1415 769 1472 aut
783 1400 942 1473 hostium
960 1402 1111 1498 ceperit,
1125 1425 1234 1497 quam
1246 1398 1402 1471 libenter

339 1537 423 1584 eum
442 1510 560 1609 palam
579 1525 661 1582 ante
679 1510 804 1582 oculos
821 1513 985 1582 omnium
1000 1533 1076 1581 esse
1092 1510 1259 1607 patiatur.
1275 1508 1399 1579 Homi-

340 1645 425 1691 nem
443 1621 480 1689 in
498 1633 599 1690 tanto
621 1634 804 1691 conventu
822 1621 1003 1716 Syracusis
1020 1616 1096 1689 vidi
1122 1619 1325 1705 neminem,
1340 1619 1398 1714 ju·

339 1728 454 1815 dices,
481 1731 545 1825 qui
571 1728 823 1826 archipiratam
852 1743 998 1825 captum
1025 1725 1155 1799 vidisse
1182 1752 1220 1823 se
1245 1726 1399 1815 diceret,

336 1860 453 1934 quum
481 1858 625 1922 omnes,
649 1850 689 1905 ut
713 1859 792 1907 mos
817 1851 886 1924 est,
911 1850 952 1907 ut
972 1836 1064 1908 solet
1084 1833 1182 1924 fieri,
1205 1860 1400 1909 concurre-

336 1960 438 2033 rent,
456 1959 677 2042 quaererent,
699 1943 820 2015 videre
839 1957 1024 2042 cuperent.
1044 1946 1141 2036 Quid
1165 1945 1309 2033 accidit,
1334 1971 1401 2018 cur

337 2069 528 2151 tantopere
551 2054 619 2122 iste
644 2052 757 2122 homo
784 2052 1038 2138 occultaretur,
1058 2069 1101 2124 ut
1128 2079 1211 2127 eum
1237 2079 1284 2127 ne
1312 2079 1400 2127 casu

336 2161 484 2260 quidem
504 2162 696 2258 quisquam
715 2161 900 2259 adspicere
918 2162 1068 2260 posset?
1090 2168 1261 2235 Homines
1289 2167 1400 2235 mari·

336 2277 439 2343 timi²
460 2274 660 2367 Syracusis,
679 2271 743 2367 qui
765 2294 858 2368 saepe
877 2273 979 2342 istius
996 2268 1097 2343 ducis
1119 2296 1255 2343 nomen
1279 2271 1399 2345 audis·

335 2394 435 2467 sent,
460 2402 575 2474 quum
602 2401 687 2448 eum
718 2402 812 2476 saepe
833 2380 1052 2469 timuissent,
1081 2405 1195 2478 quum
1217 2383 1296 2477 ejus
1317 2407 1399 2454 cru·

334 2491 431 2557 ciatu
460 2498 570 2580 atque
598 2485 776 2583 supplicio
803 2512 949 2586 pascere
978 2491 1123 2577 oeulos,
1161 2491 1398 2588 animumque

335 2609 540 2667 exsaturare
557 2592 720 2665 vellent:
743 2610 899 2693 potestas
916 2596 1135 2697 adspiciendi
1151 2599 1287 2669 nemini
1301 2596 1397 2672 facta

336 2719 400 2777 est.

382 2819 485 2886 Unus
506 2813 629 2911 plures
650 2813 863 2913 praedonum
882 2817 993 2890 duces
1012 2824 1111 2892 rivos
1129 2820 1225 2917 cepit
1245 2823 1284 2891 P.
1312 2823 1393 2892 Ser·

333 2918 479 3009 vitius³,
504 2945 614 3018 quam
647 2947 773 2996 omnes
808 2941 923 2999 antea.
954 2927 1150 3027 Ecquando
1183 2925 1292 3026 igitur
1325 2931 1392 3001 isto

370 3092 396 3138 9.
409 3077 498 3122 Omnes
506 3072 542 3121 sie
555 3072 652 3126 Ιιαόσηε.
662 3077 771 3128 subaud.
780 3096 840 3145 per·
883 3083 931 3131 Hie
950 3100 1001 3133 esse
1021 3070 1189 3143 timentis,
1201 3099 1248 3132 nec
1262 3099 1313 3148 qun
1326 3099 1394 3132 caena

334 3151 554 3213 sussum-Quid
564 3152 615 3217 ejas
627 3153 666 3202 sit.
676 3156 706 3203 td
720 3168 770 3218 est,
783 3174 840 3208 vera
883 3163 1031 3212 uhomines·
1039 3162 1393 3229 pertineanapparsaejamad·

333 3246 411 3279 necne
425 3229 457 3278 sit
475 3245 560 3279 eorum
577 3231 671 3295 opinio.
682 3233 742 3284 tid.
755 3238 839 3288 Sanct.
884 3252 998 3291 notavere
1006 3245 1087 3293 (ἂι-ων.
1097 3242 1391 3301 etalii;cetesumseusns

332 3311 394 3358 Mln·
405 3325 461 3373 1³⁸8·
473 3309 700 3369 ⁶¹⁸s⁶²lblpffl²0
885 3331 1007 3384 patet,ut
1028 3323 1060 3370 sit
1076 3322 1178 3386 plenus,
1200 3330 1258 3386 post
1274 3320 1390 3379 verbum,
1448 3340 1453 3345 ·
1478 3324 1485 3333 '

367 3389 839 3453 11V1.r.Cenjeeturaionaest.Non
884 3399 989 3454 vellant,
1016 3399 1209 3449 subandiendum
1224 3414 1275 3447 esse
1288 3399 1335 3447 tale
1346 3399 1392 3449 ali·
1484 3422 1502 3433 ..

331 3481 367 3520 est
381 3469 514 3527 umnam,
529 3467 582 3516 sine
592 3484 635 3528 ης
647 3469 690 3517 sed
703 3471 837 3533 utilissima,
883 3477 963 3540 quid,
986 3478 1052 3527 itanc
1069 3479 1152 3528 αηὶιιιο
1178 3480 1328 3544 voluptatem
1350 3489 1390 3526 ta-

330 3551 387 3616 quia
395 3546 470 3597 trahit
484 3547 575 3610 judicis
587 3548 695 3597 animum
709 3549 741 3598 ad
753 3554 840 3600 verita·
883 3570 991 3602 viennen
1000 3557 1328 3622 seponenlnennscquentis
1336 3572 1392 3606 ora·

329 3640 379 3678 tem
392 3628 427 3676 rei
442 3627 524 3676 :hona
534 3627 636 3676 facultas
648 3629 839 3691 esteonjectnrsr
881 3632 956 3681 tionis
968 3633 1039 3699 plura
1056 3636 1166 3703 exempla
1179 3638 1206 3685 in
1219 3636 1352 3698 Cicerone,
1366 3646 1391 3684 et

328 3706 453 3756 netends.
880 3713 966 3760 oeteds
977 3714 1077 3779 optimae
1095 3727 1161 3765 notae
1173 3715 1334 3780 scriptoribus
1351 3714 1392 3763 iss·

364 3802 389 3834 a.
400 3784 512 3835 Homines
530 3785 654 3837 maritimi.
668 3785 691 3835 Ii
708 3786 752 3851 qui
764 3788 837 3851 Syra·
880 3793 958 3840 veniri
968 3793 1061 3843 dudum
1072 3794 1119 3843 siri
1131 3794 1200 3845 docti
1210 3796 1299 3861 sapius
1306 3794 1392 3843 obaer-

327 3864 390 3912 ensis
403 3877 510 3926 erant,et
521 3877 683 3932 opponuntur
694 3865 837 3914 meditem·
879 3882 976 3933 parunt.

326 3942 378 3988 seis
387 3975 396 4000 ,
406 3945 449 4004 qni
460 3955 519 3993 tnnc
529 3957 608 3994 sunta
619 3946 692 3995 rebus
708 3944 834 4015 maritimis
915 3949 939 3996 3.
963 3952 993 3999 P.
1008 3950 1126 4001 Servilius.
1140 3953 1234 4003 Consul
1248 3966 1304 3999 ann.
1315 3952 1346 3999 U.
1359 3955 1390 4002 C.

324 4017 409 4075 alieni,
419 4030 444 4067 et
455 4020 480 4068 in
489 4024 599 4084 sequenti
607 4025 685 4087 capita
695 4022 733 4069 bis
743 4037 835 4073 nemo·
878 4027 929 4085 673
938 4061 946 4088 ,
955 4030 1046 4092 piratas
1056 4031 1172 4080 multisin
1181 4031 1270 4097 preliis
1281 4029 1354 4079 ludit.
1364 4034 1388 4079 ls

322 4105 415 4145 rantur.
429 4096 494 4145 Olim
506 4097 630 4160 legebatur
638 4121 651 4142 ι
659 4100 797 4149 Mamertini
807 4124 829 4152 s.
877 4103 1007 4167 Phaselim,
1019 4107 1169 4174 Olympum,
1186 4109 1315 4170 enimn,
1326 4107 1388 4156 vali-
