3200 4768
457 393 524 460 DE
548 393 613 459 RE
637 391 1026 463 FRUMENTARIA.
1206 393 1264 460 181

207 516 290 578 Iacta
302 514 470 599 utriusque
482 512 734 600 comparatione,
742 511 940 593 Gracchum,
952 511 1118 575 hominem
1130 514 1269 575 maxime

207 635 241 683 et
257 620 445 709 popularem
464 634 496 681 et
510 617 745 706 perniciosum,
763 620 796 681 in
815 619 864 681 his
882 619 958 705 ipsis
973 618 1069 680 rebus
1083 635 1268 704 superatum

207 727 334 789 fuissea
347 725 380 788 P.
391 723 515 789 Clodio.
527 722 802 810 Adstipulatorem
814 722 913 785 babet
923 720 1067 787 Rualdus
1081 722 1268 786 Dacerium:

207 856 268 896 nos
283 834 524 912 Contarenum,
538 831 595 918 qui
612 830 708 895 rebus
726 845 847 893 attente
863 826 1029 918 perpensis
1048 827 1188 893 firmiora
1202 853 1270 895 esse

206 954 395 1025 argumenta
414 935 622 1025 pronuntiat,
645 957 716 1022 quse
735 958 796 1023 pro
821 935 1090 1000 senatusconsulti
1107 933 1270 1001 diuturni-

207 1059 270 1106 tate
285 1043 475 1107 afferuntur.

248 1152 296 1214 Ex
315 1149 459 1231 ejusdem
479 1151 640 1215 Plutarchi
658 1151 761 1215 verbis
777 1152 836 1215 alia
853 1151 1020 1215 suboritur
1032 1151 1188 1238 quaesti03
1207 1174 1268 1230 an,

206 1279 308 1343 quum
325 1258 642 1321 senatusconsultum
660 1257 740 1321 illud
756 1259 877 1322 lactum
893 1274 959 1338 est,
976 1280 1016 1321 ox
1032 1257 1101 1345 lege
1115 1256 1269 1343 Sempro-

206 1364 259 1426 nia
274 1365 475 1427 frumentum
493 1365 588 1428 etiam
611 1362 743 1449 aliquod
767 1362 1021 1427 distribueretur.
1040 1363 1124 1426 Sunt
1142 1363 1198 1449 qui
1221 1363 1269 1424 af·

204 1466 353 1546 firment,
371 1482 450 1529 sunt
463 1467 518 1552 qui
537 1482 673 1555 negent;
688 1483 721 1529 ct
736 1489 846 1554 graves
861 1483 1001 1553 utroque
1014 1466 1148 1530 trahunt
1161 1482 1271 1529 aucto-

196 1562 324 1637 ritates.
345 1575 468 1636 Verum
492 1598 531 1637 eo
550 1572 682 1636 inclinat
705 1573 849 1649 animus,
867 1589 905 1637 ut
920 1573 1048 1637 credam
1065 1573 1266 1663 largitionem

204 1677 345 1765 aliquam
368 1693 460 1741 antea
482 1677 550 1741 lieri
569 1677 695 1740 solitam
716 1678 831 1757 fuisse,
850 1694 883 1741 et
901 1680 1057 1742 Catonem
1074 1678 1214 1742 voluisse
1232 1695 1269 1742 ut

204 1785 256 1847 illa
274 1782 365 1847 lieret
381 1783 517 1871 amplior
532 1806 540 1847 :
559 1784 621 1846 hoc
634 1798 698 1859 est,
716 1799 754 1846 ut
768 1784 877 1871 plures
892 1807 909 1846 e
923 1783 1036 1871 plebe,
1053 1784 1109 1871 qui
1123 1800 1268 1872 expertes

204 1889 302 1969 hujus
327 1906 418 1952 erant
442 1889 638 1978 largitionis,
659 1886 727 1974 [sic
745 1890 831 1952 enlm
850 1891 1045 1977 interpretor
1063 1900 1182 1970 ἀνέμητον
1197 1901 1267 1967 ὄχλῳ

202 1992 290 2081 apud
302 1994 531 2082 Plutarchum]
543 1997 745 2058 framentum
756 2013 959 2058 menstruum
970 1995 1161 2083 acciperent.
1171 1995 1267 2057 Unde
1285 2032 1288 2036 ι

203 2122 305 2187 quum
321 2117 495 2189 augeretur
514 2122 670 2163 numerus
687 2122 801 2162 eorum
821 2099 940 2186 quibus
956 2103 1157 2163 frumentum
1175 2099 1266 2163 dare·

204 2221 268 2287 tur,
282 2208 365 2269 facta
380 2204 443 2272 fuit
458 2205 586 2269 illarum
604 2203 667 2293 750
682 2203 865 2291 myriadum
881 2205 1021 2268 accessio
1038 2202 1079 2267 ad
1092 2204 1171 2266 alios
1183 2227 1268 2267 sum-

127 2340 131 2351 ·
202 2305 303 2398 ptus}
313 2334 380 2375 non
399 2334 455 2375 eos
470 2312 602 2399 quosvis
612 2311 668 2399 qui
678 2309 798 2374 fiebant
809 2311 843 2373 in
857 2311 1036 2398 republica,
1049 2308 1105 2374 sed
1118 2311 1265 2398 privatim

201 2416 242 2480 ad
264 2440 318 2481 eos
340 2416 396 2504 qui
421 2434 514 2481 antea
539 2414 661 2479 fiebant
684 2438 745 2503 pro
761 2416 932 2504 largitione
948 2417 1167 2479 frumentaria.
1190 2416 1265 2480 Non

203 2524 288 2584 enim
301 2522 380 2585 mibi
394 2521 429 2585 lit
440 2522 610 2586 verisimile
623 2521 823 2610 plebeculam
832 2522 920 2585 bisce
934 2521 1156 2611 largitionibus
1170 2523 1265 2587 totIes
1330 2598 1334 2610 ι

202 2646 234 2691 et
248 2627 371 2692 tadeu
384 2629 572 2709 inescatam,
587 2628 625 2690 iis
640 2648 733 2714 aequo
747 2626 856 2689 animo
869 2627 1023 2707 cantisse,
1039 2649 1106 2714 quo
1118 2643 1266 2715 tempore

202 2732 247 2794 illi
264 2735 399 2797 maxime
414 2750 504 2796 erant
523 2732 726 2815 necessariae3
745 2747 816 2794 tum
833 2731 909 2818 quia
922 2733 1025 2818 prisca
1041 2731 1092 2794 illa
1109 2732 1266 2820 parcimo-

204 2837 255 2900 nia
272 2853 339 2900 erat
357 2837 542 2920 obliterata3
561 2854 632 2902 tum
650 2839 725 2925 quia
749 2860 787 2901 ex
806 2835 1035 2924 opulentorum
1052 2835 1149 2917 luxu,
1167 2838 1264 2925 longe

202 2943 305 3021 majus
317 2959 385 3005 erat
396 2966 493 3030 quam
503 2961 616 3029 antea,
632 2944 772 3034 pretium
783 2965 893 3007 rerum
908 2941 1056 3005 omnium
1069 2943 1187 3029 quibus
1200 2946 1264 3008 vita

201 3065 370 3114 retinetur.

247 3177 277 3241 7.
301 3156 407 3223 Venio
430 3178 520 3219 nunc
542 3156 582 3220 ad
602 3159 704 3246 legem
723 3159 867 3223 Clodiam
883 3160 1144 3239 frumentariam,
1164 3182 1261 3245 quam

200 3261 274 3324 tulit
286 3260 322 3325 Ρ.
339 3259 491 3341 Clodius,
508 3262 560 3326 ille
574 3263 739 3328 Ciceronis
754 3266 922 3346 iuimicus,
940 3266 974 3328 in
991 3265 1159 3329 tribunatu
1174 3287 1262 3328 anno

199 3366 277 3430 Urb.
303 3364 378 3452 695.
401 3366 551 3431 Meminit
575 3384 682 3432 autem
702 3371 783 3453 Dio,
807 3371 862 3434 lib.
880 3370 1044 3452 XXVIII,
1062 3371 1112 3434 his
1132 3371 1261 3435 verbis:

199 3471 355 3536 «Clodius
373 3473 574 3538 frumentum
595 3476 692 3563 gmtis
712 3500 825 3541 rursus
841 3477 957 3541 divisit.
974 3477 1064 3541 'l‘ulit
1077 3478 1180 3558 enim,
1197 3476 1261 3540 Ga·

198 3576 289 3642 binio
307 3579 373 3659 jam
391 3596 423 3643 et
444 3581 563 3645 Pisone
580 3604 661 3645 coss.
686 3598 724 3646 ut
742 3584 942 3646 frumentum
962 3584 1157 3671 pauperibus
1173 3582 1264 3645 dare·

198 3698 288 3746 tur.»
312 3684 360 3746 Ex
386 3684 437 3747 bis
463 3685 577 3749 Dionis
606 3687 710 3751 verbis
737 3685 907 3750 contendit
928 3688 1135 3752 Contarenus
1158 3686 1261 3774 legem

197 3787 301 3861 Clodii
325 3788 567 3854 frumentariam
594 3790 692 3856 fuisse
715 3791 891 3880 duplicem.
923 3794 1006 3855 Nam
1032 3796 1112 3871 αὖθις,
1139 3814 1263 3873 rursus,

198 3891 304 3979 inquit
329 3895 398 3976 ille,
425 3897 528 3985 legem
552 3898 765 3986 posteriorem
790 3895 958 3987 significat.
979 3898 1065 3985 Ergo
1090 3897 1149 3960 alia
1172 3899 1262 3987 prior

197 3998 267 4061 fuit.
291 4001 333 4063 At
349 4001 436 4066 docti
453 4003 588 4084 melius,
605 4006 661 4092 qui
679 4005 782 4094 legem
798 4002 904 4069 Clodii
920 4003 1112 4093 largitricem
1132 4006 1261 4068 unicam

194 4123 383 4191 agnoscunt.
398 4110 436 4173 In
453 4109 517 4173 hoc
531 4109 690 4199 decipitur
705 4112 909 4177 Contarenus
922 4111 1012 4199 quod
1024 4111 1131 4200 jungit
1147 4123 1175 4175 rt
1192 4134 1261 4177 rur-
