3186 4772
576 334 958 407 aacuururuu.
1228 331 1299 432 319

279 457 341 533 jus,
364 467 523 532 contraque
538 454 630 531 leges,
651 454 738 533 virgis
754 455 921 526 ceduntur,
945 465 995 515 aut
1011 455 1154 532 supplicio
1172 469 1304 517 extremo

282 566 431 626 necantur,
445 571 510 630 qua·
525 549 566 610 ibi
580 565 648 611 tunc
660 553 824 611 miseratio?
837 571 902 630 quae
914 550 1124 629 comploratio?
1135 573 1201 631 quaa
1215 555 1305 613 totius

281 649 324 707 rei
336 647 389 707 sub
400 648 498 707 oculos
511 645 674 724 subjectio?
687 647 767 724 quod
777 660 806 706 et
818 647 903 725 quale
914 646 1030 707 invidiae
1040 657 1127 724 atquc
1139 648 1304 709 acerbitatis

281 746 387 804 lretum
395 744 577 804 effervescit?
589 743 715 804 animum
726 744 824 803 hercle
834 763 1038 821 meum,quum
1049 743 1148 805 illabi.
1157 746 1304 806 Ciceronis

267 842 361 929 lego,
377 842 472 921 imago
485 841 618 920 quaedum
638 855 668 900 et
688 861 775 901 sonus
792 840 964 909 verberum,
988 853 1018 899 et
1030 861 1152 913 vocum,
1167 855 1197 901 et
1210 842 1304 920 ejula-

279 938 404 1012 tionum,
419 936 674 1016 circumplectitur.
686 938 774 997 Velut
786 950 853 996 suut
865 936 921 1001 ista
934 948 1000 1013 quae
1016 935 1053 995 dc
1067 941 1099 996 C.
1114 940 1206 996 Verre
1218 938 1302 997 dicit:

277 1055 342 1113 quae
353 1055 419 1107 nos,
431 1036 504 1093 utin
515 1052 640 1114 praeseus
653 1035 815 1114 potuimus,
828 1046 968 1112 quantum
981 1032 1119 1091 memoria
1128 1034 1308 1113 suppeditat,

275 1132 490 1210 adscripsimus.
510 1136 597 1209 «lpse
611 1132 804 1193 inflammatus
818 1132 926 1190 scelere
939 1142 970 1189 et
984 1130 1082 1189 lurore
1097 1131 1127 1188 in
1143 1131 1239 1191 forum
1252 1152 1303 1190 ve-

274 1230 328 1287 nit.
342 1227 494 1288 Ardebant
506 1229 592 1286 oculi.
607 1232 683 1287 Toto
694 1248 737 1286 ex
749 1249 801 1286 ore
814 1227 968 1287 erudelitas
981 1226 1135 1285 eminebat.
1146 1232 1303 1306 Exspecta·

274 1324 347 1383 bant
369 1344 484 1397 omnes,
506 1344 566 1401 quo
583 1324 698 1382 tandem
717 1344 941 1403 progressurus,
961 1335 1011 1382 aut
1025 1323 1165 1401 quidnam
1184 1339 1300 1385 acturus

274 1434 369 1479 esset:
383 1441 473 1498 quum
489 1434 609 1497 repente
622 1420 770 1479 hominem
789 1421 921 1499 proripi,
940 1434 1028 1498 atque
1045 1422 1111 1479 foro
1127 1420 1222 1481 medio
1240 1441 1298 1481 nu-

275 1515 355 1588 dari,
377 1537 412 1575 ac
431 1515 570 1593 deligari,
583 1529 613 1574 et
631 1516 727 1594 virgas
747 1516 879 1594 expediri
895 1517 1012 1594 jubet».
1033 1522 1097 1578 Jam
1112 1518 1175 1577 baec
1188 1518 1300 1578 medius
1328 1582 1334 1593 ¹

274 1610 359 1672 lidius
372 1614 433 1671 sola
444 1611 686 1685 rerba,«nudari,
697 1633 732 1671 uc
745 1612 874 1691 deligari,
890 1627 919 1672 et
934 1615 1029 1691 virgas
1044 1615 1175 1692 expediri
1184 1615 1298 1694 jubet»,

273 1709 345 1768 tanti
364 1722 459 1768 motus
472 1708 659 1787 horrorisque
674 1722 759 1779 sunt,
780 1722 814 1767 ut
828 1729 888 1768 non
906 1710 1019 1769 narrari
1035 1730 1100 1790 quae
1119 1725 1199 1789 gesta
1215 1725 1297 1784 sunt,

273 1805 324 1864 sed
338 1806 471 1884 ramgeri
486 1825 605 1883 prorsus
617 1804 724 1864 rideas.
736 1808 885 1866 Gracchus
900 1818 998 1867 autem
1011 1827 1072 1866 non
1085 1809 1232 1886 querentis
1244 1828 1298 1868 ne·

272 1922 330 1981 que
344 1903 541 1980 implorantis,
556 1903 606 1960 sed
620 1903 779 1962 nuntiantis
795 1904 908 1963 ricemz
922 1906 1041 1983 «palus,
1062 1906 1172 1984 inquit,
1186 1907 1217 1964 in
1232 1906 1297 1965 loro

272 1998 424 2058 destitutus
438 2013 482 2058 est
494 2020 502 2057 a
515 1999 685 2058 vestimenta
697 2000 827 2059 detracta
839 2014 906 2060 aunt
920 2023 927 2059 :
944 2002 1032 2079 virgis
1045 2022 1135 2061 cresus
1149 2014 1193 2060 est
1202 2027 1224 2064 a.
1237 2002 1296 2061 Sed

270 2096 346 2154 enim
358 2101 399 2154 Μ.
407 2097 510 2157 Cicero
521 2097 671 2174 praeclare,
680 2115 746 2153 cum
758 2094 870 2154 diutina
881 2097 1144 2173 repraesentatione,
1154 2116 1214 2155 non
1224 2122 1236 2149 ι
1245 2116 1298 2155 cre·

270 2212 318 2252 sus
326 2205 370 2251 est
376 2219 400 2265 ι,
411 2194 480 2264 sed,
493 2191 689 2265 «caedebatur,
701 2191 810 2269 inquit,
827 2191 913 2270 virgis
925 2192 956 2249 in
971 2191 1066 2253 medio
1076 2193 1144 2249 loro
1155 2197 1295 2255 Messanae

270 2290 339 2348 civis
350 2289 722 2367 roman1u3quuminterea
734 2288 831 2346 nullus
840 2288 979 2364 gemitus,
991 2288 1071 2346 nulla
1077 2307 1137 2348 vox
1149 2288 1226 2347 illius
1237 2288 1295 2348 mi-

268 2386 326 2443 seri
335 2386 411 2443 iuter
425 2384 557 2443 dolorem
571 2385 772 2463 crepitumque
784 2385 933 2462 plagarum
947 2382 1134 2453 audiebatur,
1145 2384 1201 2443 nisi
1213 2384 1292 2444 baee:

269 2482 340 2540 ciris
353 2501 487 2541 romanus
496 2500 569 2539 sum.
579 2484 640 2539 Hac
650 2481 923 2539 commemoratione
933 2481 1055 2539 ciuitatis
1067 2481 1164 2543 omnia
1173 2479 1296 2540 uerbera

268 2578 472 2657 depulsurum,
485 2579 702 2655 cruciatumque
715 2596 732 2635 a
744 2596 868 2655 corpore
878 2576 1057 2654 dejecturum
1069 2575 1293 2637 arbitrabatur».

268 2676 535 2753 Complorationem
551 2673 656 2733 deinde
671 2685 729 2733 tam
742 2672 854 2733 acerbae
865 2674 920 2745 rei,
941 2686 970 2733 et
989 2674 1090 2734 odium
1107 2675 1138 2733 in
1150 2679 1289 2747 Verrem,

226 2796 229 2801 ·
268 2769 545 2851 detestationemque
563 2769 642 2850 apud
664 2772 741 2831 cives
764 2790 900 2830 romanos
921 2771 1056 2841 incense,
1073 2782 1161 2847 atque
1177 2771 1292 2844 aeriter,

228 2906 230 2911 -
269 2879 355 2944 atque
366 2869 575 2928 inflammanter
588 2869 763 2946 facitquum
774 2869 836 2927 hnc
848 2867 933 2926 dicit:
947 2871 1103 2927 «Onomen
1113 2865 1198 2925 dulce
1207 2866 1294 2926 liber·

269 2963 354 3022 tatisl
372 2970 400 3023 Ο
409 2966 459 3042 jus
470 2966 606 3024 eximium
620 2978 727 3024 noemae
747 2964 885 3023 civitatis!
902 2968 929 3023 0
950 2963 997 3021 lex
1018 2963 1136 3033 Porcia,
1160 2963 1294 3041 tegatque

267 3060 461 3137 Semproniae!
487 3066 515 3119 Ο
531 3061 656 3137 graviter
675 3059 852 3131 desiderata,
866 3072 895 3119 et
908 3058 1063 3137 aliquando
1084 3058 1197 3119 reddita
1212 3059 1292 3137 plebi

267 3173 394 3213 romanae
407 3153 557 3213 tribunitia
573 3159 715 3232 potestas!
730 3154 855 3213 huccine
869 3154 985 3214 undem
997 3155 1059 3214 baec
1072 3155 1169 3215 omnia
1180 3155 1291 3214 recide-

266 3264 353 3323 runt,
378 3251 495 3310 ateiris
509 3270 645 3309 romanus
659 3250 690 3308 iu
707 3251 857 3329 provincia
869 3253 971 3330 populi
985 3252 1116 3323 romani,
1138 3252 1168 3310 in
1180 3252 1291 3332 oppido

266 3348 484 3420 loederatorum,
493 3346 530 3405 ab
539 3366 576 3405 eo
587 3346 638 3424 qui
646 3344 788 3405 beneficio
799 3348 901 3426 populi
913 3351 1024 3407 romani
1031 3350 1122 3409 fasces
1132 3369 1166 3407 ac
1177 3368 1291 3415 secures

265 3443 396 3514 baberet,
402 3444 543 3523 deligatus
550 3443 579 3502 in
589 3444 655 3501 foro
668 3443 758 3520 rirgia
767 3448 945 3506 caederetur?
958 3445 1037 3519 Quid
1048 3465 1137 3524 quum
1152 3446 1232 3523 ignes
1244 3463 1292 3503 ar-

264 3540 423 3619 dentesque
429 3541 542 3600 laminae
552 3539 698 3617 ceterique
706 3539 850 3599 cruciatus
859 3541 1141 3601 admovebanturlsi
1150 3554 1177 3599 te
1186 3538 1291 3601 acerba

264 3634 796 3715 illiusimploratio,etvoxmiserabilis
805 3656 863 3695 nnn
872 3637 1162 3710 leniebat,neeiriom
1172 3635 1288 3714 quidem

264 3735 515 3811 romanorum,qni
523 3748 584 3793 tum
594 3731 723 3805 aderant,
735 3732 803 3790 fletu
815 3735 979 3812 gemituque
988 3733 1112 3792 maximo
1125 3751 1288 3791 commore-

263 3828 353 3889 bare?
365 3855 378 3885 r
389 3834 458 3889 Haec
470 3835 510 3888 Μ.
523 3829 636 3888 Tullius
649 3828 794 3901 atrociter,
809 3829 943 3907 graviter,
955 3830 1087 3905 copiose,
1100 3841 1225 3907 apteque
1234 3830 1288 3887 mi-

263 3941 373 3986 seratus
392 3940 444 3987 eat
469 3926 525 3989 Sed
542 3927 566 3986 si
581 3926 646 4006 quis
659 3938 702 3984 est
717 3938 774 3984 tam
790 3927 896 4004 agresti
914 3945 984 3984 aure
993 3968 1002 3999 ,
1026 3939 1133 3985 actam
1154 3924 1287 4007 hispida,

262 4028 349 4100 quem
363 4024 412 4084 lux
426 4025 480 4084 ista
497 4038 527 4084 et
535 4018 690 4087 [amoenitas
703 4023 861 4095 orationis,
887 4022 1100 4102 uerborumque
1114 4020 1289 4083 modificatio
