3200 4768
321 425 391 496 262
641 428 690 494 Μ.
715 428 753 494 Τ.
781 426 1058 497 CICERONIS

316 562 523 646 reponatur.
545 552 626 618 Haec
644 546 709 619 abs
732 561 766 617 te
786 573 861 619 non
881 548 1082 619 Siculorum
1104 545 1284 635 defensor,
1305 572 1380 619 non

316 671 401 729 tuus
425 673 624 746 accusator,
638 683 715 729 non
736 660 919 754 Segestani
942 657 1146 756 postulant3
1168 655 1231 728 sed
1252 659 1301 746 is,
1318 658 1382 754 qni

316 765 459 837 laudem
480 766 703 864 gloriamque
728 770 766 838 P.
794 768 950 840 Africani
969 766 1142 839 tuendam
1165 792 1380 839 conservan-

292 942 297 951 ‚
317 876 472 975 damque
488 880 655 975 suscepit.
673 880 757 949 Non
773 903 914 965 vereor,
928 904 974 949 ne
991 879 1062 949 hoc
1080 874 1242 948 officium
1256 883 1292 949 P.
1308 883 1383 950 Ser

316 986 400 1057 vilio
416 988 529 1082 judici
552 1013 626 1058 non
645 987 820 1085 probem;
836 991 900 1087 qui
914 1011 1027 1087 quum
1046 1011 1103 1058 res
1119 988 1291 1059 maximas
1307 1011 1383 1084 ges·

316 1099 430 1181 serit,
441 1112 751 1194 monumentaque
773 1123 920 1169 suarum
940 1122 1064 1169 rerum
1086 1120 1201 1193 quum
1223 1100 1380 1169 maxime

316 1209 529 1293 constituat,
555 1222 664 1304 atque
681 1210 718 1277 in
737 1207 795 1279 his
811 1207 994 1297 elaboret,
1012 1204 1175 1305 profecto
1193 1205 1290 1277 volet
1304 1205 1382 1276 haec

316 1336 392 1387 non
410 1316 529 1388 solum
549 1318 621 1387 suis
639 1321 813 1415 posteris,
835 1343 963 1389 verum
984 1318 1092 1389 etiam
1113 1315 1281 1387 omnibns
1298 1316 1383 1385 viris

316 1424 470 1499 sortibus
492 1443 529 1497 et
546 1426 653 1499 bonis
674 1428 813 1500 civibus
831 1427 1078 1516 defendenda,
1102 1453 1177 1499 non
1196 1425 1384 1526 spolianda

317 1535 493 1633 improbis
523 1535 676 1611 tradere.
707 1543 791 1610 Non
818 1564 964 1627 vereor,
991 1563 1039 1609 ne
1059 1537 1144 1625 tibi,
1163 1540 1210 1628 Q.
1239 1535 1409 1622 Catule,

317 1644 524 1744 displiceat,
555 1650 660 1744 cujus
689 1645 972 1747 amplissimum³
1001 1652 1040 1718 in
1069 1645 1159 1718 orbe
1187 1660 1385 1731 terrarum,

318 1756 628 1856 clarissimumque
653 1774 934 1830 monumentum
963 1771 1038 1842 est,
1070 1781 1179 1853 quam
1209 1756 1386 1854 plurimos

320 1893 396 1940 esse
421 1869 588 1942 custodes
607 1883 946 1955 monumentorum,
966 1882 1002 1939 et
1026 1881 1154 1965 putare
1174 1890 1303 1936 omnes
1321 1863 1386 1934 bo·

320 2001 389 2047 nos
423 1977 547 2048 aliena.
582 1978 702 2076 gloriae
733 1975 982 2049 defensionem
1014 1976 1059 2047 ad
1090 1974 1249 2047 officium
1280 1998 1385 2045 sunm

321 2088 513 2183 pertinere.

370 2201 416 2266 Et
444 2197 591 2293 quidem
620 2200 749 2269 ceteris
776 2198 878 2268 istius
906 2194 1011 2267 furtis
1038 2208 1148 2291 atque
1177 2192 1318 2289 flagitiis
1340 2194 1389 2261 ita

322 2330 491 2397 moveor,
517 2323 559 2378 ut
587 2332 628 2378 ea
654 2305 954 2405 reprehendenda
982 2319 1124 2376 tanturn
1150 2318 1306 2402 putem:
1331 2302 1390 2373 hio

323 2421 441 2487 verul
463 2430 566 2485 tanto
590 2414 716 2486 dolore
740 2415 888 2502 afficior,
905 2429 947 2486 ut
964 2414 1055 2485 nihil
1078 2412 1167 2484 mihi
1190 2411 1389 2508 indignius,

323 2522 416 2594 nihil
439 2524 559 2595 minus
578 2521 769 2594 ferendum
793 2526 966 2596 videatur.
992 2529 1122 2597 Verres
1140 2522 1294 2593 Africani
1314 2545 1391 2591 mo·

325 2622 509 2705 numen'tis
527 2632 675 2705 domum
700 2658 818 2723 suam,
840 2635 985 2734 plenam
1011 2637 1145 2733 stupri,
1169 2633 1310 2731 plenam
1329 2629 1389 2700 fla-

325 2746 421 2842 gitii,
440 2744 583 2843 plenam
607 2745 810 2832 dedecoris,
832 2745 1000 2817 ornabit?
1018 2752 1149 2818 Verres
1168 2744 1390 2842 temperatis·

327 2856 408 2926 simi
428 2859 714 2954 sanctissimique
736 2859 803 2927 viri
825 2872 1127 2946 monumentum,
1145 2856 1268 2925 Dianae
1287 2855 1392 2925 simn-

325 2965 463 3038 lacrum
477 2971 642 3064 virginis,
659 2970 696 3038 in
711 2991 752 3038 ea
765 2966 876 3038 domo
891 2965 1099 3053 collocabit,
1112 2969 1148 3035 in
1164 2990 1237 3061 qua
1251 2986 1392 3062 semper

324 3080 556 3147 meretricum
576 3076 824 3175 lenonumque
843 3076 973 3174 flagitia
989 3075 1200 3147 versantur?

374 3189 533 3255 XXXIX.
549 3190 596 3255 At
612 3185 681 3256 hoc
701 3187 839 3258 solum¹
858 3187 1016 3259 Africani
1030 3197 1309 3257 monumentum
1322 3184 1393 3250 vio

327 3293 429 3364 lasti?
446 3293 558 3390 quid?
570 3294 849 3392 aTyndaritanis
868 3324 945 3370 non
965 3296 1126 3394 ejusdem
1140 3293 1317 3390 Scipionis
1330 3289 1393 3359 be·

365 3516 390 3565 3.
406 3514 478 3580 Cujus
491 3513 671 3578 amplissimum.
690 3514 839 3579 Capitolium
883 3526 938 3580 pst,
951 3529 999 3577 qus
1018 3511 1049 3560 de
1066 3512 1183 3560 Mercurii
1204 3512 1276 3575 siguo
1289 3525 1332 3575 per
1344 3509 1394 3555 vim

328 3595 442 3659 intelligit
459 3594 547 3644 Catulo
563 3592 752 3652 reaedificatum,
769 3607 839 3658 post·
883 3591 1055 3656 Tyndaritanis
1063 3603 1313 3656 erepto,summoque
1323 3588 1396 3648 buius

330 3692 403 3741 qoam
418 3674 523 3723 Sullanis
540 3673 691 3738 temporibus
709 3675 765 3737 igne
783 3690 840 3723 cor·
883 3671 953 3721 urbis
960 3670 1112 3734 magistratu,
1123 3672 1149 3718 iu
1157 3685 1219 3719 oeres
1232 3668 1344 3718 Marcelli
1353 3678 1397 3715 stt·

222 3787 228 3796 ·
329 3752 475 3811 ruisset-Cf.
486 3754 518 3804 ed
527 3753 665 3805 ntuetr.
674 3752 786 3803 Histlib.
795 3756 841 3812 111,
885 3761 926 3798 tun
936 3750 1073 3813 deligstoet
1082 3750 1212 3798 dilacerato
1221 3750 1307 3813 agitur.
1317 3747 1396 3794 Prima

331 3854 385 3901 cap.
396 3853 439 3897 72,
448 3846 508 3883 tour.
518 3835 566 3893 111,
574 3850 599 3897 p.
609 3829 669 3892 353,
678 3832 737 3881 edit.
745 3843 841 3881 nostrae.
885 3829 985 3879 crimina
999 3831 1088 3878 Verres
1101 3845 1193 3879 summe
1206 3826 1305 3892 quidem
1315 3825 1396 3885 impu-

367 3915 569 3971 4.Hicvero.1n
586 3930 613 3962 eu
630 3913 761 3963 scilicetl’.
774 3911 841 3963 Airi-
887 3907 1249 3968 dentircommisit‚nuncrero
1258 3904 1397 3968 plusquam

334 3994 388 4040 esui
401 3993 556 4041 monumenti
569 3994 702 4039 eversione.
885 3987 949 4035 furta
969 3999 1040 4048 sunt,
1059 4004 1104 4036 nec
1118 3998 1213 4036 tautum
1228 3980 1397 4047 impudentia,

365 4070 487 4117 xxm.
503 4064 842 4118 submurmurantis
886 4066 928 4115 sed
948 4067 1028 4117 serim
1046 4083 1101 4115 vere
1113 4068 1209 4117 etmirs
1220 4062 1295 4115 enimi
1313 4061 1396 4125 impo-

330 4147 412 4199 vividu
427 4154 520 4209 estqui
532 4155 625 4208 purtem
639 4141 757 4191 orationis
768 4156 842 4191 oocu-
887 4148 961 4196 oentis
974 4146 1073 4195 sudaei,
1087 4148 1158 4196 inat,
