3200 4768
307 321 378 433 256
514 372 518 379 .
626 320 677 389 u.
702 321 741 388 r.
767 316 1046 388 nicanorus

305 449 415 520 baros
436 436 629 541 quosdam²
651 436 810 537 Lilybaeo
828 420 953 509 scitote
970 435 1163 507 advocatos
1184 456 1261 505 esse
1281 454 1366 532 ope-

305 556 419 628 rarios
443 553 512 623 :hi
539 550 698 647 denique
729 548 842 635 illnd,
862 549 987 645 ,ignari
1016 548 1129 616 totius
1154 545 1292 641 negotii
1325 568 1368 614 ac

306 666 503 762 religionis,
522 660 686 732 mercede
701 672 861 757 accepta,
874 656 1107 728 sustulerunt.
1123 653 1234 745 Quod
1250 678 1367 750 quum

308 801 353 846 ex
372 772 509 872 oppido
526 778 795 875 exportaretur,
813 790 926 864 quem
942 780 1160 837 conventum
1176 764 1368 834 mulierum

307 882 441 955 factum
453 906 529 952 esse
541 877 787 949 arbitramini?
801 901 909 974 quem
923 874 1049 947 fletum
1065 875 1243 968 majorum
1257 873 1369 944 natu?

309 1016 466 1091 quorum
476 986 755 1060 nonnullietiam
763 982 1172 1057 illumdiem³.memoria
1181 980 1369 1069 tenebant,

222 1128 233 1151 ·
307 1127 423 1201 quum
435 1099 497 1170 illa
510 1096 635 1169 eadem
648 1097 781 1183 Diana,
794 1099 975 1192 Segestam
982 1093 1198 1189 Carthagine
1212 1103 1368 1177 revecta,

309 1212 496 1282 victoriam
515 1206 641 1305 populi
655 1207 796 1277 romani
813 1204 935 1276 reditu
949 1228 1015 1275 suo
1029 1204 1234 1276 nuntiasset.
1250 1202 1370 1288 Quam

309 1319 489 1393 dissimilis
505 1318 564 1387 hic
584 1315 660 1387 (lies
678 1314 729 1385 illi
746 1315 902 1413 tempori
922 1312 1140 1387 videbatur?
1160 1327 1236 1387 tum
1252 1313 1368 1407 impe-

308 1444 406 1501 rator
426 1427 553 1525 populi
570 1426 728 1514 romani,
747 1428 802 1495 vir
812 1424 1044 1512 clarissimus,
1060 1423 1147 1505 deos
1163 1425 1296 1521 patrios
1315 1443 1369 1490 re·

309 1536 477 1637 portabat
502 1537 720 1632 Segestanis,
750 1558 795 1605 ex
817 1533 909 1606 urbe
934 1535 1093 1605 hostium
1119 1545 1370 1629 recuperatos:

309 1669 408 1717 nunc
422 1670 466 1717 ex
476 1644 567 1715 urbe
583 1645 764 1714 sociorum
777 1658 909 1741 praetor
923 1641 1085 1738 ejusdem
1102 1641 1230 1740 populi
1244 1640 1375 1738 turpis·

310 1758 441 1841 simus,
461 1770 568 1851 atquc
579 1755 860 1852 impurissimus,
880 1751 1026 1824 eosdem
1041 1751 1121 1823 illos
1135 1750 1222 1822 deos
1237 1748 1373 1821 nefario

310 1865 444 1937 scelere
456 1862 650 1934 auferebat.
662 1862 758 1953 Quid
767 1860 836 1932 hoc
844 1878 920 1933 tota
928 1863 1043 1933 Sicilia
1052 1876 1105 1933 est
1115 1861 1374 1957 clarius,quam

311 1964 437 2048 omnes
468 1978 677 2072 Segestanas
705 1987 886 2044 matronas
907 1986 944 2043 et
966 1973 1123 2069 virgines
1149 1971 1373 2055 convenisse,

312 2111 427 2184 quum
443 2084 554 2155 Diana
570 2097 818 2180 exportaretur
831 2106 874 2152 ex
886 2079 1022 2179 oppido
1033 2108 1043 2169 ;
1055 2082 1198 2152 unxisse
1211 2103 1375 2176 unguen·

311 2198 399 2282 tis43
420 2193 618 2291 complesse
639 2192 782 2263 coronis
796 2205 832 2262 et
848 2189 1019 2279 floribus3
1037 2190 1162 2277 thure,
1184 2187 1376 2260 odoribus-

313 2330 386 2402 que
401 2305 571 2391 incensis,
592 2302 767 2398 usquead
782 2305 856 2398 agri
867 2299 960 2373 fines
974 2314 1211 2400 prosequutus
1223 2298 1322 2370 esse?

349 2505 374 2537 a.
394 2488 519 2549 Barbaros
539 2485 666 2550 quosdam
680 2487 761 2535 Verba
782 2487 823 2536 illa
869 2485 1378 2554 aleamns,nnmqnamanostrapotestabu·

314 2582 412 2617 omnem
424 2567 508 2613 Verris
520 2564 644 2612 infamiam
657 2575 682 2612 et
695 2566 774 2614 scelus
786 2583 824 2614 sr-
867 2567 924 2627 leri,
936 2579 979 2616 snt
988 2584 1130 2617 evanescam
1142 2568 1264 2615 memoria.

315 2657 407 2711 guunt;
420 2646 478 2710 qni,
499 2643 691 2708 pratorpopnli
710 2646 823 2704 romani,
903 2646 1303 2712 s.Unxs'sseungraents's.Desnore
1311 2647 1381 2696 Gras-

314 2726 435 2774 neminem
454 2723 565 2783 invenit,
583 2739 662 2787 neque
680 2740 711 2771 ex
724 2722 824 2784 liberis,
867 2741 969 2783 eornm,
979 2726 1045 2789 apncl
1054 2726 1250 2789 quosungnentis
1256 2725 1380 2788 ungeban-

315 2822 393 2869 neqne
409 2821 441 2852 ex
459 2803 548 2862 servis,
567 2803 610 2866 qni
630 2803 741 2851 mercede
753 2812 824 2866 pacta
870 2813 925 2862 tnr,
948 2819 999 2850 non
1022 2804 1106 2868 capilli
1127 2815 1239 2863 tantum,
1257 2805 1380 2871 pedesque

315 2886 395 2948 operis
406 2883 480 2944 hnjns
491 2881 560 2930 fieret
571 2883 702 2947 particeps.
714 2883 759 2929 Per
773 2880 827 2928 bar·
870 2893 895 2929 et
907 2897 1005 2942 manns,
1024 2883 1067 2932 sed
1086 2885 1139 2949 ipsa
1159 2900 1258 2949 quoqne
1278 2885 1380 2934 deornm

316 2964 402 3020 hams,
422 2972 547 3010 recusante
567 2962 634 3009 omni
652 2962 764 3026 populo,
789 2975 827 3007 res
870 2961 1008 3019 simulacra,
1029 2963 1179 3027 parietesque
1201 2975 1227 3013 et
1241 2965 1305 3013 lecti.
1327 2965 1381 3012 Un-

317 3042 460 3098 eonfieitnr3
474 3042 514 3103 qni
532 3039 551 3086 si
570 3041 642 3087 etiarn
655 3041 827 3103 cognovissent
869 3051 987 3103 guentam
1000 3053 1050 3089 erat
1070 3044 1210 3091 suavissima
1223 3043 1334 3106 quaedam
1350 3058 1382 3090 ex

317 3120 378 3183 qnid
398 3128 520 3180 ageretur,
542 3130 691 3167 recusassent
707 3135 781 3177 sane,
803 3132 827 3169 et
870 3119 932 3167 bens
942 3119 1064 3171 olentibus
1072 3122 1220 3170 aromatibus
1228 3122 1380 3172 commixtio.

318 3210 450 3258 numquam
460 3211 560 3258 operam
570 3211 638 3242 snam
651 3197 762 3258 quamvis
775 3198 830 3247 bar·
873 3199 936 3248 Plin.
952 3201 1112 3260 x111,1,in
1129 3202 1177 3249 hoc
1188 3201 1342 3266 errat,qnod
1354 3217 1381 3249 ea

318 3274 370 3321 bari
387 3273 541 3319 locavissent.
873 3277 937 3326 illlus
945 3280 1012 3326 ilarii
1018 3297 1090 3344 quem
1102 3281 1159 3327 vicit
1170 3280 1316 3339 Alexander,
1324 3292 1383 3328 tens·

358 3352 380 3398 3.
391 3349 463 3396 Illum
472 3349 670 3414 diem.Csrthago
678 3364 747 3417 capta
757 3361 831 3400 etex·
873 3358 975 3420 poribus
984 3359 1081 3405 inventa
1094 3359 1167 3406 luins
1181 3371 1285 3408 enarrat.
1299 3360 1381 3421 anna

320 3431 367 3479 cisa
382 3430 473 3485 fuerat,
487 3427 593 3475 conditae
608 3429 682 3477 Urbis
694 3447 758 3478 anno
768 3429 829 3493 609.
875 3447 960 3483 contin
985 3437 1158 3499 antiquissimis
1173 3438 1327 3504 temporibus
1355 3453 1383 3485 ea

320 3514 408 3558 Verres
420 3517 511 3572 praetor
524 3508 601 3555 inerat
611 3524 677 3556 anno
691 3512 751 3571 678.
766 3513 830 3573 Engo
874 3514 947 3560 fuisse
966 3513 1054 3562 usitata
1069 3517 1143 3564 ueris
1155 3534 1187 3564 ex
1199 3519 1326 3565 codicibus
1338 3532 1384 3581 ps·

320 3588 395 3653 aliqui
409 3586 489 3634 adhuc
500 3587 638 3650 superstites
651 3604 719 3636 senes
727 3606 778 3637 esse
787 3606 833 3654 po·
875 3592 1079 3641 tenutissimum
1098 3595 1147 3643 hoc
1168 3608 1220 3644 erat
1232 3596 1334 3644 lionoris
1353 3596 1386 3643 si·

322 3680 413 3723 terant,
427 3665 468 3729 qui
484 3662 546 3712 diem
559 3664 627 3712 illum
640 3669 754 3716 memoria
765 3680 833 3717 tene·
876 3685 965 3732 guunt;
978 3671 1062 3735 itaque
1071 3672 1387 3738 Platojnbet,pnetamqui

321 3757 387 3805 rent,
397 3760 423 3791 se
441 3742 467 3791 in
480 3744 583 3807 pueritia
605 3745 706 3804 vidisse,
724 3764 775 3811 quo
790 3746 831 3795 ills
875 3748 902 3795 in
916 3749 1015 3799 civitate
1028 3768 1071 3799 sus
1080 3754 1259 3816 reperiatur,ita
1269 3752 1388 3810 exsulare,

321 3827 403 3874 eadem
416 3822 492 3870 Diana
504 3825 629 3873 victoriam
648 3828 783 3893 Segestanis
795 3845 833 3874 re-
876 3838 905 3875 nt
916 3843 960 3875 vas
973 3842 1097 3893 unguento
1110 3831 1210 3896 plenum
1223 3831 1297 3895 ospiti
1305 3829 1388 3877 infun·

323 3904 377 3952 dun
386 3919 431 3951 sno
445 3903 585 3954 nuntiasset.
595 3908 654 3955 Tam
668 3908 759 3971 grande
768 3907 832 3954 enim
877 3905 962 3967 datur,
975 3909 1059 3972 sicque
1071 3909 1207 3960 honorifice
1217 3925 1273 3958 eum
1283 3908 1316 3957 sil
1326 3906 1389 3957 fines

324 3979 487 4045 spectaculum
501 3981 557 4030 lieet
574 4001 587 4031 a
607 3987 694 4035 teneris
712 3986 782 4032 annis
797 3984 833 4031 vi·
876 4001 954 4048 usqne
966 3999 1152 4051 prosequantur.
