3116 4774
339 361 393 429 ru
417 361 639 428 vnnaun
663 362 769 432 aur.
790 360 846 449 11;
872 368 966 436 mn
985 371 1027 438 v.
1143 369 1209 457 451

152 482 275 555 dentia
301 482 455 551 maxime
476 478 703 578 suffragatur.
732 484 822 556 Ηίο6
851 489 881 557 si
911 488 999 585 quid
1023 495 1092 563 erit
1114 517 1213 565 com-

154 594 302 679 missum
326 615 346 661 a
368 614 554 687 qucquam
578 606 757 681 vestrum,
784 594 884 691 quod
907 598 1214 695 reprehendatur:

154 716 217 771 aut
234 698 392 798 populus
410 710 582 771 romanus
598 701 773 797 judicabit
790 704 836 775 de
855 731 899 777 eo
919 707 1084 796 homine,
1106 738 1216 811 quem

152 809 228 904 jam
258 823 363 880 antea
387 809 533 905 judiciis
562 810 752 907 indignum
784 821 943 911 putarit3
971 833 1034 891 eut
1061 822 1106 909 ii,
1132 827 1217 920 qui,

154 933 305 1017 propter
327 916 566 990 offensionem
590 918 830 1015 judiciorum,
852 924 898 997 de
919 929 1100 1002 veteribus
1119 932 1219 1027 judi-

157 1027 259 1099 cibus
277 1028 355 1124 lege
372 1052 467 1099 nova
484 1031 569 1100 novi
582 1029 722 1125 judices
739 1049 848 1105 erunt
864 1040 1061 1109 constituti.

202 1142 309 1209 LXX.
326 1138 416 1208 Mihi
431 1144 560 1235 porro,
578 1153 619 1210 ut
634 1164 702 1236 ego
719 1166 793 1239 non
809 1142 942 1235 dicam,
958 1153 1041 1244 quis
1056 1152 1219 1222 omnium

156 1247 363 1318 mortalium
390 1271 466 1317 non
492 1247 677 1344 intelligit,
699 1275 809 1347 quarn
834 1253 941 1351 longe
965 1259 1154 1354 progredi¹
1176 1265 1223 1332 sit

156 1358 328 1430 necesse?
347 1361 475 1427 Potero
494 1356 617 1445 silere,
637 1362 827 1432 Hortensi?
843 1378 972 1460 potero
987 1365 1221 1459 dissimulare,

158 1495 273 1567 quum
299 1483 443 1540 tantum
467 1468 672 1566 respublica
685 1473 826 1544 *vulnus
846 1480 1043 1576 acceperit,
1060 1496 1103 1574 ut
1121 1484 1221 1580 expi-
1244 1562 1248 1575 „

157 1581 237 1651 latae
257 1582 469 1680 provinciae,
489 1582 605 1650 vexati
623 1582 731 1668 socii,
750 1580 798 1651 dii
819 1587 1038 1660 immortales
1060 1590 1221 1688 spoliati,

157 1691 252 1761 cives
273 1691 414 1759 romani
435 1689 583 1759 cruciati
603 1704 640 1761 et
659 1693 776 1763 necati
794 1693 963 1791 impune,
981 1708 1060 1769 me’
1079 1716 1223 1790 actore,

157 1894 283 1948 ,mpeptog
288 1881 384 1944 judica
396 1881 484 1931 habant
496 1894 521 1931 et
533 1882 607 1932 alium
617 1900 670 1932 om.
713 1878 827 1926 omnibus
835 1878 993 1943 flutplul'lmls
1002 1871 1093 1930 (Ἀθόω
1101 1884 1225 1949 quuntur,

40 2016 47 2023 1
126 2030 130 2035 ,
157 1963 218 2009 nino
243 1961 355 2009 ordinem
377 1960 551 2028 (equestrem)
574 1962 606 2010 ud
631 1980 669 2012 res
713 1958 756 2021 qui
778 1957 808 2006 dc
827 1960 904 2006 Verre
925 1971 994 2008 erant
1013 1962 1161 2026 judicaturi,
1181 1967 1223 2014 sed

156 2040 299 2101 iudicandus
311 2055 376 2088 nora
388 2040 442 2103 legs
456 2051 556 2105 queret.
714 2045 806 2083 tanturn
820 2036 884 2085 dicat
898 2058 909 2080 ι
920 2038 942 2086 si
954 2038 1015 2101 quid
1025 2038 1057 2087 rb
1071 2057 1121 2088 unc
1135 2054 1177 2090 ant
1189 2044 1224 2091 al-

194 2122 220 2168 6.
229 2121 285 2170 Hic.
296 2121 322 2169 Si
333 2121 461 2186 quisquam
470 2134 575 2170 vestrum
585 2120 670 2170 hocin
714 2125 767 2163 ῑθῐῠ
779 2116 854 2163 suerit
864 2118 1018 2165 wmmitwm
1028 2140 1049 2179 ⁸,
1062 2119 1168 2183 ideoque
1174 2121 1224 2171 boc

158 2199 671 2265 ,eadmjaerit,utv01„commpipuffl
714 2209 765 2240 non
785 2195 918 2242 necessario
940 2196 1023 2243 Verris
1046 2198 1225 2249 absolutionem

29 2266 33 2275 '
78 2288 81 2294 ’
158 2289 227 2327 mm·
236 2276 276 2327 201
292 2278 353 2327 3110,
366 2292 550 2345 comperet,
570 2290 612 2327 ,m
625 2295 671 2344 ΡΟ.
714 2272 837 2332 involvat,
867 2274 911 2337 qul
934 2274 1092 2325 nihilominus
1118 2279 1225 2328 damnari

158 2357 232 2423 palus
256 2372 318 2407 rom.
338 2356 439 2422 quicum
460 2359 513 2423 ipss
536 2373 603 2407 anuo
618 2374 672 2423 pro·
714 2353 1226 2418 potenneticmsiveldeeemjudieueum

159 2436 227 2484 ximo
238 2452 285 2502 pro
293 2436 390 2487 Rostris
399 2452 468 2501 agam
479 2435 570 2503 (Vere.
581 2438 637 2486 Act.
646 2438 671 2496 Ι,
715 2431 888 2490 mretricem,
898 2448 950 2480 non
963 2444 1058 2498 poterat
1067 2436 1117 2484 diei
1124 2438 1225 2488 Verrem

163 2517 228 2581 ra),
247 2514 276 2564 de
297 2532 327 2564 ec
345 2515 445 2564 bomine
463 2515 600 2577 judicabit,
617 2516 671 2576 cui,
715 2509 1176 2576 velcpopulc,velanorisjudicibus
1186 2521 1225 2579 ju-

160 2591 309 2659 disceptcnts
329 2593 424 2658 populo
438 2609 500 2643 rcrn.
513 2609 608 2642 mecum
622 2610 672 2642 rem
716 2590 822 2639 dicatum
845 2592 882 2640 iri
904 2590 1036 2656 Singularis
1056 2596 1155 2658 quidem
1172 2598 1226 2647 brec

162 2673 268 2733 futuram
279 2673 412 2734 denuntio,
423 2690 496 2738 quem
505 2673 588 2736 priore
600 2673 674 2721 setic-
716 2684 752 2719 est
764 2670 789 2720 b.
802 2671 820 2720 1.
831 2670 955 2731 defensio,
966 2684 990 2721 ct
1001 2673 1059 2721 satis
1068 2690 1111 2737 per
1122 2692 1147 2725 se
1156 2693 1224 2738 vem

162 2736 208 2812 ne,
226 2767 300 2815 quum
316 2763 365 2799 tam
379 2763 476 2817 apertus
496 2751 632 2817 perduellio
650 2753 673 2800 ei
716 2768 799 2799 verum
813 2751 896 2797 neseio
909 2766 953 2797 eur
968 2763 1085 2815 corrupto
1100 2753 1136 2801 illi
1145 2756 1225 2814 judici

162 2830 229 2877 visus
242 2838 290 2888 est,
301 2840 329 2876 ut
342 2831 369 2876 in
380 2831 507 2893 prasentia
517 2831 673 2879 mactandum
715 2831 924 2885 manutenere,
933 2827 1000 2876 bunc
1013 2840 1068 2876 aute
1081 2846 1160 2880 novos
1168 2849 1224 2881 cor·

162 2908 317 2965 existimem,
325 2906 434 2971 legitimo
442 2909 536 2970 iudicio
544 2910 673 2975 iudignum
715 2919 844 2972 ruptorum
850 2906 961 2968 judicum
969 2905 1064 2965 judices
1076 2924 1090 2955 a
1102 2925 1127 2956 sc
1140 2912 1225 2959 sisten-

163 2984 289 3045 censebat3
302 2996 346 3033 rut
358 2986 379 3034 si
391 2987 472 3035 minus
484 2988 611 3036 enisersus
624 3004 672 3052 po·
716 2985 775 3034 dum
787 2987 817 3034 iri
822 2985 972 3046 judicatum,
982 3000 1057 3049 quum
1066 2986 1128 3035 nibil
1136 2989 1223 3038 mirum

55 3097 59 3104 ·
162 3064 236 3130 pulus
262 3079 315 3112 non
338 3064 473 3128 judicarit,
499 3076 564 3114 certe
586 3064 673 3131 populi
715 3066 747 3113 sit
757 3072 898 3128 corruptum
907 3062 1223 3130 judicemrcorruptcrmn

76 3142 80 3149 '
163 3144 275 3203 nornine,
285 3143 456 3204 lljudfcebunt
464 3143 566 3209 quilege
575 3144 673 3193 Aurelia
712 3144 824 3206 judicum
842 3142 965 3203 judicibus
982 3160 1033 3192 esse
1048 3144 1223 3210 iudicandum,

8 3266 10 3269 ,
60 3258 62 3279 ;
112 3216 115 3223 ’
162 3222 675 3288 perluunovleruntinistosreteresjudi-
716 3235 742 3272 et
762 3221 979 3272 imclm'untcm
999 3225 1096 3274 iteratio
1118 3243 1169 3276 sese
1186 3231 1223 3278 ri-

8 3300 21 3375 J
109 3320 113 3327 ¹
164 3318 205 3351 ces
222 3301 358 3351 constituti.
375 3304 440 3352 Just.
454 3301 562 3352 Calidius
574 3303 671 3352 Ernest.
716 3300 809 3350 deutur.

165 3395 211 3448 pro
221 3404 235 3424 α
243 3396 274 3428 eo
283 3381 382 3430 bomine
389 3404 402 3424 n
413 3384 439 3429 in
449 3398 497 3446 quc
506 3382 610 3431 lectione
620 3397 673 3430 orn·
751 3382 830 3430 Lxx.
840 3398 862 3430 r.
873 3366 1158 3449 Quamlongeprcgredi.
1167 3389 1225 3437 Non

164 3476 208 3509 nes
228 3461 292 3510 MSS
314 3460 487 3520 consentiunt,
512 3462 622 3527 reposuit
641 3476 674 3509 ex
716 3460 744 3507 in
760 3460 808 3508 boc
824 3460 932 3521 judicio,
953 3462 974 3508 si
992 3463 1079 3511 Verres
1102 3464 1226 3526 elabetur,

164 3541 260 3589 Manus.
273 3560 286 3583 α
295 3556 325 3589 ec
337 3540 423 3589 ordine
432 3562 453 3590 u.
469 3542 532 3590 Nem
545 3542 566 3589 si
579 3551 675 3589 tantum
716 3540 780 3587 ectio
793 3555 846 3587 mea
857 3537 931 3587 finem
944 3539 1059 3600 invenier;
1075 3557 1148 3607 cogar
1160 3544 1227 3609 apud

164 3618 260 3682 aliquot
270 3619 366 3681 judices
378 3620 405 3668 iu
422 3620 472 3669 boc
485 3622 567 3669 Verris
579 3620 674 3683 judicic
717 3617 836 3684 populum
857 3633 983 3667 menum
1003 3619 1112 3668 eamdem
1130 3636 1226 3670 musam

165 3697 258 3761 aliquid
272 3698 460 3758 commisissent,
478 3715 531 3747 non
545 3711 675 3765 propterea
717 3714 803 3764 egere3
818 3713 892 3762 cogar
904 3697 1045 3758 sociorum,
1062 3698 1163 3747 deorum
1182 3703 1227 3750 im·

167 3774 198 3822 dc
206 3786 261 3824 toto
270 3776 356 3825 ordine
363 3777 495 3838 judiccsset
504 3779 619 3843 populus.
632 3780 676 3828 Ce-
719 3777 872 3834 mortalium,
886 3776 976 3824 civium
993 3790 1148 3825 romanorum
1161 3779 1228 3841 inju-

166 3865 245 3903 terum
259 3853 356 3904 Sebiitr.
371 3857 440 3918 cujus
456 3856 520 3904 buno
533 3867 616 3906 notem
631 3873 675 3905 ex·
719 3858 767 3904 rias
779 3854 900 3921 persequi.

168 3934 306 3997 pressimus,
311 3944 381 3999 putet
392 3956 405 3977 a
412 3934 443 3983 de
453 3952 483 3985 ec
491 3936 590 3986 bomine
600 3956 612 3980 ι
625 3952 677 3983 non
757 3953 781 3985 s.
794 3937 836 3983 Me
846 3945 937 3982 arton.
950 3935 1098 3981 Accusatore
1107 3950 1145 3983 me
1152 3939 1229 4002 putis-

168 4010 527 4077 edVerrem‚ssdrdjudicum
533 4031 678 4081 quemquem
722 4017 823 4073 simum,
838 4028 876 4061 me
887 4012 968 4077 legum
981 4011 1121 4071 defensore,
1139 4031 1177 4064 me
1192 4019 1232 4066 ln-

168 4092 296 4154 pertincre.
311 4096 396 4158 Quum
414 4097 493 4159 enirn,
509 4096 556 4157 alt,
577 4112 627 4145 non
648 4095 679 4146 de
721 4094 842 4145 nocentiae
854 4091 943 4140 ultore.

1029 4203 1085 4273 29.
