3142 4774
397 402 450 472 IN
476 404 688 472 VERREM
713 404 819 474 ACT.
839 409 895 492 II,
921 410 1014 475 LIB.
1033 410 1100 478 111.
1232 411 1273 493 Δι

219 524 313 597 aude
331 538 366 594 te
384 523 504 595 dicere
525 522 745 620 diligentem.
767 527 941 622 Ingenio?
961 530 1025 623 qui
1043 541 1150 599 testes
1172 530 1283 601 inter·

217 635 335 730 rogari
349 634 469 730 priore
481 633 622 704 actione
636 632 796 704 nolueris
806 645 833 723 ⁷,
849 650 885 705 et
900 639 944 706 iis
957 638 1105 708 tacitum
1119 663 1159 710 os
1176 652 1281 710 tuum

217 741 376 843 praebere
405 742 598 827 malueris,
625 745 876 839 quantumvis,
904 759 940 815 et
966 760 1023 833 te,
1049 760 1084 817 et
1107 760 1280 843 patronos

219 868 313 941 tuos,
333 852 536 949 ingeniosos
563 876 640 923 esse
665 853 785 923 dicito.
805 855 887 943 Qua
909 879 947 924 re
970 854 1081 951 igitur
1102 854 1159 941 id,
1179 854 1278 953 quod

217 963 285 1050 ais,
298 975 512 1059 assequutus
527 962 584 1032 es?
601 964 730 1058 Magna
746 976 801 1033 est
813 963 910 1033 enim
922 962 1015 1048 laus,
1033 965 1062 1033 si
1078 965 1280 1061 superiores

217 1073 366 1143 consilio
386 1072 519 1157 vicisti,
541 1071 801 1168 posterioribus
816 1071 1019 1169 exemplum
1035 1087 1146 1169 atque
1160 1088 1281 1144 aucto-

215 1184 356 1253 ritatem
382 1180 568 1277 reliquisti.
599 1179 679 1250 Tibi
704 1180 852 1253 sortasse
879 1180 1032 1255 idoneus
1058 1180 1127 1253 fuit
1149 1207 1278 1271 nemo,

216 1315 325 1387 quem
347 1294 547 1375 imitarere3
572 1307 609 1361 at
636 1305 670 1361 te
696 1291 880 1381 videlicet,
902 1296 1129 1365 inventorem
1156 1318 1280 1365 rerum

215 1401 433 1499 optimarum
456 1424 497 1470 ac
521 1401 741 1496 principem,
764 1400 1004 1473 imitabuntur
1030 1424 1167 1474 omnes.
1189 1404 1281 1493 Quis

194 1510 416 1599 'aratorum,
440 1525 477 1581 te
503 1523 675 1607 praetore,
703 1509 891 1582 decumam
917 1511 1038 1583 dedit?
1061 1513 1142 1608 quis
1167 1510 1279 1585 duas?

215 1621 300 1715 quis
310 1644 387 1690 non
400 1621 558 1690 maximo
570 1642 607 1689 se
620 1615 790 1692 allectum
803 1619 983 1693 beneficio
995 1623 1152 1720 putavit,
1162 1647 1277 1720 quum

215 1727 331 1799 tribus
348 1728 508 1800 decumis
525 1752 592 1826 pro
610 1753 681 1799 una
697 1727 966 1833 defungeretur,
984 1747 1115 1832 praeter
1130 1757 1277 1832 paucos,

213 1841 277 1937 qui
305 1854 456 1939 propter
479 1840 686 1910 societatem
711 1838 892 1913 furtorum
918 1858 1065 1913 tuorum
1090 1841 1181 1913 nihil
1202 1868 1278 1914 om·

212 1952 300 2021 nino
328 1949 535 2022 dederunt?
561 1947 671 2038 Vide,
698 1954 793 2023 inter
820 1955 1128 2050 importunitatem
1158 1966 1276 2039 tuam,

212 2073 429 2156 senatusque
450 2056 667 2144 bonitatem,
686 2059 775 2156 quid
798 2063 949 2133 intersit.
970 2066 1141 2143 Senatus,
1159 2085 1275 2157 quum

213 2167 436 2266 temporibus
454 2165 682 2266 reipublicae⁸
706 2171 863 2267 cogitur,
887 2186 929 2242 ut
950 2162 1139 2255 decernat,
1163 2185 1205 2240 ut
1225 2170 1275 2241 al·

200 2291 295 2349 ‘terre
315 2277 474 2349 decumae
492 2279 690 2375 exigantur,
707 2280 756 2349 ita
772 2278 954 2369 decernit,
973 2295 1015 2352 ut
1036 2281 1189 2379 pecunia
1207 2304 1275 2378 pro

211 2387 266 2460 his
286 2388 457 2462 ¹decumis
480 2389 639 2460 solvatur
662 2389 884 2480 aratoribus;
906 2405 965 2480 ut,
992 2391 1093 2490 quod
1116 2391 1203 2490 plus
1218 2416 1275 2463 su·

210 2501 333 2589 mitur,
358 2523 467 2597 quam
490 2497 656 2587 debetur,
676 2498 714 2570 id
737 2505 827 2587 emi,
852 2527 926 2572 non
955 2499 1086 2573 auferri
1112 2516 1271 2599 putetur.

210 2614 283 2697 Tu,
302 2634 417 2707 quum
436 2623 492 2680 tot
512 2607 681 2680 decumas
696 2634 770 2681 non
785 2609 1117 2697 senatusconsulto,
1129 2609 1192 2681 sed
1207 2634 1273 2679 no·

209 2721 261 2791 vis
282 2719 406 2793 edictis
428 2722 519 2808 tuis,
541 2717 761 2817 nefariisque
781 2722 954 2793 institutis
971 2724 1131 2816 exigeres
1148 2732 1184 2789 et
1203 2720 1273 2790 eri·

210 2852 334 2925 peres;
346 2854 515 2927 magnum
526 2843 561 2900 te
569 2827 695 2929 fecisse
714 2829 954 2917 arbitrabere,
971 2831 1000 2898 si
1017 2828 1129 2925 pluris
1147 2829 1273 2900 vendi·

211 2936 325 3026 deris,
338 2964 445 3035 quarn
461 2946 501 3011 L.
518 2945 770 3028 Hortensium,
783 2955 886 3039 pater
900 2942 1001 3012 istius
1016 2943 1060 3031 Q.
1074 2941 1273 3027 Hortensii,

174 3071 321 3146 squam
346 3054 412 3118 Cn.
433 3053 643 3148 Pompeius,
665 3076 776 3148 quam
799 3055 849 3121 M.
874 3050 1118 3137 Marcellus¹⁰,
1140 3050 1204 3146 qui
1226 3048 1272 3119 ab

209 3160 398 3254 aequitate,
416 3156 462 3228 ab
476 3158 571 3256 lege,
589 3160 635 3230 ab
654 3162 824 3234 institutis
841 3187 915 3233 non
931 3160 1181 3233 recesserunt?

208 3338 234 3385 in
248 3337 359 3386 eumden
368 3336 493 3397 rodim,
507 3337 569 3385 facta
583 3337 668 3395 litura,
677 3353 715 3384 re·
759 3350 805 3399 ret,
817 3356 869 3388 non
885 3339 988 3404 singulis
1005 3339 1075 3388 anuis
1091 3340 1157 3404 exigi
1175 3340 1268 3389 solitae.

208 3416 275 3466 tulit.
285 3417 344 3465 vtd.
354 3418 393 3475 11,
410 3418 452 3474 34.
795 3436 822 3483 9.
836 3422 864 3467 1..
874 3420 1024 3469 Hommius.
1031 3421 1125 3468 Proetor
1132 3435 1198 3468 anno
1210 3416 1271 3479 tto,

245 3513 269 3558 7.
285 3494 406 3544 uolueris.
417 3496 501 3544 Testes
508 3497 657 3560 interrogare
664 3510 717 3544 non
759 3510 904 3564 expraetore
917 3498 1022 3548 statum
1037 3498 1222 3553 administra&
1235 3524 1270 3535 -

207 3591 279 3623 eurus
289 3591 324 3636 ee,
339 3587 364 3623 et
376 3574 448 3624 abiis
458 3586 483 3623 te
496 3576 641 3623 contumelia
650 3574 716 3653 'effici
761 3577 804 3624 Cn.
816 3576 953 3641 Pompeius.
963 3576 1066 3635 Strabo,
1082 3578 1168 3640 Magni
1186 3587 1271 3640 pater,

206 3654 307 3719 impune
319 3670 450 3718 passurae,
464 3656 574 3719 quami·
592 3654 715 3718 ingenium
760 3669 825 3701 anno
836 3656 887 3704 eoo
899 3667 992 3721 prretor
1005 3656 1053 3703 fuit
1064 3671 1093 3703 ao
1105 3654 1194 3701 stettin
1211 3668 1270 3717 pro·

164 3747 168 3761 ¹
206 3744 232 3783 et
240 3735 352 3798 peritiam
362 3744 520 3799 patronorum
531 3742 629 3781 tuorum
639 3735 715 3794 iaeta-
759 3742 860 3798 pretor.

207 3830 257 3874 res,
270 3830 374 3879 quorum
387 3813 490 3862 coneilio
507 3811 541 3860 ita
550 3813 627 3875 egisti.
797 3826 838 3860 ro.
855 3812 943 3870 Multi,
961 3813 1025 3860 inter
1037 3827 1100 3875 quor
1113 3810 1141 3859 C.
1155 3809 1270 3874 stephan.

242 3895 269 3942 8.
288 3892 440 3959 Temporibus
454 3892 513 3957 reip.
525 3889 716 3940 Difficulmihm
761 3890 861 3940 ullam.
873 3890 948 3939 neck.
961 3907 974 3938 e
986 3890 1045 3938 cod.
1059 3889 1189 3939 Nannieno
1202 3890 1273 3938 ethis

206 3961 241 4020 rei
257 3973 427 4022 frumentariae.
440 3996 473 4007 -·-
490 3971 584 4025 Altera
597 3969 714 4018 ἆοσιιηιω.
760 3968 912 4019 orationibus
926 3968 999 4033 ipsis,
1010 3969 1119 4019 Divinas.
1130 3986 1184 4035 cap.
1199 3979 1229 4032 43
1243 3968 1269 4016 in

209 4050 377 4117 lndeapperet
389 4051 476 4100 altem
493 4065 534 4099 ees
547 4049 672 4109 decumas,
684 4049 715 4097 de
760 4052 829 4098 verr.
848 4051 888 4108 11,
907 4050 937 4108 3,
957 4064 1003 4106 ar,
1022 4047 1165 4110 ediderunt,
1181 4048 1271 4101 mnu·

208 4128 297 4191 quibus
308 4130 383 4190 inire,
396 4145 449 4194 erp.
460 4130 510 4192 ⁶9,
528 4127 620 4176 mentio
632 4143 715 4175 occur·
759 4128 834 4188 forte,
849 4129 876 4177 C.
888 4128 1029 4179 Marcellus.
1041 4131 1066 4178 J.
1079 4132 1111 4177 V.
1120 4133 1148 4178 1..
