3148 4780
375 449 429 517 ru
453 447 673 517 vuuuuu
696 447 808 517 Act.
835 446 890 529 11,
911 445 1005 513 nm.
1026 448 1067 514 v.
1179 443 1249 544 395

194 594 320 657 eosne,
348 567 521 643 ininsula
551 568 691 640 Cereris
717 580 835 653 natos,
857 563 921 639 ubi
946 566 1103 662 primum
1129 566 1252 666 fruges

193 685 346 753 invente
360 701 437 749 esse
453 675 640 765 dicuntur,
657 701 701 751 eo
724 675 808 749 cibo
829 699 905 751 esse
928 699 1029 758 usos,
1045 700 1066 749 a
1083 700 1157 772 quo
1178 704 1251 751 mm

191 792 289 885 jores
303 812 429 860 eorum
443 800 579 859 ceteros
592 810 757 882 quoque,
774 783 937 881 frugibus
950 785 1126 871 inventis,
1139 810 1251 861 remo·

195 897 346 971 verunt?
358 901 408 967 Te
420 896 702 993 praetore,Siculi
712 895 840 967 milites
853 894 1051 991 palmarum
1062 893 1252 990 stirpibus,

194 1008 381 1106 praedones
401 1004 520 1077 Siculo
539 1002 723 1079 frumento
747 1003 945 1081 alebantur.
964 1008 996 1077 0
1012 1004 1254 1102 spectaculum

195 1122 362 1191 miserum
375 1130 482 1211 atque
494 1111 682 1191 acerbuml
700 1113 856 1189 ludibrio
870 1138 946 1186 esse
962 1113 1071 1189 Urbis
1085 1114 1254 1211 gloriam,

195 1241 232 1299 et
247 1225 374 1325 populi
393 1224 530 1299 romani
544 1248 697 1309 nomen,
714 1222 904 1299 hominum
918 1238 1099 1299 conventu
1112 1219 1127 1267 ⁵
1145 1237 1254 1320 utque

194 1334 447 1420 multitudine;
471 1336 620 1431 piratico
643 1357 886 1430 myoparone,
909 1335 947 1405 in
970 1349 1079 1434 portu
1103 1340 1254 1431 Syracu·

153 1476 157 1487 ·
194 1469 297 1529 sano,
315 1443 360 1514 de
376 1442 485 1513 classe
504 1441 630 1540 populi
643 1444 781 1515 romani
798 1444 1022 1541 triumphum
1041 1469 1146 1542 agere
1164 1445 1255 1541 piru·

126 1544 129 1555 *
194 1569 284 1637 tam,
301 1576 417 1650 quum
433 1552 593 1651 praetoris
609 1555 818 1649 nequissimi
834 1555 1111 1652 inertissimique
1129 1554 1254 1629 oculos

195 1661 406 1761 predonum
424 1663 513 1733 romi
531 1666 802 1759 respergerent?

242 1777 476 1867 Posteaquam
492 1785 634 1868 eportu
643 1772 765 1867 piratae
780 1796 855 1845 non
872 1788 971 1844 metu
987 1774 1109 1872 aliquo
1119 1771 1254 1860 offecti,

194 1879 258 1953 sed
267 1882 427 1953 satietate
437 1881 613 1969 exierant,
630 1894 707 1951 tum
722 1899 910 1978 coeperunt
921 1908 1080 1979 quaerere
1089 1883 1255 1957 homines

194 2013 336 2065 causam
353 1988 448 2061 illius
465 2002 573 2061 tantae
590 1987 798 2065 calamitatis
817 2019 825 2061 :
846 1991 965 2066 dicere
980 2017 1125 2075 omnes,
1141 2006 1179 2065 et
1195 2015 1255 2088 pn

193 2098 265 2169 lum
284 2092 508 2194 disputare⁶,
526 2098 674 2169 minime
685 2123 762 2173 esse
778 2100 1001 2184 mirandum,
1018 2103 1065 2189 si,
1083 2099 1256 2174 militibus

193 2205 462 2305 remigibusque
486 2205 659 2295 dimissis,
675 2208 822 2305 reliquis
842 2224 997 2305 egestate
1012 2224 1049 2285 et
1064 2208 1158 2285 fame
1177 2233 1256 2306 per·

194 2318 296 2406 ditis,
323 2331 474 2415 praetore
501 2326 555 2387 tot
580 2315 656 2389 dies
674 2341 758 2391 cum
778 2318 995 2395 mulierculis
1021 2332 1256 2417 perpotente,

195 2442 293 2501 tanta
314 2425 533 2522 ignominiat
551 2438 587 2495 et
608 2425 896 2501 calamitasesset
918 2444 1074 2527 accepta.
1091 2433 1173 2503 uaec
1191 2452 1254 2527 au·

194 2533 289 2610 tem⁸
310 2537 410 2606 istius
437 2535 652 2631 vituperatio
674 2550 782 2632 atque
804 2536 947 2611 infamia
975 2536 1256 2615 confirmabatur

194 2671 322 2719 eorum
343 2666 528 2732 sermone,
552 2648 615 2740 qui
642 2669 663 2715 a
690 2648 764 2719 suis
788 2648 987 2725 civitatibus
1008 2650 1077 2721 illis
1103 2648 1255 2723 navibus

194 2755 375 2853 praepositi
392 2751 562 2824 fuerant:
585 2758 649 2850 qui
668 2780 712 2825 ex
731 2757 794 2828 illo
811 2784 963 2830 numero
982 2760 1133 2855 reliquia
1148 2763 1251 2853 Syra·

193 2962 304 3013 Graevius
316 2959 510 3025 habeatpouet,
529 2961 586 3025 qnia
600 2962 700 3013 verbum
743 2965 864 3030 emphasin
881 2966 992 3015 oratoria.
1014 2963 1087 3014 Nudo
1101 2961 1253 3028 significant,

194 3039 384 3105 «suppeditare»
395 3041 422 3086 in
429 3051 514 3089 neutra
525 3039 700 3104 significatione
742 3045 855 3109 prtetorie
863 3046 889 3091 in
900 3056 1040 3108 conspeetu.

193 3121 328 3184 accipiunte
343 3128 369 3167 ut
383 3130 464 3183 ponet
476 3119 623 3171 frumentum
635 3122 700 3170 ruffi·
778 3125 803 3171 6.
819 3122 948 3186 Disputare
961 3124 1097 3180 Disserere,
1110 3120 1253 3171 (leobinum.

193 3198 498 3263 oere,satieeuepopulo.
508 3200 583 3263 Quod
591 3201 700 3264 quamvis
743 3196 876 3259 subjicitur
901 3216 981 3271 causa
998 3202 1068 3249 istius
1091 3200 1252 3262 calamitatis,

192 3279 275 3331 multi·
294 3277 438 3327 confirment
457 3278 589 3342 exemplis,
607 3289 700 3329 rectum
743 3276 826 3327 Verris
838 3278 931 3329 scilieet
940 3278 1028 3329 libido.

193 3374 292 3423 qnoque
304 3370 340 3406 eet
352 3357 491 3420 vulgatum,
504 3373 550 3405 nec
568 3360 620 3406 sine
631 3358 701 3407 libris
779 3371 802 3416 7.
819 3357 898 3405 Taum
911 3355 1055 3417 mummia.
1068 3355 1157 3405 Claui·
1168 3356 1253 3409 ineen-

192 3436 333 3485 mutandum
344 3447 381 3485 eet
390 3437 531 3500 quidquam.
743 3435 810 3482 dium
835 3447 860 3484 et
885 3435 1016 3499 piratarum
1037 3435 1200 3485 deambulatio
1225 3438 1252 3485 in

227 3518 252 3567 ⁵.
268 3516 399 3569 Hominum
410 3525 535 3565 conventu.
549 3517 579 3563 In
589 3525 655 3565 tauta
669 3515 700 3562 ci·
743 3512 824 3565 medio
837 3524 921 3576 porto.

192 3597 278 3653 vitute,
289 3607 336 3644 tam
349 3593 620 3659 frequenu-Puarteo
631 3609 698 3656 rmo-
778 3593 802 3640 8.
821 3593 882 3639 Hae
902 3602 992 3639 autem.
1010 3591 1130 3639 Advertee
1148 3591 1253 3645 outoni·

191 3673 450 3738 percreverbaptena
457 3670 697 3736 invidiaetindigna-
741 3666 878 3721 artificium.
912 3669 1052 3725 Adducunt
1076 3669 1252 3723 naumbonteu

192 3754 268 3801 none.
282 3751 535 3814 Habentetuphueim,
549 3751 605 3812 quia
622 3767 698 3814 quum
742 3742 1251 3806 testimoninmnontamreicoufirmaoda

192 3830 348 3895 myoparonis
361 3840 384 3879 et
397 3829 479 3879 clauo
492 3831 583 3879 mentio
594 3827 635 3888 fit,
649 3828 698 3877 duo
742 3827 832 3890 gratu,
852 3825 920 3891 quod
941 3825 1039 3873 minime
1063 3838 1159 3873 necesse
1183 3837 1253 3885 erat,

191 3925 238 3956 una
247 3910 406 3957 conferuntur
419 3919 538 3964 extrema,
552 3906 661 3956 infimum
674 3919 699 3957 et
742 3905 797 3970 quie
808 3915 904 3957 reseret
913 3905 989 3963 alem;
998 3902 1251 3966 quamutexillomn

191 4004 343 4053 supremum
354 3987 445 4038 habent
457 3988 612 4039 antithesim:
626 4003 697 4052 rugo·
742 3985 864 4037 mentione
871 3984 984 4037 inuitus
992 3984 1177 4047 prepareturad
1185 4002 1253 4049 quar-

192 4084 253 4132 pero
264 4079 289 4117 et
302 4069 397 4127 chau,
411 4071 489 4133 pirata
502 4079 526 4117 et
539 4068 645 4133 populns
656 4083 698 4117 ro»
741 4076 793 4119 tutu
806 4066 906 4115 odmen.

194 4162 287 4195 roanos.
303 4174 337 4183 -
352 4148 411 4196 Cum
419 4149 542 4210 praetoris.
560 4148 649 4211 Magne
662 4157 698 4197 eet
778 4161 802 4208 9.
816 4143 919 4210 uetuit
934 4144 1025 4197 Ceteris
1038 4155 1080 4197 eut
1093 4155 1160 4199 ωηο
1171 4147 1251 4210 petto
