3200 4768
316 405 387 476 soil
635 405 683 471 M.
710 402 749 469 T.
775 402 1057 474 CICERONIS

317 528 362 597 ad
383 530 492 598 istum
512 521 732 594 laudandum
751 523 859 593 missa
879 536 954 611 est,
982 524 1152 620 princeps
1175 540 1229 596 est
1246 526 1377 615 Heius;
1453 602 1456 608 ,

234 704 237 711 ,
315 637 449 706 etenim
471 649 524 705 est
541 634 680 728 primus
699 632 873 702 civitatis:
897 656 943 702 ne
963 628 1099 720 forte⁶,
1117 633 1206 704 dum
1225 636 1380 733 publicis

314 744 490 815 mandatis
519 745 672 828 serviat,
706 740 751 812 de
774 742 920 839 privatis
949 743 1086 836 injuriis
1107 746 1266 817 reticeat.
1298 752 1380 818 Huc

315 880 430 950 quum
450 855 601 924 scirem⁷
625 865 661 920 et
678 852 893 946 cogitarem,
915 853 1077 922 commisi
1095 865 1216 923 tamen
1233 879 1309 941 me,
1319 854 1379 948 ju·

314 962 429 1045 dices,
448 962 540 1030 Heio
561 987 568 1027 :
589 958 745 1056 produxi
767 984 851 1030 eum
877 961 993 1057 prima
1011 961 1168 1049 actione3
1199 988 1320 1059 neque
1341 964 1380 1034 id

310 1086 432 1143 tamen
458 1070 534 1141 ullo
563 1068 724 1166 periculo
745 1066 824 1139 feci.
852 1068 951 1157 Quid
979 1070 1075 1140 enim
1106 1084 1249 1165 poterat
1269 1073 1379 1141 Heius

312 1183 551 1281 respondere,
566 1182 595 1252 si
609 1195 703 1252 esset
718 1180 924 1278 improbus,
942 1184 1041 1253 sisui
1059 1168 1261 1254 dissimilis?
1272 1188 1379 1279 Signa

311 1295 372 1364 illa
390 1293 488 1363 domi
508 1315 581 1362 suae
606 1315 698 1378 esse,
722 1315 799 1361 non
827 1291 926 1388 apud
949 1292 1124 1363 Verrem?
1144 1295 1214 1381 Qui
1237 1308 1378 1389 poterat

313 1400 512 1498 quidquam
540 1397 716 1493 ejusmodi
744 1399 895 1472 dicere?
917 1415 960 1471 ut
981 1398 1123 1472 horno8
1152 1405 1377 1498 turpissimus

314 1523 423 1592 esset,
439 1506 822 1605 impudentissimeque
832 1510 1061 1597 mentiretur,
1073 1511 1144 1581 hoc
1157 1510 1291 1582 diceret
1300 1566 1310 1601 ‚
1319 1512 1379 1583 illa

313 1643 353 1689 se
364 1616 531 1688 habuisse
548 1617 703 1701 venalia,
725 1642 841 1713 eaque
856 1643 949 1706 sese,
964 1622 1093 1714 quanti
1106 1619 1279 1707 voluerit,
1295 1644 1380 1691 ven·

313 1726 455 1798 didisse.
473 1732 591 1797 Homo
607 1725 703 1797 domi
717 1751 789 1796 suae
802 1726 1068 1814 nobilissimus,
1087 1731 1150 1824 qui
1164 1752 1229 1799 vos
1242 1729 1287 1800 de
1299 1729 1379 1800 reli·

313 1840 420 1932 gione
437 1859 501 1906 sua
518 1861 558 1904 ac
574 1834 838 1931 dignitatevere
850 1837 1052 1907 existimare
1069 1839 1247 1908 maxime9
1261 1838 1378 1925 vellet,

312 1948 433 2044 primo
453 1943 560 2031 dixit,
584 1968 622 2014 se
641 1945 749 2014 istum
769 1942 914 2040 publice
935 1943 1101 2032 laudare,
1123 1945 1224 2043 quod
1245 1945 1312 2017 sibi
1329 1952 1378 2018 ita

313 2053 522 2126 mandatum
542 2067 660 2125 esset:
685 2051 817 2123 deinde
838 2078 957 2150 neque
981 2079 1018 2125 se
1043 2054 1104 2125 illa
1127 2055 1293 2127 habuisse
1317 2082 1377 2128 ve·

312 2166 424 2255 nalia3
442 2189 563 2262 neque
575 2162 649 2234 ulla
662 2161 888 2251 conditione,
906 2164 951 2251 si,
961 2178 1083 2233 utrum
1098 2165 1219 2250 vellet,
1235 2164 1375 2253 liceret,

310 2275 441 2346 adduci
466 2298 641 2370 umquam
670 2273 849 2370 potuisse,
874 2286 915 2342 ut
935 2271 1109 2345 venderet
1129 2274 1207 2361 illa,
1234 2299 1314 2372 quae
1338 2277 1376 2346 in

310 2388 464 2456 sacrario
481 2382 633 2454 fuissent
646 2408 666 2453 a
681 2381 880 2477 majoribus
892 2386 966 2453 suis
981 2383 1102 2454 relicta
1116 2399 1154 2454 ct
1166 2384 1305 2455 tradita.

358 2496 452 2561 Vlll.
478 2490 576 2580 Quid
591 2491 707 2580 sedes,
729 2493 881 2563 Verres?
897 2491 986 2588 quid
1003 2496 1210 2590 exspectas?
1230 2494 1319 2591 quid
1339 2509 1375 2568 te

308 2629 329 2673 a
349 2601 583 2697 Centuripina
600 2603 758 2685 civitate,
781 2626 802 2671 a
822 2605 1026 2690 Catinensi,
1052 2602 1096 2674 ah
1123 2606 1305 2692 Halesina,
1327 2604 1374 2675 ab

308 2711 563 2809 Tyndaritana,
583 2712 760 2797 Eunensi,
779 2713 1006 2805 Agyrinensi,
1031 2714 1229 2809 ceterisque
1248 2713 1374 2784 Siciliae

308 2818 513 2893 civitatibus
540 2820 790 2890 circumveniri
812 2834 923 2915 atque
946 2823 1103 2918 opprimi
1129 2822 1241 2893 dicis?
1258 2838 1322 2893 tua
1339 2838 1374 2895 te

309 2934 419 3003 altera
431 2931 562 3029 patria,
581 2928 889 3026 quemadmodum
905 2928 1023 3002 dicere
1037 2933 1190 3017 solebas,
1211 2937 1374 3004 Messana

212 3042 219 3055 '
308 3040 544 3117 circumvenit
559 3066 566 3105 ε
583 3054 662 3125 tua,
678 3042 827 3136 inquam
838 3094 847 3127 ,
860 3044 1040 3127 Messana,
1057 3056 1202 3133 tuorum
1218 3043 1374 3137 adjutrix

307 3150 505 3232 scelerum,
527 3148 719 3219 libidinum
746 3151 865 3234 testis,
893 3149 1093 3247 praedarum
1123 3176 1164 3221 ac
1192 3151 1372 3223 furtorum

305 3256 518 3353 receptrix¹.
536 3254 647 3327 Adest
660 3260 757 3326 enim
772 3259 829 3328 vir
848 3261 1087 3358 amplissimus
1109 3261 1187 3354 ejus
1206 3264 1371 3347 civitatis,

774 3362 780 3387 .

339 3493 365 3539 6.
384 3489 465 3537 Verba
480 3489 546 3546 hnc,
562 3506 594 3537 ne
605 3489 689 3555 sorte,
703 3494 815 3542 Ernestio
860 3493 965 3540 tissimus
991 3505 1053 3540 esset
1079 3506 1103 3542 et
1128 3497 1236 3544 inismis'
1250 3495 1369 3560 pollutus.

306 3580 430 3633 suspects,
444 3568 537 3632 optime
558 3569 815 3636 interprstntanyt·
894 3586 919 3633 9.
942 3571 1055 3618 Maxime
1076 3575 1159 3621 evellet.
1175 3580 1264 3622 Verum
1282 3590 1371 3637 nempe

306 3649 418 3697 tenbach.
433 3646 550 3695 Biblioth.
561 3650 639 3696 critic.
650 3650 675 3708 1,
685 3665 716 3708 n,
732 3666 758 3714 p.
770 3659 826 3711 14„
859 3648 1010 3705 confitendo,
1029 3662 1054 3699 et
1064 3654 1147 3699 Verris
1158 3655 1222 3702 furta
1235 3653 1370 3700 infamiam-

306 3745 349 3791 per
361 3728 458 3791 ellipsin
467 3742 568 3791 graecam
578 3761 585 3787 ‚
597 3724 631 3794 psl
640 3744 707 3778 ποτε.
718 3731 775 3778 J.V.
788 3733 814 3777 L.
859 3744 905 3791 que
919 3728 1065 3791 detegendo.

342 3824 364 3865 ς.
379 3809 438 3854 Hac
451 3806 631 3870 quumscirem.
646 3809 739 3872 Nempe
752 3811 814 3856 Ver·
893 3809 963 3854 Vlll.
984 3823 1006 3854 r.
1025 3810 1153 3857 Furtorum
1174 3810 1301 3874 receptrix.
1314 3810 1370 3857 lloc

304 3899 354 3929 sem
371 3884 402 3929 ab
423 3886 478 3932 nnis
495 3885 647 3935 Mamertinis
661 3887 814 3943 collaudari,
859 3885 919 3932 dicit
932 3897 1033 3949 propter
1047 3888 1154 3952 Cybesm
1176 3905 1279 3948 mrem,
1296 3904 1370 3950 qnsrn

305 3961 440 4023 liciumque
453 3964 505 4022 ejus
522 3980 572 4012 esse
587 3966 713 4028 legationis
722 3965 814 4028 prinei·
858 3964 928 4012 Verri
949 3966 1093 4015 Mamertina
1116 3968 1201 4015 civitas
1215 3967 1282 4014 dono
1295 3966 1369 4013 dede·

303 4053 369 4101 pem.
858 4053 940 4101 rat,ut
953 4045 1015 4091 furta
1026 4062 1068 4093 sun
1079 4046 1253 4110 latrocinisque
1266 4047 1369 4093 Romam

340 4116 364 4161 8.
381 4116 411 4159 Ut
423 4112 494 4160 horno
510 4118 676 4179 turp.Etismsi
687 4118 814 4181 impuden·
857 4134 1000 4187 reportaret.
