3054 4772
493 413 764 487 EXCURSUS
793 412 944 486 XXIII.
1183 417 1257 490 605

148 537 259 621 1000,
281 537 551 628 dejiciemus.
576 516 1259 627 car',0t0.1nnnrnnann,neorunn‚

150 643 351 733 impressis
371 642 490 709 deinde
512 665 532 707 a
556 642 640 707 nob.
667 643 850 732 Stephano,
871 646 950 708 item
972 666 992 708 a
1017 645 1134 711 Carolo
1158 648 1257 715 fraus

152 750 289 835 illius,
309 767 378 835 est,
391 750 471 840 «qui
487 751 521 815 in
537 773 579 816 eo
594 750 669 815 loco
680 766 775 815 esset.
792 751 891 817 Nunc
900 748 966 830 jam
977 772 1072 840 posse
1085 754 1257 822 concodist

155 877 273 941 eum,
294 859 354 946 qui
370 855 550 948 possideat,
566 879 664 947 negas
681 856 776 937 dejici
790 878 885 946 posse
896 887 920 922 ι.
936 858 1004 923 Cur
1018 855 1139 922 horum
1156 857 1257 925 libro·

156 986 253 1028 rum
280 965 461 1030 aliorumve
485 964 711 1029 auctoritatem
736 960 939 1053 repudiarint
959 963 1204 1031 Hottomannus
1227 982 1260 1032 et

158 1069 381 1154 Lambinus,
406 1094 475 1136 non
497 1068 594 1136 video
620 1093 629 1134 ι
653 1069 744 1158 quod
767 1068 917 1135 videatur
940 1069 1110 1135 obscurius
1133 1070 1259 1138 dictum

162 1193 323 1266 propter
338 1187 442 1258 tunsus
460 1176 543 1265 «qui
560 1175 595 1240 in
613 1198 653 1241 eo
665 1176 740 1241 loco
755 1190 876 1257 esset»,
890 1175 923 1239 in
940 1197 980 1240 eo
994 1175 1087 1241 facile
1102 1176 1260 1243 subaudi·

165 1302 258 1347 mus
284 1283 380 1349 toties
403 1283 541 1371 repetita
563 1284 679 1365 verba,
707 1281 830 1348 «uude
854 1280 1046 1362 dejiceretur
1065 1312 1090 1349 ι.
1114 1283 1260 1368 Deinde,

168 1417 184 1442 ι
197 1411 301 1453 nunc
314 1388 381 1469 jam
391 1418 421 1470 v,
437 1410 497 1452 cur
514 1410 713 1476 quemquam
726 1386 896 1452 offendere
909 1385 1047 1470 debent,
1057 1388 1148 1476 qrrod
1159 1390 1260 1478 quin

172 1493 280 1579 quies
296 1493 461 1581 usurparit
476 1493 510 1557 in
528 1515 593 1557 una
608 1491 832 1580 Adelphorum
849 1514 944 1557 scena
959 1492 1153 1559 Terentius?
1167 1495 1260 1584 quod
1343 1523 1347 1534 ·

174 1598 336 1663 Donatus
351 1620 456 1687 quum
469 1598 623 1686 explicat,
641 1597 685 1662 ait
698 1596 783 1680 jam,
802 1597 1058 1664 «incusationem
1076 1621 1146 1665 esse
1160 1600 1261 1666 tardi·

179 1703 263 1767 tatis
275 1734 288 1760 ι
303 1726 311 1768 :
325 1720 364 1769 ut
379 1704 441 1768 hac
458 1703 617 1793 particula
631 1703 712 1766 nihil
725 1702 775 1766 his
791 1703 936 1790 potnerit
952 1725 1022 1769 esse
1037 1705 1258 1775 commodius.

179 1808 321 1890 Cetera,
338 1811 467 1899 opinor,
483 1824 562 1874 sunt
577 1809 632 1873 hic
653 1808 838 1897 planissima
854 1808 973 1874 omnia.
988 1808 1025 1875 P.
1041 1811 1161 1877 Fruar.

234 1915 296 1981 llic
308 1916 399 1981 locus
418 1916 451 1979 in
471 1914 594 1980 Erfurt
614 1916 727 1980 Franc.
739 1913 884 1979 editione
899 1915 1022 2003 prima,
1037 1931 1072 1981 et
1083 1916 1262 1987 Mediolan.

184 2021 236 2087 sic
251 2021 381 2112 legitur,
400 2021 539 2103 «tejam
555 2020 650 2101 dejici
673 2044 783 2111 posse,
804 2022 867 2085 nisi
882 2019 1058 2087 indubium
1077 2021 1142 2111 (ed.
1165 2025 1262 2112 prim.

186 2130 253 2191 urii
266 2127 413 2214 dubium)
430 2149 500 2193 esse
517 2127 615 2192 etiam
631 2148 726 2215 posse
742 2125 907 2191 concedis.
925 2126 1008 2190 Eum
1026 2126 1083 2214 qui
1094 2149 1162 2191 uon
1182 2151 1261 2217 pos·

188 2234 310 2316 sideat,
327 2258 425 2326 negas
439 2235 532 2316 dejici
553 2256 680 2324 posse».
694 2234 850 2322 Suspicor
865 2235 1057 2298 Ciceronem
1075 2233 1262 2322 scripsisse:

188 2341 316 2425 «Quod
332 2343 470 2431 negabas
486 2363 685 2430 quemquam
701 2339 794 2421 dejici
806 2362 918 2429 posse,
934 2339 997 2404 nisi
1013 2338 1070 2428 qui
1085 2340 1117 2405 in
1132 2363 1173 2405 eo
1189 2341 1263 2407 loeo

189 2445 306 2529 fuerit,
324 2446 358 2512 id
374 2445 549 2511 indubium
563 2468 650 2528 esse3
668 2468 758 2511 nunc
775 2445 872 2511 etiam
887 2467 983 2534 posse
998 2444 1160 2512 concedis.
1173 2446 1261 2525 Eum

191 2553 248 2641 qui
263 2574 331 2617 non
347 2550 522 2641 possideat,
539 2574 636 2642 negas
653 2550 747 2634 dejici
760 2574 856 2640 posse
866 2581 889 2617 ι.
905 2550 1015 2616 Gur.

195 2732 1166 2757 mmmmmmmwmm
1169 2736 1259 2757 Μ

357 2911 817 3038 excursus
863 2816 1093 3032 xxiv

277 3134 340 3204 AD
360 3134 637 3205 ORATIONEM
660 3134 750 3204 PRO
775 3133 973 3217 CAECINA,
999 3131 1098 3202 CAP.
1120 3129 1177 3204 32.

606 3297 848 3325 *-

238 3402 439 3466 Coesemu'am
450 3395 622 3486 possedisse
633 3410 764 3486 propter
782 3394 1029 3484 minostrorum,
1044 3412 1106 3463 etc.
1123 3397 1206 3481 Quis
1224 3402 1260 3466 in

190 3505 264 3586 jure
277 3503 362 3569 cirili
382 3526 464 3568 rom.
483 3501 696 3567 'mediocriter
719 3518 881 3583 versatus,
900 3522 967 3566 non
986 3499 1087 3584 videt,
1102 3501 1194 3568 hunc
1208 3505 1259 3570 lo-

192 3633 269 3677 cum
286 3631 356 3675 esse
372 3607 587 3690 mendosum,
604 3630 712 3697 neque
734 3607 874 3678 dubium
894 3629 981 3688 esse,
1003 3608 1102 3696 quin,
1127 3625 1261 3677 mortuo

193 3715 452 3795 usufructuario,
467 3714 620 3802 quirem,
636 3712 729 3794 cujus
742 3713 884 3778 lubebat
896 3715 1157 3795 usumfructum,
1167 3714 1262 3781 virus

53 3882 57 3889 .
193 3824 372 3902 locaverat,
388 3820 482 3884 heres
493 3817 661 3883 fructuarii
676 3817 758 3881 nihil
767 3817 850 3898 juris
861 3817 895 3882 in
913 3841 950 3882 ea
964 3840 1000 3882 re
1011 3816 1145 3899 habent,
1155 3837 1261 3907 quum

194 3927 236 3993 ad
253 3926 441 4009 dominum,
456 3948 515 3990 seu
534 3924 584 4012 (ut
600 3924 773 4012 appellant)
787 3924 1054 4012 proprietarium,
1072 3926 1263 3993 reverterit?

194 4035 279 4100 Nam
295 4034 385 4122 quod
399 4032 531 4122 quidam
546 4030 679 4113 dicunt,
696 4052 799 4095 musae
812 4030 946 4096 servisse
954 4031 1164 4097 Ciceronem:
1181 4032 1261 4122 quid

196 4139 306 4207 minus
323 4138 493 4222 credibile,
514 4161 613 4228 quarn
638 4138 681 4202 ita
699 4158 803 4201 cause
822 4136 976 4217 servisse,
997 4152 1034 4201 nt
1047 4136 1263 4224 impudentis·
