3148 4780
376 380 431 448 m
453 377 673 447 vunnmn
698 379 804 448 scr.
833 377 1000 464 11,L1B.
1022 379 1064 447 v.
1179 377 1249 477 399

194 503 296 576 nullo
309 500 421 572 modo
434 514 593 599 poterat,
612 502 700 596 quin
717 498 902 570 Cleomeni
917 515 1131 596 parceretur.
1145 500 1250 574 Cleo·

195 634 338 683 menem
358 625 484 682 vocat:
500 608 586 679 dicit
605 610 654 695 ei,
675 632 711 679 se
730 610 893 681 statuisse
911 608 1193 683 animadvertere
1209 614 1250 683 in

194 744 320 794 omnes
333 721 548 806 nauarchos3
561 722 608 789 ita
619 722 674 789 sui
689 718 840 815 periculi
856 721 1013 789 rationes
1028 717 1120 790 ferre
1135 745 1175 792 ac
1187 745 1251 819 po·

194 833 336 903 stulare.
346 830 424 902 Tibi
436 834 499 902 uni
509 852 667 927 parcam,
681 842 717 899 et
726 829 837 898 totius
849 829 951 899 istius
962 829 1076 926 culpae'
1092 831 1250 919 crimen,

193 941 568 1038 vituperationemque
605 933 874 1008 inconstantiae⁵
900 939 1023 1035 potius
1045 940 1252 1036 suscipiam,

193 1076 302 1148 quam
325 1064 387 1121 aut
407 1050 444 1120 in
464 1064 502 1118 te
524 1051 591 1117 sim
613 1046 789 1133 crudelis,
810 1060 874 1117 aut
895 1062 1037 1119 tottam
1058 1072 1181 1145 graves
1202 1065 1252 1121 te·

192 1175 262 1231 stes
280 1160 379 1230 vivos
396 1158 668 1251 incolumesque
681 1179 757 1227 esse
771 1158 896 1252 patiar.
910 1158 992 1254 Agit
1007 1160 1136 1253 gratias
1149 1159 1252 1231 Cleo-

191 1291 334 1355 menes,
353 1265 533 1365 approbat
549 1266 762 1353 consilium3
780 1264 883 1352 dicit,
901 1269 949 1337 ita
965 1265 1043 1337 lieri
1060 1284 1250 1365 oportere:

191 1376 363 1448 admonet
378 1390 499 1448 nmen
516 1374 626 1462 illud,
644 1374 745 1470 quod
761 1378 869 1446 istum
885 1372 1042 1473 fugerat,
1059 1377 1096 1446 in
1110 1377 1253 1450 Phalar-

193 1509 294 1581 gum,
316 1487 597 1582 Centuripinum
616 1483 853 1571 navarchum,
876 1509 949 1556 non
971 1510 1076 1584 posse
1092 1489 1251 1561 animad-

194 1597 504 1691 verti,propterea
516 1590 1251 1695 quodsecumluissetunainCenturipina

192 1703 424 1800 quadriremi.
442 1701 540 1791 Quid
559 1703 668 1799 ergo?
691 1704 757 1772 iste
776 1700 886 1772 homo
907 1724 951 1772 ex
971 1704 1148 1799 ejusmodi
1168 1710 1250 1779 civi·

192 1827 282 1900 tate,
303 1812 510 1883 adolescens
531 1810 791 1895 nobilissimus,
813 1812 913 1881 testis
936 1813 1187 1911 relinquetur?
1207 1822 1249 1888 In

192 1925 396 2020 presentia,
424 1922 543 2018 inquit
570 1919 802 2008 Cleomenes,
831 1922 1005 2016 quoniam
1031 1925 1079 1994 ita
1105 1948 1251 1997 necesse

79 2094 82 2101 .
191 2049 267 2121 est;
286 2032 348 2104 sed
363 2048 445 2131 post
458 2031 591 2130 aliquid
608 2029 824 2117 videbimus,
839 2055 886 2100 ne
899 2031 967 2102 iste
985 2031 1091 2103 nobis
1107 2032 1251 2105 obstare

216 2147 314 2214 ossit.

189 2169 215 2241 p
237 2255 327 2323 XLI.
345 2253 428 2322 Haec
442 2263 674 2347 posteaquam
686 2259 763 2317 acta
780 2259 816 2315 et
833 2245 1028 2318 constituta
1045 2263 1145 2333 suut,
1166 2273 1248 2347 pro·

190 2358 286 2432 cedit
310 2362 376 2430 iste
401 2373 549 2457 repente
572 2381 592 2428 e
613 2357 819 2454 pratori0¹‚
842 2352 1084 2460 inflammatus
1100 2359 1252 2448 scelere,

23 2468 26 2477 '
68 2456 71 2463 ’
134 2535 136 2539 ,
189 2467 328 2554 lurore,
341 2466 550 2538 crudelitate
565 2492 573 2535 :
590 2469 628 2535 in
642 2462 762 2535 forum
775 2466 895 2552 renit3
914 2467 1113 2540 nauarchos
1129 2474 1247 2542 vocari

187 2577 300 2674 jubet.
320 2581 392 2669 Qui
413 2575 503 2647 nihil
525 2587 745 2660 metuerent,
771 2572 860 2673 nihil
879 2578 1161 2673 suspicarentur,
1180 2597 1248 2652 sta·

189 2691 255 2757 tim
266 2699 468 2758 accurrunt.
477 2682 764 2757 lstehominibus
772 2686 911 2754 miseris
921 2686 1247 2786 innocentibusque

191 2795 288 2889 injici
302 2805 460 2866 catenas²
475 2797 636 2892 imperat.
653 2793 848 2891 implorare
863 2793 914 2863 illi
925 2791 1033 2864 fidem
1047 2797 1170 2892 populi
1186 2825 1245 2870 ro·

190 2905 306 2991 mani,
320 2919 371 2992 et,
385 2928 495 3000 quare
510 2902 545 2974 id
553 2901 702 2991 faceret,
716 2928 851 2999 rogare.
863 2906 964 2972 Tunc
973 2902 1038 2974 iste
1053 2901 1123 2976 hoc
1135 2929 1248 2979 causae

189 3012 294 3099 dicit,
311 3014 409 3110 quod
427 3013 572 3084 classem
590 3010 820 3110 praedonibus
837 3008 1090 3107 prodidissent.
1107 3015 1162 3084 Fit
1179 3016 1247 3086 cla·

192 3146 272 3195 mor
289 3137 325 3195 et
344 3122 531 3194 admiratio
549 3122 694 3220 populi,
714 3136 847 3192 tantam
870 3142 946 3191 esse
965 3120 1003 3190 in
1021 3120 1169 3195 homine
1189 3128 1249 3195 irn-

224 3363 248 3411 5,
263 3361 445 3410 Inconstantiae.
463 3362 519 3409 Hoc
530 3358 606 3408 verbo
618 3357 694 3422 tigal·
739 3359 769 3407 de
782 3358 910 3408 maerebis
922 3360 1036 3409 naoaadia
1045 3362 1132 3411 Verres
1152 3363 1248 3416 tntme

188 3441 275 3491 fleatur
297 3442 339 3489 bie
365 3441 452 3489 viuum
474 3437 558 3499 illud,
578 3453 628 3501 qao
654 3437 694 3498 ju·
737 3438 1018 3504 simillumarum
1034 3443 1192 3505 proeoloeo
1204 3462 1247 3493 au·

189 3521 270 3586 dispar
287 3520 313 3568 in
330 3535 356 3566 rc
374 3518 427 3583 pari
444 3517 566 3576 redditum
584 3515 652 3581 quod
668 3516 695 3563 iu
737 3518 819 3580 mitur,
829 3518 855 3566 in
867 3532 916 3582 quo
925 3519 965 3579 jur
975 3517 1129 3570 reddebatur.

188 3610 292 3665 penam
300 3599 398 3646 minime
406 3596 532 3651 ferendum
544 3606 593 3659 eat,
606 3596 648 3660 qul
655 3596 694 3656 ju·
707 3655 709 3659 Ι
772 3612 798 3643 a.
813 3595 888 3659 lusici
898 3607 1008 3645 catenas.
1020 3594 1094 3647 cuno
1107 3609 1131 3646 et
1143 3597 1244 3645 cervici·

188 3678 221 3725 ria
234 3677 375 3742 aqurbilem
387 3677 504 3724 rationem
519 3687 600 3723 unere
613 3672 693 3723 debat.
736 3673 799 3733 bnt,
809 3684 837 3723 ut
848 3677 967 3739 wionius
980 3675 1053 3725 dicet.
1064 3702 1100 3714 -
1108 3676 1245 3740 Implorara

188 3781 224 3794 -
240 3759 299 3804 Tam
309 3770 394 3822 graues
405 3764 485 3803 ustas.
498 3753 604 3803 Subaud.
617 3752 694 3801 avari·
737 3751 776 3800 illi
778 3752 866 3819 fidam.
882 3754 946 3818 Quia
960 3754 1071 3817 quamvis
1083 3754 1144 3802 socii
1156 3757 1205 3805 sint
1221 3769 1246 3806 et

189 3832 459 3897 domumquiiiae.
736 3829 861 3887 fedanti,
876 3832 1065 3878 tamentverre
1075 3846 1122 3893 pro
1134 3832 1245 3883 hostibus

224 3915 292 3961 ΧΠ.
318 3928 340 3962 1.
365 3913 388 3958 Ε
402 3911 529 3976 pretorio.
550 3909 695 3959 Praetorium
736 3908 929 3972 tepmdenibna
936 3907 1246 3976 habeatur.-e0puttm·

189 3989 230 4038 laic
246 4000 283 4039 eat
300 3991 387 4039 damus
398 3990 529 4056 pretoria,
549 3990 577 4038 in
592 4003 653 4053 qua,
669 4002 695 4036 re
738 3987 813 4035 mani.
832 3987 897 4035 Libri
910 3987 1067 4051 manmeripti
1084 4002 1189 4053 quatuor
1200 3992 1243 4041 h..

190 4080 247 4116 enm
260 4068 389 4118 cleon-m
404 4068 548 4129 ἀοιῦκιει,
564 4064 695 4115 mltum
738 4065 925 4131 bmtpaeorts.
934 4065 1036 4132 ueoeplt
1045 4068 1139 4120 masa
1149 4070 1243 4127 Hales.
