3142 4774
373 411 426 479 IN
447 410 658 483 VERREM
683 412 793 479 ACT,
816 413 993 496 11,th3.
1019 413 1087 480 111.
1211 437 1282 507 27.

206 548 314 629 atque
334 530 424 602 adeo
442 530 551 602 exitio
566 529 812 625 vectigalium,
831 542 942 601 totam
962 529 1188 601 Hieronicam
1207 529 1258 600 le·

206 664 287 738 gem
307 637 491 710 sustulisti.

254 755 301 821 At
312 774 421 847 quam
440 748 557 847 legem
573 748 738 846 corrigit,
751 747 906 841 judices,
921 762 1029 843 atque
1044 747 1133 820 adeo
1150 762 1259 821 totam

207 860 323 931 tollit?
336 860 536 930 acuussime
553 881 595 931 ac
609 856 878 955 diligentissime
896 859 1083 956 scriptam,
1097 882 1176 954 quoe
1189 884 1262 931 om·

207 968 313 1041 nibus
334 967 525 1039 custodiis'
553 966 755 1063 subjectum
773 982 948 1039 aratorem
971 965 1172 1037 decumano
1189 982 1261 1038 tra·

207 1076 276 1167 dit,
295 1093 337 1149 ut
353 1101 472 1174 neque
490 1079 527 1146 in
547 1075 744 1174 segetibus,
767 1100 886 1172 neque
904 1077 942 1145 in
960 1077 1065 1164 areis,
1086 1100 1206 1173 neque
1224 1079 1263 1149 iu

207 1187 368 1274 horreis,
394 1210 514 1283 neque
538 1189 576 1255 in
602 1185 826 1271 amovendo,
848 1209 967 1282 neque
987 1189 1026 1255 in
1048 1185 1264 1282 asportando

207 1294 408 1382 frumento,
418 1319 529 1391 grano
543 1318 618 1365 uno
628 1292 762 1391 possit3
776 1308 896 1367 arator
905 1297 982 1366 sine
995 1297 1147 1365 maxima
1158 1318 1266 1391 poena

207 1403 373 1475 fraudare
398 1403 650 1475 decumanum.
679 1405 816 1502 Scripta
837 1402 895 1474 lex
918 1403 966 1473 ita
985 1401 1175 1499 diligenter
1194 1416 1266 1489 est,

208 1530 252 1585 ut
275 1538 359 1586 eum
386 1515 567 1610 scripsisse
596 1527 784 1610 appareat,
812 1512 874 1609 qui
899 1511 967 1583 alia
987 1511 1170 1608 vectigalia
1190 1535 1266 1583 non

208 1621 398 1708 haberet&
419 1626 468 1693 ita
487 1636 608 1709 acute,
625 1635 664 1692 ut
681 1622 857 1705 Siculum3
871 1622 921 1693 ita
932 1645 1073 1708 severe,
1091 1636 1133 1692 ut
1147 1636 1267 1717 tyran·

209 1756 320 1819 num;
341 1754 413 1828 qua
430 1726 534 1827 lege⁵
554 1731 680 1802 Siculis
704 1746 825 1807 tamen
845 1755 944 1802 arare
963 1731 1165 1829 expediret:
1183 1755 1267 1801 nam

164 1852 168 1859 '
210 1845 259 1915 ita
280 1842 468 1939 diligenter
490 1844 683 1915 constituta
709 1856 794 1913 sunt
814 1842 897 1936 jura
917 1839 1136 1929 decumano,
1155 1855 1198 1917 ut
1216 1855 1267 1911 ta·

209 1977 293 2024 men
310 1950 356 2022 ab
370 1951 482 2021 invito
494 1965 632 2025 aratore
645 1951 727 2049 plus
742 1950 893 2026 decuma
909 1975 985 2024 non
1000 1952 1112 2048 possit
1124 1950 1267 2022 aulerri.

257 2065 380 2153 Quum
399 2060 474 2132 haec
496 2075 615 2133 essent
634 2063 681 2135 ita
704 2061 919 2149 constituta,
941 2064 1069 2132 Verres
1096 2074 1150 2131 tot
1166 2064 1269 2130 annis

211 2186 319 2269 atque
334 2170 426 2241 adeo
445 2168 600 2244 sacculis6
621 2172 788 2243 inventus
803 2186 876 2259 est,
896 2174 961 2267 qui
981 2170 1057 2241 haec
1076 2195 1151 2240 non
1170 2193 1268 2241 com·

211 2295 383 2369 mutaret,
397 2278 458 2353 sed
473 2296 666 2369 everteret3
679 2306 811 2378 eaque,
821 2305 902 2377 quae
911 2277 1048 2375 jamdiu
1064 2278 1269 2350 adsalutem

210 2391 412 2477 sociorum,
434 2390 696 2488 utilitatemque
721 2389 925 2488 reipublicae
945 2393 1146 2488 composita
1167 2414 1266 2460 eom·

211 2512 407 2596 parataque
439 2512 577 2586 essent,
607 2499 653 2573 ad
681 2523 767 2571 suos
798 2496 1083 2597 improbissimos
1109 2514 1267 2596 quaestus

211 2608 463 2679 converteret:
487 2611 550 2704 qui
578 2611 734 2706 primum
761 2623 877 2681 certos
904 2610 1097 2681 instituerit
1123 2611 1268 2678 nomine

211 2716 449 2804 decumanos,
460 2741 498 2788 re
510 2741 593 2788 vera
605 2721 787 2791 ministros
799 2742 841 2790 ac
853 2718 1020 2789 satellites
1033 2714 1269 2814 cupiditatum

214 2850 369 2897 suarum.
390 2830 455 2897 Per
472 2852 566 2923 quos
578 2828 764 2899 ostendam
780 2831 831 2898 sic
844 2828 1065 2925 provinciam
1079 2849 1143 2925 per
1158 2829 1269 2897 trien-

215 2938 314 3009 nium
327 2951 491 3007 vexatam
503 2951 612 3034 atque
625 2952 795 3013 vastatam
808 2990 818 3023 ,
832 2934 987 3029 judices,
1003 2950 1043 3007 ut
1058 2961 1134 3006 eam
1148 2936 1270 3005 multis

215 3045 318 3114 annis
336 3044 531 3116 multorum
548 3048 753 3119 innocentia
773 3050 1195 3145 sapientiaque-recreare
1209 3070 1270 3115 ne-

214 3176 400 3250 queamus.

215 3335 269 3382 quae
282 3328 352 3366 antea
363 3317 388 3364 in
401 3317 480 3364 Sicilia
494 3317 722 3376 vendebantur,llo·
764 3324 837 3370 -llt
849 3334 986 3384 pronaum.
1000 3323 1034 3371 Ut
1046 3323 1089 3386 qul
1101 3336 1152 3370 sam
1166 3322 1269 3385 scripse·
1288 3322 1293 3326 “

215 3396 423 3458 mavendijussit
436 3407 540 3446 senatus.
666 3411 669 3418 ·
763 3401 811 3459 rit,
828 3412 946 3463 regemet
963 3416 1042 3449 rerum
1062 3400 1171 3448 omnium
1188 3398 1268 3448 dorni·

251 3493 275 3524 a,
291 3476 406 3523 Omnibus
414 3474 535 3529 crastcdir's.
545 3476 663 3527 Omnibus
672 3494 721 3527 mo·
763 3495 821 3527 nuru
835 3479 908 3526 luisse
920 3489 1041 3543 appareat.

215 3555 253 3602 dis
271 3566 365 3617 septum
385 3564 409 3601 et
432 3554 580 3603 custoditum
602 3568 720 3607 aratorem
800 3559 824 3608 5.
840 3559 895 3621 Qua
908 3557 968 3623 Iege.
989 3559 1066 3619 Quas,
1088 3557 1197 3620 quamtis
1220 3566 1267 3603 tam

215 3633 313 3695 subjicit
325 3634 467 3683 decumano.
763 3653 843 3685 serere
853 3639 957 3701 scripta,
969 3637 1002 3685 ad
1010 3635 1147 3684 Siculorum
1155 3634 1270 3682 utilitate·

252 3714 275 3760 3.
290 3712 351 3769 Alii,
360 3724 445 3776 posset.
454 3712 478 3758 J.
488 3713 521 3760 V.
531 3714 560 3759 L.
763 3717 907 3779 pertinebat.

251 3800 275 3849 4.
294 3789 469 3839 Nenlraberet.
483 3792 566 3854 quue
584 3792 720 3841 accuratius
798 3794 821 3840 6.
839 3796 943 3843 Saeculls.
966 3796 1034 3842 Unus
1048 3802 1105 3856 post
1126 3799 1163 3837 tot
1181 3790 1268 3839 rocula

216 3869 247 3916 de
258 3870 288 3916 iis
296 3870 428 3917 retinendis
436 3881 461 3916 et
472 3867 645 3933 amplificandis
654 3872 720 3934 cogi·
762 3874 850 3921 Verres
861 3873 972 3921 inventus
985 3882 1033 3927 est„
1042 3870 1099 3932 qui,
1112 3878 1159 3916 etc.
1179 3871 1268 3917 Orato-

215 3947 503 3997 tam-vesteraria.
512 3961 719 3999 e.acutumetna·
763 3952 799 3999 rie
814 3966 821 3999 t
835 3967 889 3998 nam
902 3950 933 3998 ab
942 3950 1156 4009 Hieronismorte,
1166 3948 1190 3997 lt.
1205 3965 1227 3997 e.
1237 3948 1268 3997 ab

216 4037 269 4074 tura
276 4039 467 4076 controversum.
480 4028 543 4077 Nam
551 4040 646 4091 gentem
656 4030 722 4077 Sicu·
763 4047 828 4079 anno
844 4031 875 4078 tt.
887 4030 916 4077 C.
933 4030 981 4077 558
994 4028 1026 4076 ad
1042 4028 1123 4077 Verris
1140 4038 1270 4093 praeturam

217 4106 263 4165 lam
275 4108 325 4170 ipse
338 4107 373 4153 sic
385 4106 498 4154 describit
512 4108 538 4159 in
548 4109 633 4168 Bruto,
642 4127 665 4157 c.
681 4122 721 4157 ta.
764 4110 821 4157 anni
835 4121 891 4159 sunt
903 4118 995 4159 tantum
1011 4116 1067 4164 sta.
