3200 4768
388 426 452 522 178
781 402 1080 494 nxcuasus'

383 546 491 613 videre
502 546 610 626 vellet,
623 562 681 609 aut
691 544 803 609 caelum
813 574 843 626 υ,
858 561 896 608 ut
908 543 1010 632 plebis
1022 544 1156 632 gratiam
1170 546 1232 610 sibi
1244 548 1437 632 conciliaret,

384 653 476 734 tulit,
491 683 503 708 s
516 669 554 716 ut
576 652 765 739 Sempronia
786 650 837 713 lex
857 651 1067 714 frumentaria
1083 651 1211 716 valeret
1224 682 1241 715 ιι
1257 654 1318 718 Sed
1336 654 1437 744 legem

384 759 484 840 banc,
506 774 544 823 ut
566 757 667 821 Livias
689 776 801 818 omnes
826 755 919 835 alias,
936 756 1038 819 latore
1055 756 1293 844 inmagistratu
1312 762 1438 841 occiso,

380 880 526 943 senatus,
550 862 697 947 Philippo
719 861 854 923 consule
874 861 1051 943 referente,
1069 861 1242 950 abrogavit
1266 866 1332 930 Lir.
1354 868 1437 953 Epit.

379 970 495 1034 LXXI.
509 968 594 1031 Flor.
611 967 675 1044 ΙΙΙ,
699 988 747 1052 ¹7·
767 969 882 1031 Ascon.
900 965 940 1030 ad
960 967 1194 1031 Cornelianum.

423 1080 453 1141 A
472 1071 569 1136 Drusi
587 1086 692 1135 morte
711 1071 828 1135 sociale
850 1071 973 1137 belluna
987 1073 1094 1138 statim
1112 1074 1237 1138 exarsit.
1258 1073 1298 1138 ld
1314 1076 1439 1163 excepit
1537 1124 1541 1131 .

378 1178 488 1257 civile3
512 1177 578 1239 into
608 1176 709 1239 multa
734 1176 854 1258 civilia,
885 1200 957 1264 quaa
982 1195 1048 1241 tam
1072 1195 1267 1266 occupatum
1294 1179 1438 1247 habuere

376 1284 533 1374 populum
556 1304 745 1365 romanum,
762 1301 799 1348 ut
815 1307 857 1349 ne
872 1285 987 1366 injecta
1005 1285 1137 1373 quidem
1152 1309 1169 1350 a
1184 1266 1323 1350 tribunis
1339 1289 1438 1353 fuerit

374 1391 497 1455 mentio
519 1389 616 1454 ullius
634 1389 822 1477 larg‘tionis.
838 1391 883 1454 Ut
900 1407 1028 1473 autent,
1046 1391 1144 1456 rebus
1160 1393 1365 1481 compositis,
1383 1396 1437 1457 in·

370 1496 426 1575 jici
447 1516 513 1559 non
536 1510 661 1581 posset,
683 1494 759 1557 fecit
781 1493 884 1577 Sulla,
906 1496 963 1583 qui
989 1519 1092 1583 quum
1115 1497 1281 1561 invasisset
1300 1521 1434 1588 rempu-
1531 1484 1548 1541 Ἰ

372 1601 506 1681 blicam,
529 1598 669 1664 tribunis
691 1622 789 1664 omne
806 1600 859 1680 jus
880 1600 990 1689 legum
1010 1600 1218 1665 ferendarum
1236 1601 1365 1666 ademit.
1384 1605 1433 1668 Eo

370 1707 504 1772 consilio
521 1706 690 1771 turbarum
701 1728 739 1769 ac
753 1704 951 1770 seditionum
966 1706 1130 1770 exstinctae
1144 1724 1222 1772 sunt
1242 1711 1346 1789 faces,
1361 1732 1433 1796 quae

372 1831 479 1878 manen
493 1812 579 1876 Sulla
593 1828 725 1875 mortuo
739 1834 825 1875 anno
842 1810 917 1898 675,
934 1813 1041 1876 statim
1053 1813 1212 1895 revisere,
1226 1837 1329 1901 quum
1344 1816 1432 1902 plebs

371 1920 429 1983 niti
450 1918 548 2005 coepit
564 1933 602 1981 ut
619 1916 786 1980 tribunitia
809 1933 948 2006 potestas
966 1919 1001 1981 in
1017 1918 1180 2005 integrum
1196 1920 1427 1985 restitueretur.

369 2027 432 2091 Res
454 2024 516 2087 fuit
536 2046 594 2112 per
614 2022 734 2086 multos
753 2046 856 2087 annos
876 2024 999 2113 magnis
1016 2024 1281 2088 contentionibus
1295 2026 1430 2104 jactata:

370 2130 557 2197 consulibus
583 2143 714 2192 strenue
732 2127 899 2192 tuentibus
924 2127 1257 2209 senatusconsultum,
1274 2150 1340 2215 quo
1361 2147 1432 2195 acta

261 2304 267 2315 „
368 2237 463 2303 Sullae
482 2232 772 2314 confirmabantur3
794 2233 889 2320 plebe
904 2256 981 2298 vero
999 2256 1124 2298 summa
1142 2235 1173 2296 vi
1189 2251 1360 2323 pugnante
1370 2259 1430 2321 ne,

369 2342 502 2428 spoliata
525 2338 674 2426 praesidio
695 2339 882 2420 tribunitio,
903 2339 1088 2427 potentium
1110 2337 1237 2404 libidini
1256 2340 1429 2420 subjicere·

370 2463 435 2509 tur.
450 2445 574 2509 Sallust.
591 2444 761 2532 fragment.
775 2445 831 2509 lib.
846 2445 914 2528 Ill,
931 2445 951 2510 8
967 2462 1000 2509 et
1015 2468 1104 2532 seqq.

416 2549 444 2613 5.
468 2547 614 2613 Tandem
630 2570 717 2613 anno
733 2546 816 2631 680,
837 2565 930 2614 tanto
950 2550 1076 2637 impetu
1097 2550 1188 2639 plebs
1206 2567 1317 2615 coorta
1333 2569 1382 2615 cst
1394 2554 1427 2616 in

368 2674 493 2745 patres,
515 2670 554 2718 ut
575 2652 724 2717 sustineri
747 2655 884 2742 amplius
907 2677 975 2718 non
1001 2671 1119 2741 posset.
1144 2656 1258 2742 ltaque
1279 2644 1427 2722 consules

369 2763 438 2842 ejus
451 2759 529 2823 anni
548 2760 583 2822 C.
603 2759 745 2841 Cassius,
765 2774 797 2822 et
813 2759 860 2822 M.
878 2758 1051 2822 Terentius
1063 2758 1235 2840 Lucullus,
1249 2776 1286 2823 ut
1297 2761 1427 2848 plebem

367 2867 553 2947 delinirent,
571 2880 604 2928 et
622 2882 660 2928 ut
679 2887 748 2928 rem
770 2864 929 2952 integram
949 2865 984 2927 in
1003 2862 1179 2929 adventum
1195 2864 1355 2954 Pompeii,
1369 2869 1427 2955 qui

368 2992 438 3038 tum
455 2973 489 3034 in
506 2970 658 3058 Hispania
670 2969 791 3035 bellum
806 2992 881 3034 cum
896 2969 1040 3035 Sertorio
1056 2972 1203 3061 gerebat,
1224 2973 1250 3035 si
1269 2995 1333 3060 qua
1351 2997 1426 3061 pos·

366 3094 456 3157 sent,
479 3075 660 3156 rejicerent,
684 3076 927 3141 frumentariam
945 3078 1050 3166 legem
1071 3078 1194 3142 ualere:
1214 3102 1281 3166 quo
1300 3078 1426 3143 blandi·

367 3198 478 3246 mento
498 3181 588 3271 plebs
608 3181 750 3267 quietem
767 3181 832 3271 egit
844 3204 949 3271 usque
966 3182 1008 3249 ad
1022 3207 1146 3249 annum
1159 3184 1241 3264 683,
1259 3207 1325 3271 quo
1335 3162 1425 3253 ,anno

367 3287 541 3373 Pompeius
558 3302 590 3350 et
603 3288 734 3351 Crassus
752 3289 842 3355 Coss.
862 3289 1065 3355 tribunitiam
1082 3304 1289 3377 potestatem,
1302 3311 1339 3352 ea
1354 3290 1424 3378 lege

366 3417 463 3484 quam
475 3394 591 3481 saepius
601 3416 713 3459 omnes
726 3396 963 3484 vituperavere,
976 3397 1010 3458 in
1023 3397 1185 3482 integrum
1201 3393 1422 3460 restituerunt.

366 3503 442 3566 Haee
460 3515 508 3563 est
526 3499 577 3562 illa
597 3498 647 3563 lex
665 3499 957 3578 Terentia-Cassia,
975 3520 1073 3585 quam
1091 3497 1203 3561 Cicero
1226 3498 1326 3561 altero
1346 3522 1424 3564 con·

362 3623 471 3673 tentus
488 3605 620 3669 nomine
635 3603 1033 3693 quandoqueTerentiam
1045 3617 1149 3666 vocat
1165 3603 1421 3669 Frumentariam

364 3716 462 3779 fuisse
475 3711 665 3801 intelligitur
678 3733 717 3776 ex
734 3710 848 3776 eodem
863 3708 1035 3789 Cicerone,
1051 3708 1086 3771 in
1106 3707 1198 3771 Verr.
1216 3707 1280 3784 111,
1296 3708 1349 3794 69t
1376 3711 1421 3773 Ea

361 3800 447 3910 lege,
464 3821 563 3885 Siculi
583 3817 659 3884 dare
675 3818 868 3883 tenebantur
882 3815 1030 3902 imperati
1046 3814 1145 3879 tritici
1163 3814 1296 3878 nomine
1315 3816 1420 3887 octin-

362 3944 458 4011 genta
475 3926 573 4001 millia
591 3923 756 4002 modium,
778 3943 837 4007 pro
859 3919 978 4006 quibus
1002 3919 1165 3985 sestertios
1188 3934 1363 4006 quaternos
1385 3922 1419 3984 in

362 4027 508 4091 modium
525 4028 731 4114 accipiebant.

402 4131 745 4197 Terentiam-Cassiam
767 4131 846 4220 legis
866 4132 997 4195 nomine
1018 4130 1169 4219 appellari
1188 4129 1306 4195 debere
1325 4148 1419 4221 negat
