3116 4774
379 412 574 480 ultimo
601 411 705 505 ano
728 411 764 477 A.
791 407 1002 477 ciectus.
1150 404 1219 476 505

167 533 284 631 gitur?
305 534 456 619 Nonne,
479 534 507 601 si
526 528 679 602 verbum
701 533 802 626 sequi
822 527 1007 615 volumus,
1027 527 1097 599 hoc
1115 526 1222 599 intel-

163 645 312 741 ligamus
338 644 483 712 necesse
511 654 583 726 est,
610 663 692 710 eum
722 638 882 726 detrudi,
907 638 966 710 cui
989 661 1115 709 manus
1133 636 1220 711 alfe-

163 752 314 822 rantur?
342 755 494 823 Necesse
523 763 595 836 est‚
628 751 801 845 inquam,
831 749 860 818 si
887 746 930 817 ad
963 744 1113 815 verbum
1142 771 1220 817 rem

163 861 329 933 volumus
355 864 564 957 attingere⁷‚
591 860 773 929 neminem
795 853 912 928 statn⁸
931 855 1137 940 detrusum,
1156 857 1221 952 qui

163 993 261 1056 uon,
286 969 444 1040 adhibita
469 970 525 1056 vi,
549 992 658 1039 manu
684 967 866 1055 demotus,
888 980 923 1037 et
943 979 1043 1036 actus
1062 988 1220 1070 praeceps

162 1079 388 1177 intelligatur.
409 1078 577 1173 Dejectus
594 1103 680 1150 vero
697 1080 762 1175 qui
778 1091 898 1175 potest
917 1100 993 1147 esse
1008 1078 1220 1173 quisquam,

160 1190 229 1260 nisi
249 1190 288 1259 in
305 1188 513 1267 inferiorem
536 1189 656 1259 locum
677 1187 722 1259 de
740 1190 923 1286 superiore
941 1187 1081 1256 motus?
1102 1191 1221 1257 Potest

161 1297 305 1394 pulsus,
332 1297 498 1393 fugatus,
522 1298 659 1392 ejectus
682 1297 862 1393 denique3
889 1296 978 1367 illud
1004 1320 1091 1367 vero
1116 1296 1218 1367 nullo

161 1404 270 1475 modo
287 1419 423 1502 potest,
440 1404 602 1499 dejectus
619 1430 695 1477 esse
707 1410 920 1503 quisquam,
940 1431 1016 1477 nou
1032 1405 1142 1476 modo
1156 1408 1219 1503 qui

160 1527 275 1585 tactus
303 1539 378 1584 non
404 1515 467 1600 sit,
486 1514 547 1585 sed
573 1540 619 1585 ne
647 1539 752 1610 atquo
775 1515 920 1612 quidem
941 1530 977 1585 et
997 1514 1106 1612 plano
1123 1516 1216 1586 loco.

160 1620 258 1711 Quid
291 1624 401 1719 ergo?
432 1623 502 1695 hoc
533 1622 763 1695 interdictum
792 1638 960 1719 putamus
987 1648 1113 1695 eorum
1142 1648 1218 1695 esse

159 1756 265 1803 causa
283 1735 541 1831 compositum,
559 1735 623 1831 qui
645 1759 682 1805 se
703 1733 942 1830 praecipitatos
956 1758 999 1804 ex
1018 1733 1103 1804 locis
1118 1728 1219 1831 supe·

160 1842 317 1913 rioribus
343 1842 526 1914 dicerent?
556 1868 618 1915 eos
646 1847 743 1916 enim
771 1868 855 1916 vere
883 1868 1072 1941 possumus
1099 1843 1217 1914 dicere

160 1975 237 2022 esse
260 1953 429 2046 dejectos.
1168 2037 1170 2040 ,

206 2066 335 2132 XVIll.
360 2066 414 2135 An
439 2087 536 2149 non,
560 2066 674 2159 quum
697 2062 882 2150 voluntas,
898 2079 935 2134 et
952 2063 1160 2151 consilium,
1181 2078 1217 2132 et

158 2172 334 2241 sententia
361 2171 542 2242 interdicti
573 2172 811 2267 intelligatur,
838 2171 1098 2268 impudentiam
1121 2196 1217 2242 sum·

54 2330 58 2339 ·
159 2295 335 2368 mam,aut
353 2282 541 2354 stultitiam
561 2282 776 2378 singularem
796 2280 1021 2379 putabimus,
1039 2280 1216 2352 iuverbo·

156 2413 238 2458 rum
265 2414 387 2461 errore
411 2391 585 2476 versari¹3
607 2416 705 2479 rem,
727 2405 762 2462 et
785 2415 948 2479 causam,
973 2406 1008 2462 et
1026 2391 1215 2462 utilitatem

157 2523 390 2578 communem
420 2525 495 2570 non
527 2502 732 2598 relinquere
757 2502 894 2588 solum,
920 2500 984 2572 sed
1008 2502 1114 2571 etiam
1132 2527 1216 2599 pro-

22 2682 27 2689 .
156 2606 264 2678 dere?
290 2612 346 2678 An
376 2609 447 2678 hoe
477 2607 628 2680 dubium
657 2625 728 2693 est,
756 2615 846 2708 quin
872 2636 992 2707 neque
1018 2610 1215 2682 verborum

48 2770 71 2797 „
157 2717 255 2785 tanta
272 2721 375 2814 copia
391 2718 437 2788 sit
453 2743 530 2788 uon
545 2719 656 2789 modo
672 2722 711 2791 in
726 2736 848 2791 nostra
868 2720 1007 2817 lingua,
1029 2746 1108 2817 quae
1131 2721 1215 2793 dici·

157 2839 218 2894 tur
235 2849 312 2896 esse
330 2830 475 2925 iuops²,
501 2827 564 2900 sed
586 2855 633 2901 ne
653 2833 692 2901 in
716 2831 782 2901 alia
812 2830 961 2928 quidem
982 2831 1073 2917 ulla,
1096 2856 1152 2900 res
1176 2847 1216 2902 ut

157 2958 282 3005 omnes
301 2937 374 3007 suis
392 2940 497 3008 certis
518 2963 559 3009 ac
577 2942 732 3038 propriis
753 2938 938 3010 vocabulis
953 2939 1215 3037 nominentur?

21 3126 39 3137 Α,
156 3069 276 3142 neque
291 3070 377 3117 vero
394 3048 591 3144 quidquam
611 3074 702 3146 opus
723 3050 767 3119 sit
786 3046 924 3134 verbis,
944 3071 1056 3143 quum
1076 3070 1118 3115 ea
1136 3071 1214 3131 res,

21 3140 28 3193 i
63 3216 65 3219 ,
156 3156 259 3249 cujus
273 3180 377 3228 causa
388 3156 497 3228 verba
511 3160 657 3255 quaesita
672 3162 763 3244 sint,
779 3158 1019 3254 intelligatur?
1037 3159 1126 3246 Quae
1141 3156 1213 3243 lex,

191 3349 214 3392 7.
225 3333 252 3379 Si
257 3332 294 3379 ad
300 3333 402 3380 verbum
411 3348 462 3381 rem
470 3334 583 3381 volumus
592 3334 663 3381 attin·
706 3337 832 3396 Muretus,
848 3356 860 3375 ιι
869 3335 989 3383 nemiuem
1007 3345 1111 3383 statuere
1129 3336 1211 3383 detru-

151 3411 663 3476 gere.Voxattingereaglossumihinddiu
705 3430 787 3461 sumn.
801 3416 912 3465 J.v.12.

155 3489 257 3537 videtur.
273 3489 416 3537 Gulielmius
429 3501 510 3539 tuetur
523 3491 660 3555 vulgatum,
739 3494 833 3542 xvm.
849 3508 871 3542 1.
884 3495 914 3539 In
927 3492 1055 3540 verborum
1068 3508 1149 3540 errore
1160 3508 1214 3539 ver-

152 3568 196 3615 illo
209 3568 287 3616 Plauti
300 3580 431 3617 mereatore
441 3583 448 3618 :
460 3591 472 3610 u
481 3571 543 3632 Quae
555 3571 662 3619 nihilat·
703 3571 762 3618 sari.
782 3571 862 3619 Verba
875 3580 985 3635 captare,
1005 3587 1110 3634 quorum
1124 3586 1212 3634 anceps

153 3647 250 3712 tingunt
266 3648 298 3713 ad
316 3664 385 3707 rem,
400 3663 479 3711 neque
498 3662 555 3698 suut
574 3650 659 3700 usui».
704 3661 729 3697 et
748 3648 821 3697 dubia
839 3650 982 3714 plerumque
1004 3647 1149 3713 significatio
1166 3665 1212 3697 uus

154 3727 236 3775 Guur.
249 3755 284 3764 -
294 3729 358 3790 lego
368 3744 424 3775 eum
434 3730 600 3777 llottomanuo
612 3729 660 3776 ud·
704 3728 773 3776 tallia.
786 3732 889 3777 Ptssru.

153 3805 275 3870 stringere.
297 3808 360 3855 Nam
381 3806 438 3854 tab.
458 3809 522 3866 Vll,
546 3816 579 3863 t:
594 3810 661 3855 «Est
739 3824 765 3856 a.
782 3809 840 3870 Quor
853 3807 942 3855 dicitur
958 3806 1098 3871 essetirops.
1117 3790 1210 3855 Lueret.

153 3885 216 3931 enirn
224 3885 549 3934 servitusadcertaseverba
558 3886 659 3935 adstrin-
701 3886 745 3935 lib.
762 3889 815 3934 111:
834 3908 845 3926 ι·
856 3901 919 3948 saepe
933 3886 1021 3933 Dicere
1036 3902 1083 3933 uos
1098 3886 1212 3950 prohibet

154 3962 224 4026 geutli
235 3964 271 4009 vis
280 3986 299 4012 ι».
311 3968 411 4015 Pisum.
420 3993 449 4002 -
462 3963 504 4014 Al.
516 3966 658 4023 emendant,
702 3966 775 4031 patrii
783 3965 900 4013 sermonis
906 3975 1023 4028 egestus».
1030 3965 1207 4014 Manial.«Ne

153 4042 263 4107 alligurq.
278 4043 303 4090 J.
316 4045 347 4089 V.
363 4046 389 4093 L.
696 4045 740 4101 ‚bis
751 4062 801 4092 nou
814 4045 871 4093 lieet
884 4060 935 4091 esse
956 4056 1003 4091 tarn
1022 4044 1145 4094 disertis».
1160 4047 1208 4093 Tu·

190 4121 213 4167 8.
238 4120 321 4170 lumb.
346 4124 424 4170 nutui.
444 4126 498 4174 Jam
521 4135 658 4174 correxerat
703 4125 1211 4191 seul.lltuGraecorumcopiosiorestlin-
