<?xml version="1.0" encoding="UTF-8"?>
<!DOCTYPE html PUBLIC "-//W3C//DTD XHTML 1.0 Transitional//EN"
    "http://www.w3.org/TR/xhtml1/DTD/xhtml1-transitional.dtd">
<html xmlns="http://www.w3.org/1999/xhtml" xml:lang="en" lang="en">
 <head>
  <title>
</title>
<meta http-equiv="Content-Type" content="text/html;charset=utf-8" />
  <meta name='ocr-system' content='tesseract 3.04.00' />
  <meta name='ocr-capabilities' content='ocr_page ocr_carea ocr_par ocr_line ocrx_word'/>
</head>
<body>
  <div class='ocr_page' id='page_1' title='image "./mtciceronisquae00bouigoog_0618.png"; bbox 0 0 3016 4774; ppageno 0'>
   <div class='ocr_carea' id='block_1_1' title="bbox 16 438 1205 1808">
    <p class='ocr_par' dir='ltr' id='par_1_1' title="bbox 16 438 1205 1808">
     <span class='ocr_line' id='line_1_1' title="bbox 459 438 1174 511; baseline 0.001 -1"><span class='ocrx_word' id='word_1_1' title='bbox 459 441 742 511; x_wconf 87' lang='lat' dir='ltr'>EXCURSUS</span> <span class='ocrx_word' id='word_1_2' title='bbox 762 441 829 509; x_wconf 74' lang='lat' dir='ltr'><strong>,VL</strong></span> <span class='ocrx_word' id='word_1_3' title='bbox 1105 438 1174 511; x_wconf 81' lang='grc'><strong>565</strong></span> 
     </span>
     <span class='ocr_line' id='line_1_2' title="bbox 103 559 1177 652; baseline -0.002 -24"><span class='ocrx_word' id='word_1_4' title='bbox 103 581 211 652; x_wconf 87' lang='lat' dir='ltr'><strong>atque</strong></span> <span class='ocrx_word' id='word_1_5' title='bbox 233 561 308 626; x_wconf 89' lang='lat' dir='ltr'><strong>ideo</strong></span> <span class='ocrx_word' id='word_1_6' title='bbox 324 560 518 651; x_wconf 79' lang='lat' dir='ltr'><strong>negligentia</strong></span> <span class='ocrx_word' id='word_1_7' title='bbox 530 559 655 649; x_wconf 74' lang='lat' dir='ltr'><strong>prediti</strong></span> <span class='ocrx_word' id='word_1_8' title='bbox 671 576 780 644; x_wconf 92' lang='lat' dir='ltr'><strong>erant,</strong></span> <span class='ocrx_word' id='word_1_9' title='bbox 799 560 949 625; x_wconf 81' lang='lat' dir='ltr'><strong>consulto</strong></span> <span class='ocrx_word' id='word_1_10' title='bbox 967 563 1177 651; x_wconf 73' lang='lat' dir='ltr'><strong>pretermise-</strong></span> 
     </span>
     <span class='ocr_line' id='line_1_3' title="bbox 103 664 1177 757; baseline -0.002 -24"><span class='ocrx_word' id='word_1_11' title='bbox 103 671 173 753; x_wconf 75' lang='lat' dir='ltr'><strong>rit,</strong></span> <span class='ocrx_word' id='word_1_12' title='bbox 191 665 281 757; x_wconf 91' lang='lat' dir='ltr'><strong>quod</strong></span> <span class='ocrx_word' id='word_1_13' title='bbox 296 668 402 757; x_wconf 90' lang='lat' dir='ltr'><strong>ipsum</strong></span> <span class='ocrx_word' id='word_1_14' title='bbox 418 665 452 729; x_wconf 92' lang='lat' dir='ltr'><strong>in</strong></span> <span class='ocrx_word' id='word_1_15' title='bbox 470 666 531 731; x_wconf 87' lang='lat' dir='ltr'><strong>hac</strong></span> <span class='ocrx_word' id='word_1_16' title='bbox 548 666 661 732; x_wconf 89' lang='lat' dir='ltr'><strong>eadem</strong></span> <span class='ocrx_word' id='word_1_17' title='bbox 677 688 789 731; x_wconf 87' lang='lat' dir='ltr'><strong>rursus</strong></span> <span class='ocrx_word' id='word_1_18' title='bbox 813 664 959 730; x_wconf 87' lang='lat' dir='ltr'><strong>oratione</strong></span> <span class='ocrx_word' id='word_1_19' title='bbox 977 667 1097 733; x_wconf 85' lang='lat' dir='ltr'><strong>factum</strong></span> <span class='ocrx_word' id='word_1_20' title='bbox 1113 684 1177 748; x_wconf 92' lang='lat' dir='ltr'><strong>est,</strong></span> 
     </span>
     <span class='ocr_line' id='line_1_4' title="bbox 104 764 1205 859; baseline -0.003 -21"><span class='ocrx_word' id='word_1_21' title='bbox 104 774 143 838; x_wconf 91' lang='lat' dir='ltr'><strong>in</strong></span> <span class='ocrx_word' id='word_1_22' title='bbox 157 774 211 837; x_wconf 87' lang='lat' dir='ltr'><strong>illa</strong></span> <span class='ocrx_word' id='word_1_23' title='bbox 228 772 348 837; x_wconf 86' lang='lat' dir='ltr'><strong>scilieet</strong></span> <span class='ocrx_word' id='word_1_24' title='bbox 361 772 493 854; x_wconf 87' lang='lat' dir='ltr'><strong>lacuna,</strong></span> <span class='ocrx_word' id='word_1_25' title='bbox 505 793 577 859; x_wconf 78' lang='lat' dir='ltr'><strong>quae</strong></span> <span class='ocrx_word' id='word_1_26' title='bbox 589 771 741 836; x_wconf 88' lang='lat' dir='ltr'><strong>asterisco</strong></span> <span class='ocrx_word' id='word_1_27' title='bbox 758 785 868 835; x_wconf 87' lang='lat' dir='ltr'><strong>notata</strong></span> <span class='ocrx_word' id='word_1_28' title='bbox 878 764 927 835; x_wconf 82' lang='lat' dir='ltr'><strong>est</strong></span> <span class='ocrx_word' id='word_1_29' title='bbox 937 771 1038 856; x_wconf 83' lang='lat' dir='ltr'><strong>infra,</strong></span> <span class='ocrx_word' id='word_1_30' title='bbox 1052 789 1085 837; x_wconf 91' lang='lat' dir='ltr'><strong>et</strong></span> <span class='ocrx_word' id='word_1_31' title='bbox 1095 773 1177 836; x_wconf 90' lang='lat' dir='ltr'><strong>Ver·</strong></span> <span class='ocrx_word' id='word_1_32' title='bbox 1201 849 1205 855; x_wconf 18' lang='grc' dir='ltr'><strong><em>ι</em></strong></span> 
     </span>
     <span class='ocr_line' id='line_1_5' title="bbox 104 876 1179 967; baseline 0.001 -25"><span class='ocrx_word' id='word_1_33' title='bbox 104 879 184 943; x_wconf 91' lang='lat' dir='ltr'><strong>rina</strong></span> <span class='ocrx_word' id='word_1_34' title='bbox 199 879 255 960; x_wconf 86' lang='lat' dir='ltr'><strong>IV,</strong></span> <span class='ocrx_word' id='word_1_35' title='bbox 267 876 402 959; x_wconf 62' lang='lat' dir='ltr'><strong>versv,</strong></span> <span class='ocrx_word' id='word_1_36' title='bbox 422 892 454 941; x_wconf 90' lang='lat' dir='ltr'><strong>et</strong></span> <span class='ocrx_word' id='word_1_37' title='bbox 469 876 545 941; x_wconf 87' lang='lat' dir='ltr'><strong>alibi</strong></span> <span class='ocrx_word' id='word_1_38' title='bbox 564 876 761 966; x_wconf 82' lang='lat' dir='ltr'><strong>frequenter.</strong></span> <span class='ocrx_word' id='word_1_39' title='bbox 775 876 852 941; x_wconf 87' lang='lat' dir='ltr'><strong>Meo</strong></span> <span class='ocrx_word' id='word_1_40' title='bbox 867 876 967 967; x_wconf 83' lang='lat' dir='ltr'><strong>igitur</strong></span> <span class='ocrx_word' id='word_1_41' title='bbox 976 877 1097 958; x_wconf 86' lang='lat' dir='ltr'><strong>judicio</strong></span> <span class='ocrx_word' id='word_1_42' title='bbox 1118 881 1179 943; x_wconf 88' lang='lat' dir='ltr'><strong>tale</strong></span> 
     </span>
     <span class='ocr_line' id='line_1_6' title="bbox 105 980 1180 1074; baseline -0.002 -25"><span class='ocrx_word' id='word_1_43' title='bbox 105 983 281 1074; x_wconf 84' lang='lat' dir='ltr'><strong>quidpiam</strong></span> <span class='ocrx_word' id='word_1_44' title='bbox 300 983 551 1072; x_wconf 68' lang='lat' dir='ltr'><strong>praetermissum</strong></span> <span class='ocrx_word' id='word_1_45' title='bbox 567 999 625 1048; x_wconf 87' lang='lat' dir='ltr'><strong>est.</strong></span> <span class='ocrx_word' id='word_1_46' title='bbox 642 1013 656 1039; x_wconf 70' lang='grc' dir='ltr'>ι</span> <span class='ocrx_word' id='word_1_47' title='bbox 667 982 758 1066; x_wconf 89' lang='lat' dir='ltr'><strong>Quid</strong></span> <span class='ocrx_word' id='word_1_48' title='bbox 775 980 875 1069; x_wconf 76' lang='lat' dir='ltr'><strong>ergo?</strong></span> <span class='ocrx_word' id='word_1_49' title='bbox 890 981 955 1047; x_wconf 86' lang='lat' dir='ltr'><strong>hoc</strong></span> <span class='ocrx_word' id='word_1_50' title='bbox 968 1006 1065 1071; x_wconf 79' lang='lat' dir='ltr'><strong>quum</strong></span> <span class='ocrx_word' id='word_1_51' title='bbox 1082 983 1180 1048; x_wconf 81' lang='lat' dir='ltr'><strong>habet</strong></span> 
     </span>
     <span class='ocr_line' id='line_1_7' title="bbox 104 1087 1179 1174; baseline 0.001 -21"><span class='ocrx_word' id='word_1_52' title='bbox 104 1088 202 1154; x_wconf 77' lang='lat' dir='ltr'><strong>rimi</strong></span> <span class='ocrx_word' id='word_1_53' title='bbox 214 1087 310 1154; x_wconf 83' lang='lat' dir='ltr'>Unde</span> <span class='ocrx_word' id='word_1_54' title='bbox 324 1090 357 1154; x_wconf 85' lang='lat' dir='ltr'><strong>ri</strong></span> <span class='ocrx_word' id='word_1_55' title='bbox 370 1105 407 1154; x_wconf 92' lang='lat' dir='ltr'><strong>tu</strong></span> <span class='ocrx_word' id='word_1_56' title='bbox 423 1089 516 1154; x_wconf 86' lang='lat' dir='ltr'><strong>ilium</strong></span> <span class='ocrx_word' id='word_1_57' title='bbox 534 1088 693 1170; x_wconf 88' lang='lat' dir='ltr'><strong>dejecisti,</strong></span> <span class='ocrx_word' id='word_1_58' title='bbox 710 1111 750 1153; x_wconf 89' lang='lat' dir='ltr'><strong>eo</strong></span> <span class='ocrx_word' id='word_1_59' title='bbox 764 1102 801 1152; x_wconf 94' lang='lat' dir='ltr'><strong>tu</strong></span> <span class='ocrx_word' id='word_1_60' title='bbox 817 1087 909 1152; x_wconf 91' lang='lat' dir='ltr'><strong>illum</strong></span> <span class='ocrx_word' id='word_1_61' title='bbox 920 1089 1086 1174; x_wconf 72' lang='lat' dir='ltr'><strong>restituas,</strong></span> <span class='ocrx_word' id='word_1_62' title='bbox 1103 1112 1179 1154; x_wconf 90' lang='lat' dir='ltr'><strong>nam</strong></span> 
     </span>
     <span class='ocr_line' id='line_1_8' title="bbox 106 1192 1179 1284; baseline 0 -24"><span class='ocrx_word' id='word_1_63' title='bbox 106 1212 148 1260; x_wconf 93' lang='lat' dir='ltr'><strong>ut</strong></span> <span class='ocrx_word' id='word_1_64' title='bbox 164 1196 219 1260; x_wconf 80' lang='lat' dir='ltr'><strong>illa</strong></span> <span class='ocrx_word' id='word_1_65' title='bbox 233 1217 302 1277; x_wconf 87' lang='lat' dir='ltr'><strong>res,</strong></span> <span class='ocrx_word' id='word_1_66' title='bbox 317 1210 377 1261; x_wconf 87' lang='lat' dir='ltr'><strong>etc.</strong></span> <span class='ocrx_word' id='word_1_67' title='bbox 390 1219 421 1278; x_wconf 83' lang='lat'><strong>»3</strong></span> <span class='ocrx_word' id='word_1_68' title='bbox 431 1210 469 1259; x_wconf 91' lang='lat' dir='ltr'><strong>ut</strong></span> <span class='ocrx_word' id='word_1_69' title='bbox 483 1210 559 1284; x_wconf 85' lang='lat' dir='ltr'><strong>post</strong></span> <span class='ocrx_word' id='word_1_70' title='bbox 574 1224 587 1250; x_wconf 72' lang='grc' dir='ltr'>ι</span> <span class='ocrx_word' id='word_1_71' title='bbox 598 1192 760 1284; x_wconf 79' lang='lat' dir='ltr'><strong>adspirare</strong></span> <span class='ocrx_word' id='word_1_72' title='bbox 775 1194 937 1283; x_wconf 83' lang='lat' dir='ltr'><strong>possim»,</strong></span> <span class='ocrx_word' id='word_1_73' title='bbox 953 1217 1020 1259; x_wconf 90' lang='lat' dir='ltr'><strong>non</strong></span> <span class='ocrx_word' id='word_1_74' title='bbox 1039 1197 1179 1260; x_wconf 91' lang='lat' dir='ltr'><strong>interro·</strong></span> 
     </span>
     <span class='ocr_line' id='line_1_9' title="bbox 106 1298 1178 1390; baseline 0 -26"><span class='ocrx_word' id='word_1_75' title='bbox 106 1298 224 1390; x_wconf 81' lang='lat' dir='ltr'><strong>gandi,</strong></span> <span class='ocrx_word' id='word_1_76' title='bbox 235 1299 293 1364; x_wconf 90' lang='lat' dir='ltr'><strong>sed</strong></span> <span class='ocrx_word' id='word_1_77' title='bbox 300 1298 524 1363; x_wconf 88' lang='lat' dir='ltr'><strong>membrinota</strong></span> <span class='ocrx_word' id='word_1_78' title='bbox 534 1314 686 1387; x_wconf 88' lang='lat' dir='ltr'><strong>ponatur,</strong></span> <span class='ocrx_word' id='word_1_79' title='bbox 699 1298 847 1363; x_wconf 90' lang='lat' dir='ltr'><strong>nondum</strong></span> <span class='ocrx_word' id='word_1_80' title='bbox 858 1298 1006 1363; x_wconf 84' lang='lat' dir='ltr'><strong>videlicet</strong></span> <span class='ocrx_word' id='word_1_81' title='bbox 1017 1300 1178 1382; x_wconf 89' lang='lat' dir='ltr'><strong>absoluta,</strong></span> 
     </span>
     <span class='ocr_line' id='line_1_10' title="bbox 16 1396 1180 1493; baseline -0.002 -22"><span class='ocrx_word' id='word_1_82' title='bbox 16 1396 17 1399; x_wconf 23' lang='lat'>¹</span> <span class='ocrx_word' id='word_1_83' title='bbox 108 1404 170 1470; x_wconf 89' lang='lat' dir='ltr'><strong>sed</strong></span> <span class='ocrx_word' id='word_1_84' title='bbox 187 1403 351 1493; x_wconf 82' lang='lat' dir='ltr'><strong>pendente</strong></span> <span class='ocrx_word' id='word_1_85' title='bbox 365 1401 473 1467; x_wconf 89' lang='lat' dir='ltr'><strong>adhuc</strong></span> <span class='ocrx_word' id='word_1_86' title='bbox 488 1404 647 1467; x_wconf 88' lang='lat' dir='ltr'><strong>sententia</strong></span> <span class='ocrx_word' id='word_1_87' title='bbox 665 1426 674 1467; x_wconf 80' lang='lat' dir='ltr'><strong>t</strong></span> <span class='ocrx_word' id='word_1_88' title='bbox 691 1419 724 1468; x_wconf 89' lang='lat' dir='ltr'><strong>et</strong></span> <span class='ocrx_word' id='word_1_89' title='bbox 741 1403 794 1467; x_wconf 87' lang='lat' dir='ltr'><strong>illa</strong></span> <span class='ocrx_word' id='word_1_90' title='bbox 811 1403 928 1485; x_wconf 85' lang='lat' dir='ltr'><strong>verba,</strong></span> <span class='ocrx_word' id='word_1_91' title='bbox 947 1433 960 1459; x_wconf 77' lang='grc' dir='ltr'>ι</span> <span class='ocrx_word' id='word_1_92' title='bbox 973 1404 1040 1487; x_wconf 90' lang='lat' dir='ltr'><strong>Qui</strong></span> <span class='ocrx_word' id='word_1_93' title='bbox 1058 1404 1123 1469; x_wconf 88' lang='lat' dir='ltr'><strong>hoc</strong></span> <span class='ocrx_word' id='word_1_94' title='bbox 1138 1405 1180 1469; x_wconf 89' lang='lat' dir='ltr'><strong>ab</strong></span> 
     </span>
     <span class='ocr_line' id='line_1_11' title="bbox 108 1507 1180 1597; baseline 0.001 -23"><span class='ocrx_word' id='word_1_95' title='bbox 108 1512 169 1575; x_wconf 87' lang='lat' dir='ltr'><strong>itlo</strong></span> <span class='ocrx_word' id='word_1_96' title='bbox 183 1507 335 1574; x_wconf 74' lang='lat' dir='ltr'><strong>disserti»</strong></span> <span class='ocrx_word' id='word_1_97' title='bbox 356 1509 403 1573; x_wconf 86' lang='lat' dir='ltr'><strong>sic</strong></span> <span class='ocrx_word' id='word_1_98' title='bbox 425 1529 640 1597; x_wconf 78' lang='lat' dir='ltr'><strong>exponamus,</strong></span> <span class='ocrx_word' id='word_1_99' title='bbox 658 1509 749 1595; x_wconf 88' lang='lat' dir='ltr'><strong>quasi</strong></span> <span class='ocrx_word' id='word_1_100' title='bbox 765 1507 905 1592; x_wconf 90' lang='lat' dir='ltr'><strong>diceret,</strong></span> <span class='ocrx_word' id='word_1_101' title='bbox 924 1510 950 1574; x_wconf 87' lang='lat' dir='ltr'><strong>si</strong></span> <span class='ocrx_word' id='word_1_102' title='bbox 974 1509 1112 1574; x_wconf 86' lang='lat' dir='ltr'><strong>maxime</strong></span> <span class='ocrx_word' id='word_1_103' title='bbox 1129 1533 1180 1575; x_wconf 86' lang='lat' dir='ltr'><strong>res</strong></span> 
     </span>
     <span class='ocr_line' id='line_1_12' title="bbox 110 1610 1181 1694; baseline 0.001 -16"><span class='ocrx_word' id='word_1_104' title='bbox 110 1614 176 1679; x_wconf 79' lang='lat' dir='ltr'><strong>illae</strong></span> <span class='ocrx_word' id='word_1_105' title='bbox 192 1613 260 1678; x_wconf 91' lang='lat' dir='ltr'><strong>duo</strong></span> <span class='ocrx_word' id='word_1_106' title='bbox 275 1616 361 1678; x_wconf 88' lang='lat' dir='ltr'><strong>facto</strong></span> <span class='ocrx_word' id='word_1_107' title='bbox 376 1612 461 1676; x_wconf 87' lang='lat' dir='ltr'><strong>inter</strong></span> <span class='ocrx_word' id='word_1_108' title='bbox 474 1634 509 1676; x_wconf 90' lang='lat' dir='ltr'><strong>se</strong></span> <span class='ocrx_word' id='word_1_109' title='bbox 524 1610 713 1693; x_wconf 84' lang='lat' dir='ltr'><strong>differrent,</strong></span> <span class='ocrx_word' id='word_1_110' title='bbox 727 1633 763 1674; x_wconf 92' lang='lat' dir='ltr'><strong>ac</strong></span> <span class='ocrx_word' id='word_1_111' title='bbox 778 1611 983 1694; x_wconf 76' lang='lat' dir='ltr'><strong>dissiderent,</strong></span> <span class='ocrx_word' id='word_1_112' title='bbox 999 1629 1109 1678; x_wconf 87' lang='lat' dir='ltr'><strong>tamen</strong></span> <span class='ocrx_word' id='word_1_113' title='bbox 1123 1638 1181 1679; x_wconf 89' lang='lat' dir='ltr'><strong>eur</strong></span> 
     </span>
     <span class='ocr_line' id='line_1_13' title="bbox 109 1717 1181 1808; baseline 0.002 -23"><span class='ocrx_word' id='word_1_114' title='bbox 109 1721 147 1785; x_wconf 90' lang='lat' dir='ltr'><strong>in</strong></span> <span class='ocrx_word' id='word_1_115' title='bbox 161 1743 202 1785; x_wconf 90' lang='lat' dir='ltr'><strong>eo</strong></span> <span class='ocrx_word' id='word_1_116' title='bbox 218 1718 456 1808; x_wconf 80' lang='lat' dir='ltr'><strong>discreparent,</strong></span> <span class='ocrx_word' id='word_1_117' title='bbox 472 1733 511 1783; x_wconf 91' lang='lat' dir='ltr'><strong>ut</strong></span> <span class='ocrx_word' id='word_1_118' title='bbox 522 1718 557 1781; x_wconf 93' lang='lat' dir='ltr'><strong>in</strong></span> <span class='ocrx_word' id='word_1_119' title='bbox 571 1717 669 1782; x_wconf 84' lang='lat' dir='ltr'><strong>altera</strong></span> <span class='ocrx_word' id='word_1_120' title='bbox 685 1738 817 1805; x_wconf 85' lang='lat' dir='ltr'><strong>tequum</strong></span> <span class='ocrx_word' id='word_1_121' title='bbox 831 1718 873 1782; x_wconf 87' lang='lat' dir='ltr'><strong>sit</strong></span> <span class='ocrx_word' id='word_1_122' title='bbox 883 1719 1023 1804; x_wconf 90' lang='lat' dir='ltr'><strong>restitui,</strong></span> <span class='ocrx_word' id='word_1_123' title='bbox 1035 1721 1070 1785; x_wconf 92' lang='lat' dir='ltr'><strong>in</strong></span> <span class='ocrx_word' id='word_1_124' title='bbox 1083 1722 1181 1787; x_wconf 72' lang='lat' dir='ltr'><strong>alters</strong></span> 
     </span>
    </p>
   </div>
   <div class='ocr_carea' id='block_1_2' title="bbox 16 1824 376 1909">
    <p class='ocr_par' dir='ltr' id='par_1_2' title="bbox 16 1824 376 1909">
     <span class='ocr_line' id='line_1_14' title="bbox 16 1824 376 1909; baseline -0.014 -15"><span class='ocrx_word' id='word_1_125' title='bbox 16 1906 17 1909; x_wconf 8' lang='grc' dir='ltr'><strong>Ἴ</strong></span> <span class='ocrx_word' id='word_1_126' title='bbox 111 1826 257 1892; x_wconf 88' lang='lat' dir='ltr'><strong>minime.</strong></span> <span class='ocrx_word' id='word_1_127' title='bbox 272 1824 376 1889; x_wconf 79' lang='lat' dir='ltr'><strong>Hora.</strong></span> 
     </span>
    </p>
   </div>
   <div class='ocr_carea' id='block_1_3' title="bbox 111 1931 1275 3393">
    <p class='ocr_par' dir='ltr' id='par_1_3' title="bbox 111 1931 1275 3393">
     <span class='ocr_line' id='line_1_15' title="bbox 157 1931 1181 2022; baseline 0.002 -24"><span class='ocrx_word' id='word_1_128' title='bbox 157 1935 243 2014; x_wconf 84' lang='lat' dir='ltr'><strong>Hoc,</strong></span> <span class='ocrx_word' id='word_1_129' title='bbox 257 1955 355 2022; x_wconf 82' lang='lat' dir='ltr'><strong>quam</strong></span> <span class='ocrx_word' id='word_1_130' title='bbox 365 1932 460 1996; x_wconf 72' lang='lat' dir='ltr'><strong>habet</strong></span> <span class='ocrx_word' id='word_1_131' title='bbox 472 1932 568 1996; x_wconf 73' lang='lat' dir='ltr'><strong>vain?</strong></span> <span class='ocrx_word' id='word_1_132' title='bbox 583 1933 659 1996; x_wconf 89' lang='lat' dir='ltr'><strong>Non</strong></span> <span class='ocrx_word' id='word_1_133' title='bbox 676 1931 813 1996; x_wconf 90' lang='lat' dir='ltr'><strong>dubium</strong></span> <span class='ocrx_word' id='word_1_134' title='bbox 829 1948 894 2015; x_wconf 91' lang='lat' dir='ltr'><strong>est,</strong></span> <span class='ocrx_word' id='word_1_135' title='bbox 914 1932 994 2021; x_wconf 92' lang='lat' dir='ltr'><strong>quin</strong></span> <span class='ocrx_word' id='word_1_136' title='bbox 1008 1951 1083 2022; x_wconf 89' lang='lat' dir='ltr'><strong>post</strong></span> <span class='ocrx_word' id='word_1_137' title='bbox 1098 1936 1181 2019; x_wconf 70' lang='lat' dir='ltr'><strong>haec,</strong></span> 
     </span>
     <span class='ocr_line' id='line_1_16' title="bbox 111 2035 1182 2127; baseline -0.003 -23"><span class='ocrx_word' id='word_1_138' title='bbox 111 2070 125 2094; x_wconf 72' lang='grc' dir='ltr'>ι</span> <span class='ocrx_word' id='word_1_139' title='bbox 134 2039 200 2104; x_wconf 86' lang='lat' dir='ltr'><strong>hoc</strong></span> <span class='ocrx_word' id='word_1_140' title='bbox 209 2061 308 2127; x_wconf 91' lang='lat' dir='ltr'><strong>quam</strong></span> <span class='ocrx_word' id='word_1_141' title='bbox 318 2037 418 2102; x_wconf 90' lang='lat' dir='ltr'><strong>habet</strong></span> <span class='ocrx_word' id='word_1_142' title='bbox 426 2036 493 2101; x_wconf 83' lang='lat' dir='ltr'><strong>rim</strong></span> <span class='ocrx_word' id='word_1_143' title='bbox 502 2036 535 2102; x_wconf 76' lang='lat' dir='ltr'><strong>P»</strong></span> <span class='ocrx_word' id='word_1_144' title='bbox 553 2035 722 2125; x_wconf 83' lang='lat' dir='ltr'><strong>quidpiam</strong></span> <span class='ocrx_word' id='word_1_145' title='bbox 737 2036 821 2102; x_wconf 90' lang='lat' dir='ltr'><strong>desit</strong></span> <span class='ocrx_word' id='word_1_146' title='bbox 832 2060 841 2102; x_wconf 76' lang='lat' dir='ltr'><strong><em>z</em></strong></span> <span class='ocrx_word' id='word_1_147' title='bbox 857 2036 938 2124; x_wconf 93' lang='lat' dir='ltr'><strong>quid</strong></span> <span class='ocrx_word' id='word_1_148' title='bbox 951 2036 1048 2119; x_wconf 83' lang='lat' dir='ltr'><strong>desit,</strong></span> <span class='ocrx_word' id='word_1_149' title='bbox 1065 2041 1182 2126; x_wconf 74' lang='lat' dir='ltr'><strong>quaeri·</strong></span> 
     </span>
     <span class='ocr_line' id='line_1_17' title="bbox 113 2140 1182 2228; baseline 0.001 -21"><span class='ocrx_word' id='word_1_150' title='bbox 113 2159 177 2210; x_wconf 88' lang='lat' dir='ltr'><strong>tur.</strong></span> <span class='ocrx_word' id='word_1_151' title='bbox 191 2145 434 2209; x_wconf 87' lang='lat' dir='ltr'><strong>Hottomannus</strong></span> <span class='ocrx_word' id='word_1_152' title='bbox 450 2141 514 2206; x_wconf 87' lang='lat' dir='ltr'><strong>hoe</strong></span> <span class='ocrx_word' id='word_1_153' title='bbox 530 2140 641 2205; x_wconf 82' lang='lat' dir='ltr'><strong>deesse</strong></span> <span class='ocrx_word' id='word_1_154' title='bbox 663 2155 777 2228; x_wconf 89' lang='lat' dir='ltr'><strong>putat:</strong></span> <span class='ocrx_word' id='word_1_155' title='bbox 795 2170 808 2195; x_wconf 84' lang='grc'><strong>«</strong></span> <span class='ocrx_word' id='word_1_156' title='bbox 824 2163 912 2204; x_wconf 77' lang='lat' dir='ltr'><strong>unns</strong></span> <span class='ocrx_word' id='word_1_157' title='bbox 927 2156 965 2205; x_wconf 90' lang='lat' dir='ltr'><strong>tu</strong></span> <span class='ocrx_word' id='word_1_158' title='bbox 985 2140 1076 2209; x_wconf 84' lang='lat' dir='ltr'><strong>ilium</strong></span> <span class='ocrx_word' id='word_1_159' title='bbox 1095 2141 1182 2224; x_wconf 89' lang='lat' dir='ltr'><strong>deje-</strong></span> 
     </span>
     <span class='ocr_line' id='line_1_18' title="bbox 114 2243 1182 2335; baseline -0.001 -22"><span class='ocrx_word' id='word_1_160' title='bbox 114 2249 200 2332; x_wconf 87' lang='lat' dir='ltr'><strong>cisti,</strong></span> <span class='ocrx_word' id='word_1_161' title='bbox 214 2272 254 2314; x_wconf 89' lang='lat' dir='ltr'><strong>eo</strong></span> <span class='ocrx_word' id='word_1_162' title='bbox 266 2265 304 2314; x_wconf 93' lang='lat' dir='ltr'><strong>tu</strong></span> <span class='ocrx_word' id='word_1_163' title='bbox 315 2247 406 2312; x_wconf 91' lang='lat' dir='ltr'><strong>illum</strong></span> <span class='ocrx_word' id='word_1_164' title='bbox 416 2247 586 2312; x_wconf 75' lang='lat' dir='ltr'><strong>restituas»</strong></span> <span class='ocrx_word' id='word_1_165' title='bbox 599 2267 607 2309; x_wconf 75' lang='grc' dir='ltr'><strong><em>ε</em></strong></span> <span class='ocrx_word' id='word_1_166' title='bbox 620 2267 681 2335; x_wconf 83' lang='lat' dir='ltr'><strong>ego</strong></span> <span class='ocrx_word' id='word_1_167' title='bbox 693 2243 773 2308; x_wconf 89' lang='lat' dir='ltr'><strong>illud</strong></span> <span class='ocrx_word' id='word_1_168' title='bbox 785 2266 881 2334; x_wconf 88' lang='lat' dir='ltr'><strong>supra</strong></span> <span class='ocrx_word' id='word_1_169' title='bbox 892 2246 1053 2334; x_wconf 89' lang='lat' dir='ltr'><strong>positum,</strong></span> <span class='ocrx_word' id='word_1_170' title='bbox 1068 2277 1081 2303; x_wconf 77' lang='grc' dir='ltr'>ι</span> <span class='ocrx_word' id='word_1_171' title='bbox 1092 2270 1182 2313; x_wconf 81' lang='lat' dir='ltr'><strong>assor</strong></span> 
     </span>
     <span class='ocr_line' id='line_1_19' title="bbox 114 2349 1182 2445; baseline -0.002 -26"><span class='ocrx_word' id='word_1_172' title='bbox 114 2376 176 2445; x_wconf 83' lang='lat' dir='ltr'><strong>ego</strong></span> <span class='ocrx_word' id='word_1_173' title='bbox 191 2371 223 2419; x_wconf 91' lang='lat' dir='ltr'><strong>te</strong></span> <span class='ocrx_word' id='word_1_174' title='bbox 234 2354 364 2418; x_wconf 90' lang='lat' dir='ltr'><strong>armatis</strong></span> <span class='ocrx_word' id='word_1_175' title='bbox 374 2352 578 2430; x_wconf 86' lang='lat' dir='ltr'><strong>hominibus,</strong></span> <span class='ocrx_word' id='word_1_176' title='bbox 589 2374 657 2415; x_wconf 90' lang='lat' dir='ltr'><strong>non</strong></span> <span class='ocrx_word' id='word_1_177' title='bbox 670 2349 770 2431; x_wconf 84' lang='lat' dir='ltr'><strong>dejeci</strong></span> <span class='ocrx_word' id='word_1_178' title='bbox 783 2381 795 2406; x_wconf 69' lang='lat' dir='ltr'><em>n</em></span> <span class='ocrx_word' id='word_1_179' title='bbox 808 2374 816 2415; x_wconf 90' lang='lat'>:</span> <span class='ocrx_word' id='word_1_180' title='bbox 829 2352 988 2416; x_wconf 85' lang='lat' dir='ltr'><strong>sententia</strong></span> <span class='ocrx_word' id='word_1_181' title='bbox 1000 2368 1050 2417; x_wconf 91' lang='lat' dir='ltr'><strong>est</strong></span> <span class='ocrx_word' id='word_1_182' title='bbox 1056 2370 1182 2442; x_wconf 86' lang='lat' dir='ltr'><strong>aperta,</strong></span> 
     </span>
     <span class='ocr_line' id='line_1_20' title="bbox 114 2454 1181 2548; baseline 0 -25"><span class='ocrx_word' id='word_1_183' title='bbox 114 2462 178 2524; x_wconf 86' lang='lat' dir='ltr'><strong>hoe</strong></span> <span class='ocrx_word' id='word_1_184' title='bbox 193 2481 311 2548; x_wconf 88' lang='lat' dir='ltr'><strong>nempe</strong></span> <span class='ocrx_word' id='word_1_185' title='bbox 325 2456 415 2547; x_wconf 91' lang='lat' dir='ltr'><strong>quod</strong></span> <span class='ocrx_word' id='word_1_186' title='bbox 433 2454 529 2540; x_wconf 86' lang='lat' dir='ltr'><strong>dicis,</strong></span> <span class='ocrx_word' id='word_1_187' title='bbox 546 2457 648 2536; x_wconf 79' lang='lat' dir='ltr'><strong>«ejeci</strong></span> <span class='ocrx_word' id='word_1_188' title='bbox 666 2477 727 2547; x_wconf 82' lang='lat' dir='ltr'><strong>ego</strong></span> <span class='ocrx_word' id='word_1_189' title='bbox 750 2472 800 2539; x_wconf 92' lang='lat' dir='ltr'><strong>te,</strong></span> <span class='ocrx_word' id='word_1_190' title='bbox 819 2479 887 2521; x_wconf 89' lang='lat' dir='ltr'><strong>non</strong></span> <span class='ocrx_word' id='word_1_191' title='bbox 912 2456 1014 2538; x_wconf 85' lang='lat' dir='ltr'><strong>dejeci</strong></span> <span class='ocrx_word' id='word_1_192' title='bbox 1026 2488 1059 2541; x_wconf 70' lang='grc' dir='ltr'><strong>ι,</strong></span> <span class='ocrx_word' id='word_1_193' title='bbox 1084 2481 1181 2547; x_wconf 89' lang='lat' dir='ltr'><strong>quam</strong></span> 
     </span>
     <span class='ocr_line' id='line_1_21' title="bbox 114 2561 1182 2645; baseline -0.004 -14"><span class='ocrx_word' id='word_1_194' title='bbox 114 2566 213 2630; x_wconf 89' lang='lat' dir='ltr'><strong>habet</strong></span> <span class='ocrx_word' id='word_1_195' title='bbox 228 2563 320 2629; x_wconf 76' lang='lat' dir='ltr'><strong>rimi</strong></span> <span class='ocrx_word' id='word_1_196' title='bbox 336 2584 379 2626; x_wconf 92' lang='lat' dir='ltr'><strong>an</strong></span> <span class='ocrx_word' id='word_1_197' title='bbox 395 2584 465 2625; x_wconf 89' lang='lat' dir='ltr'><strong>eam</strong></span> <span class='ocrx_word' id='word_1_198' title='bbox 480 2563 546 2626; x_wconf 84' lang='lat' dir='ltr'><strong>rim</strong></span> <span class='ocrx_word' id='word_1_199' title='bbox 558 2561 671 2645; x_wconf 87' lang='lat' dir='ltr'><strong>habet,</strong></span> <span class='ocrx_word' id='word_1_200' title='bbox 690 2578 728 2627; x_wconf 92' lang='lat' dir='ltr'><strong>ut</strong></span> <span class='ocrx_word' id='word_1_201' title='bbox 744 2562 805 2626; x_wconf 75' lang='lat' dir='ltr'><strong>itta</strong></span> <span class='ocrx_word' id='word_1_202' title='bbox 821 2561 895 2627; x_wconf 82' lang='lat' dir='ltr'><strong>duas</strong></span> <span class='ocrx_word' id='word_1_203' title='bbox 907 2585 958 2628; x_wconf 87' lang='lat' dir='ltr'><strong>res</strong></span> <span class='ocrx_word' id='word_1_204' title='bbox 976 2561 1108 2629; x_wconf 82' lang='lat' dir='ltr'><strong>differre</strong></span> <span class='ocrx_word' id='word_1_205' title='bbox 1124 2564 1182 2629; x_wconf 86' lang='lat' dir='ltr'><strong>aii·</strong></span> 
     </span>
     <span class='ocr_line' id='line_1_22' title="bbox 116 2667 1183 2760; baseline 0 -24"><span class='ocrx_word' id='word_1_206' title='bbox 116 2671 194 2760; x_wconf 92' lang='lat' dir='ltr'><strong>quid</strong></span> <span class='ocrx_word' id='word_1_207' title='bbox 202 2672 286 2736; x_wconf 89' lang='lat' dir='ltr'><strong>inter</strong></span> <span class='ocrx_word' id='word_1_208' title='bbox 297 2693 333 2734; x_wconf 85' lang='lat' dir='ltr'><strong>se</strong></span> <span class='ocrx_word' id='word_1_209' title='bbox 343 2667 525 2752; x_wconf 85' lang='lat' dir='ltr'><strong>rideantur,</strong></span> <span class='ocrx_word' id='word_1_210' title='bbox 539 2685 651 2733; x_wconf 88' lang='lat' dir='ltr'><strong>utrum</strong></span> <span class='ocrx_word' id='word_1_211' title='bbox 666 2684 737 2733; x_wconf 92' lang='lat' dir='ltr'><strong>tum</strong></span> <span class='ocrx_word' id='word_1_212' title='bbox 750 2670 846 2734; x_wconf 84' lang='lat' dir='ltr'><strong>armis</strong></span> <span class='ocrx_word' id='word_1_213' title='bbox 856 2671 1005 2760; x_wconf 81' lang='lat' dir='ltr'><strong>expellar,</strong></span> <span class='ocrx_word' id='word_1_214' title='bbox 1017 2694 1122 2760; x_wconf 91' lang='lat' dir='ltr'><strong>quum</strong></span> <span class='ocrx_word' id='word_1_215' title='bbox 1131 2673 1183 2736; x_wconf 91' lang='lat' dir='ltr'><strong>in·</strong></span> 
     </span>
     <span class='ocr_line' id='line_1_23' title="bbox 118 2773 1275 2866; baseline -0.006 -24"><span class='ocrx_word' id='word_1_216' title='bbox 118 2794 258 2857; x_wconf 85' lang='lat' dir='ltr'><strong>travero,</strong></span> <span class='ocrx_word' id='word_1_217' title='bbox 272 2773 453 2865; x_wconf 85' lang='lat' dir='ltr'><strong>pedemque</strong></span> <span class='ocrx_word' id='word_1_218' title='bbox 464 2774 573 2865; x_wconf 87' lang='lat' dir='ltr'><strong>aliquo</strong></span> <span class='ocrx_word' id='word_1_219' title='bbox 586 2775 748 2858; x_wconf 75' lang='lat' dir='ltr'><strong>intudem,</strong></span> <span class='ocrx_word' id='word_1_220' title='bbox 763 2799 805 2839; x_wconf 87' lang='lat' dir='ltr'><strong>an</strong></span> <span class='ocrx_word' id='word_1_221' title='bbox 820 2791 993 2862; x_wconf 87' lang='lat' dir='ltr'><strong>antequam</strong></span> <span class='ocrx_word' id='word_1_222' title='bbox 1011 2776 1184 2866; x_wconf 80' lang='lat' dir='ltr'><strong>ingrediar,</strong></span> <span class='ocrx_word' id='word_1_223' title='bbox 1270 2822 1275 2835; x_wconf 77' lang='grc'>.</span> 
     </span>
     <span class='ocr_line' id='line_1_24' title="bbox 119 2880 1185 2965; baseline -0.001 -18"><span class='ocrx_word' id='word_1_224' title='bbox 119 2882 198 2947; x_wconf 89' lang='lat' dir='ltr'><strong>mihi</strong></span> <span class='ocrx_word' id='word_1_225' title='bbox 217 2882 257 2946; x_wconf 90' lang='lat' dir='ltr'><strong>ab</strong></span> <span class='ocrx_word' id='word_1_226' title='bbox 273 2880 403 2946; x_wconf 86' lang='lat' dir='ltr'><strong>armatis</strong></span> <span class='ocrx_word' id='word_1_227' title='bbox 416 2881 606 2946; x_wconf 89' lang='lat' dir='ltr'><strong>hominibus</strong></span> <span class='ocrx_word' id='word_1_228' title='bbox 621 2897 821 2963; x_wconf 85' lang='lat' dir='ltr'><strong>occurratur,</strong></span> <span class='ocrx_word' id='word_1_229' title='bbox 842 2896 875 2945; x_wconf 92' lang='lat' dir='ltr'><strong>et</strong></span> <span class='ocrx_word' id='word_1_230' title='bbox 890 2881 1017 2945; x_wconf 84' lang='lat' dir='ltr'><strong>obviam</strong></span> <span class='ocrx_word' id='word_1_231' title='bbox 1029 2898 1131 2965; x_wconf 90' lang='lat' dir='ltr'><strong>eatur,</strong></span> <span class='ocrx_word' id='word_1_232' title='bbox 1143 2906 1185 2946; x_wconf 94' lang='lat' dir='ltr'><strong>ne</strong></span> 
     </span>
     <span class='ocr_line' id='line_1_25' title="bbox 119 2984 1185 3077; baseline 0 -26"><span class='ocrx_word' id='word_1_233' title='bbox 119 2987 237 3077; x_wconf 90' lang='lat' dir='ltr'><strong>possim</strong></span> <span class='ocrx_word' id='word_1_234' title='bbox 260 2987 398 3051; x_wconf 82' lang='lat' dir='ltr'><strong>intrare?</strong></span> <span class='ocrx_word' id='word_1_235' title='bbox 422 2986 559 3076; x_wconf 89' lang='lat' dir='ltr'><strong>proinde</strong></span> <span class='ocrx_word' id='word_1_236' title='bbox 579 2987 671 3076; x_wconf 91' lang='lat' dir='ltr'><strong>quasi</strong></span> <span class='ocrx_word' id='word_1_237' title='bbox 696 2985 798 3067; x_wconf 91' lang='lat' dir='ltr'><strong>dieat,</strong></span> <span class='ocrx_word' id='word_1_238' title='bbox 816 2985 898 3049; x_wconf 89' lang='lat' dir='ltr'><strong>nihil</strong></span> <span class='ocrx_word' id='word_1_239' title='bbox 914 2984 1047 3050; x_wconf 87' lang='lat' dir='ltr'><strong>differre</strong></span> <span class='ocrx_word' id='word_1_240' title='bbox 1067 2985 1185 3069; x_wconf 88' lang='lat' dir='ltr'><strong>debet,</strong></span> 
     </span>
     <span class='ocr_line' id='line_1_26' title="bbox 120 3091 1184 3181; baseline 0.001 -24"><span class='ocrx_word' id='word_1_241' title='bbox 120 3109 230 3157; x_wconf 88' lang='lat' dir='ltr'><strong>utrum</strong></span> <span class='ocrx_word' id='word_1_242' title='bbox 245 3092 326 3155; x_wconf 93' lang='lat' dir='ltr'><strong>mihi</strong></span> <span class='ocrx_word' id='word_1_243' title='bbox 339 3093 405 3174; x_wconf 86' lang='lat' dir='ltr'><strong>jam</strong></span> <span class='ocrx_word' id='word_1_244' title='bbox 417 3092 563 3181; x_wconf 81' lang='lat' dir='ltr'><strong>ingresso</strong></span> <span class='ocrx_word' id='word_1_245' title='bbox 573 3093 622 3156; x_wconf 89' lang='lat' dir='ltr'><strong>ris</strong></span> <span class='ocrx_word' id='word_1_246' title='bbox 633 3092 797 3172; x_wconf 82' lang='lat' dir='ltr'><strong>afferatur,</strong></span> <span class='ocrx_word' id='word_1_247' title='bbox 813 3107 851 3155; x_wconf 91' lang='lat' dir='ltr'><strong>ut</strong></span> <span class='ocrx_word' id='word_1_248' title='bbox 863 3113 972 3155; x_wconf 86' lang='lat' dir='ltr'><strong>exeam</strong></span> <span class='ocrx_word' id='word_1_249' title='bbox 984 3113 1044 3155; x_wconf 92' lang='lat' dir='ltr'><strong>:an</strong></span> <span class='ocrx_word' id='word_1_250' title='bbox 1058 3091 1184 3181; x_wconf 83' lang='lat' dir='ltr'><strong>ingredi</strong></span> 
     </span>
     <span class='ocr_line' id='line_1_27' title="bbox 121 3194 1184 3285; baseline 0 -23"><span class='ocrx_word' id='word_1_251' title='bbox 121 3197 238 3262; x_wconf 84' lang='lat' dir='ltr'><strong>volenti</strong></span> <span class='ocrx_word' id='word_1_252' title='bbox 249 3197 406 3280; x_wconf 89' lang='lat' dir='ltr'><strong>obstetur,</strong></span> <span class='ocrx_word' id='word_1_253' title='bbox 417 3220 458 3261; x_wconf 91' lang='lat' dir='ltr'><strong>ne</strong></span> <span class='ocrx_word' id='word_1_254' title='bbox 469 3194 641 3285; x_wconf 83' lang='lat' dir='ltr'><strong>ingrediar.</strong></span> <span class='ocrx_word' id='word_1_255' title='bbox 659 3196 770 3261; x_wconf 88' lang='lat' dir='ltr'><strong>Malim</strong></span> <span class='ocrx_word' id='word_1_256' title='bbox 779 3212 888 3262; x_wconf 89' lang='lat' dir='ltr'><strong>autem</strong></span> <span class='ocrx_word' id='word_1_257' title='bbox 903 3195 973 3261; x_wconf 83' lang='lat' dir='ltr'><strong>haec</strong></span> <span class='ocrx_word' id='word_1_258' title='bbox 985 3197 1099 3280; x_wconf 86' lang='lat' dir='ltr'><strong>rerba,</strong></span> <span class='ocrx_word' id='word_1_259' title='bbox 1112 3221 1184 3285; x_wconf 75' lang='lat' dir='ltr'><strong>quas</strong></span> 
     </span>
     <span class='ocr_line' id='line_1_28' title="bbox 123 3301 1185 3393; baseline -0.003 -23"><span class='ocrx_word' id='word_1_260' title='bbox 123 3302 293 3371; x_wconf 88' lang='lat' dir='ltr'><strong>desiderari</strong></span> <span class='ocrx_word' id='word_1_261' title='bbox 311 3325 364 3368; x_wconf 91' lang='lat' dir='ltr'><strong>me</strong></span> <span class='ocrx_word' id='word_1_262' title='bbox 384 3303 540 3391; x_wconf 90' lang='lat' dir='ltr'><strong>suspicari</strong></span> <span class='ocrx_word' id='word_1_263' title='bbox 552 3301 633 3383; x_wconf 77' lang='lat' dir='ltr'><strong>dixi,</strong></span> <span class='ocrx_word' id='word_1_264' title='bbox 650 3302 729 3392; x_wconf 88' lang='lat' dir='ltr'><strong>poni</strong></span> <span class='ocrx_word' id='word_1_265' title='bbox 746 3318 821 3390; x_wconf 90' lang='lat' dir='ltr'><strong>post</strong></span> <span class='ocrx_word' id='word_1_266' title='bbox 842 3303 915 3384; x_wconf 76' lang='lat' dir='ltr'><strong>hoc,</strong></span> <span class='ocrx_word' id='word_1_267' title='bbox 928 3318 966 3366; x_wconf 92' lang='lat' dir='ltr'><strong>ut</strong></span> <span class='ocrx_word' id='word_1_268' title='bbox 981 3303 1026 3366; x_wconf 90' lang='lat' dir='ltr'><strong>ita</strong></span> <span class='ocrx_word' id='word_1_269' title='bbox 1040 3303 1185 3393; x_wconf 82' lang='lat' dir='ltr'><strong>legatur:</strong></span> 
     </span>
    </p>
   </div>
   <div class='ocr_carea' id='block_1_4' title="bbox 19 3408 1185 3497">
    <p class='ocr_par' dir='ltr' id='par_1_4' title="bbox 19 3408 1185 3497">
     <span class='ocr_line' id='line_1_29' title="bbox 19 3408 1185 3497; baseline -0.003 -21"><span class='ocrx_word' id='word_1_270' title='bbox 19 3436 20 3441; x_wconf 49' lang='lat'>¹</span> <span class='ocrx_word' id='word_1_271' title='bbox 122 3412 232 3493; x_wconf 80' lang='lat' dir='ltr'><strong>«Hoc,</strong></span> <span class='ocrx_word' id='word_1_272' title='bbox 244 3409 321 3492; x_wconf 88' lang='lat' dir='ltr'><strong>ejeci</strong></span> <span class='ocrx_word' id='word_1_273' title='bbox 335 3424 384 3492; x_wconf 85' lang='lat' dir='ltr'><strong>te,</strong></span> <span class='ocrx_word' id='word_1_274' title='bbox 398 3432 466 3474; x_wconf 90' lang='lat' dir='ltr'><strong>non</strong></span> <span class='ocrx_word' id='word_1_275' title='bbox 479 3408 597 3491; x_wconf 87' lang='lat' dir='ltr'><strong>dejeci,</strong></span> <span class='ocrx_word' id='word_1_276' title='bbox 612 3432 709 3497; x_wconf 84' lang='lat' dir='ltr'><strong>quam</strong></span> <span class='ocrx_word' id='word_1_277' title='bbox 721 3409 820 3473; x_wconf 90' lang='lat' dir='ltr'><strong>habet</strong></span> <span class='ocrx_word' id='word_1_278' title='bbox 827 3409 913 3473; x_wconf 82' lang='lat' dir='ltr'><strong>vim?</strong></span> <span class='ocrx_word' id='word_1_279' title='bbox 924 3440 937 3465; x_wconf 69' lang='grc' dir='ltr'><strong>υ</strong></span> <span class='ocrx_word' id='word_1_280' title='bbox 950 3409 1106 3475; x_wconf 83' lang='lat' dir='ltr'><strong>Prteterea</strong></span> <span class='ocrx_word' id='word_1_281' title='bbox 1116 3408 1185 3490; x_wconf 86' lang='lat' dir='ltr'><strong>iila,</strong></span> 
     </span>
    </p>
   </div>
   <div class='ocr_carea' id='block_1_5' title="bbox 123 3515 1192 4237">
    <p class='ocr_par' dir='ltr' id='par_1_5' title="bbox 123 3515 1191 3920">
     <span class='ocr_line' id='line_1_30' title="bbox 124 3515 1186 3606; baseline -0.005 -24"><span class='ocrx_word' id='word_1_282' title='bbox 124 3515 264 3606; x_wconf 75' lang='lat' dir='ltr'><strong>«aliquid</strong></span> <span class='ocrx_word' id='word_1_283' title='bbox 278 3516 384 3603; x_wconf 88' lang='lat' dir='ltr'><strong>aliqua</strong></span> <span class='ocrx_word' id='word_1_284' title='bbox 400 3538 439 3580; x_wconf 88' lang='lat' dir='ltr'><strong>ex</strong></span> <span class='ocrx_word' id='word_1_285' title='bbox 452 3531 543 3604; x_wconf 85' lang='lat' dir='ltr'><strong>parte</strong></span> <span class='ocrx_word' id='word_1_286' title='bbox 556 3547 587 3597; x_wconf 65' lang='lat' dir='ltr'><strong>v,</strong></span> <span class='ocrx_word' id='word_1_287' title='bbox 603 3515 685 3580; x_wconf 92' lang='lat' dir='ltr'><strong>mihi</strong></span> <span class='ocrx_word' id='word_1_288' title='bbox 698 3533 846 3605; x_wconf 87' lang='lat' dir='ltr'><strong>suspecta</strong></span> <span class='ocrx_word' id='word_1_289' title='bbox 862 3531 958 3597; x_wconf 90' lang='lat' dir='ltr'><strong>sunt,</strong></span> <span class='ocrx_word' id='word_1_290' title='bbox 972 3515 1186 3601; x_wconf 81' lang='lat' dir='ltr'><strong>existimoque</strong></span> 
     </span>
     <span class='ocr_line' id='line_1_31' title="bbox 123 3619 1187 3713; baseline -0.005 -25"><span class='ocrx_word' id='word_1_291' title='bbox 123 3624 170 3688; x_wconf 86' lang='lat' dir='ltr'><strong>rel</strong></span> <span class='ocrx_word' id='word_1_292' title='bbox 202 3620 345 3713; x_wconf 74' lang='lat' dir='ltr'><strong>als‘qurii,</strong></span> <span class='ocrx_word' id='word_1_293' title='bbox 369 3623 421 3686; x_wconf 85' lang='lat' dir='ltr'><strong>rel</strong></span> <span class='ocrx_word' id='word_1_294' title='bbox 449 3620 560 3710; x_wconf 79' lang='lat' dir='ltr'><strong>aliqtaa</strong></span> <span class='ocrx_word' id='word_1_295' title='bbox 586 3644 629 3686; x_wconf 76' lang='lat' dir='ltr'><strong>aa·</strong></span> <span class='ocrx_word' id='word_1_296' title='bbox 652 3636 749 3711; x_wconf 80' lang='lat' dir='ltr'><strong>parte</strong></span> <span class='ocrx_word' id='word_1_297' title='bbox 783 3644 852 3686; x_wconf 84' lang='lat' dir='ltr'><strong>ease</strong></span> <span class='ocrx_word' id='word_1_298' title='bbox 885 3619 1071 3685; x_wconf 87' lang='lat' dir='ltr'><strong>delendum.</strong></span> <span class='ocrx_word' id='word_1_299' title='bbox 1102 3619 1187 3683; x_wconf 91' lang='lat' dir='ltr'><strong>Nam</strong></span> 
     </span>
     <span class='ocr_line' id='line_1_32' title="bbox 125 3724 1191 3816; baseline -0.004 -23"><span class='ocrx_word' id='word_1_300' title='bbox 125 3728 324 3793; x_wconf 88' lang='lat' dir='ltr'><strong>tantumdem</strong></span> <span class='ocrx_word' id='word_1_301' title='bbox 338 3728 422 3791; x_wconf 82' lang='lat' dir='ltr'><strong>valet</strong></span> <span class='ocrx_word' id='word_1_302' title='bbox 432 3726 557 3816; x_wconf 77' lang='lat' dir='ltr'><strong>alt’qttt&#39;d</strong></span> <span class='ocrx_word' id='word_1_303' title='bbox 568 3724 714 3815; x_wconf 67' lang='lat' dir='ltr'><strong>dffm,</strong></span> <span class='ocrx_word' id='word_1_304' title='bbox 733 3742 909 3815; x_wconf 88' lang='lat' dir='ltr'><strong>quantum,</strong></span> <span class='ocrx_word' id='word_1_305' title='bbox 925 3724 1037 3814; x_wconf 76' lang='lat' dir='ltr'><strong>aliqua</strong></span> <span class='ocrx_word' id='word_1_306' title='bbox 1048 3739 1191 3815; x_wconf 73' lang='lat' dir='ltr'><strong>exparte</strong></span> 
     </span>
     <span class='ocr_line' id='line_1_33' title="bbox 126 3832 391 3920; baseline -0.004 -23"><span class='ocrx_word' id='word_1_307' title='bbox 126 3832 391 3920; x_wconf 66' lang='lat' dir='ltr'><strong>differremus.</strong></span> 
     </span>
    </p>

    <p class='ocr_par' dir='ltr' id='par_1_6' title="bbox 129 3928 1192 4237">
     <span class='ocr_line' id='line_1_34' title="bbox 169 3928 1190 4028; baseline -0.002 -25"><span class='ocrx_word' id='word_1_308' title='bbox 169 3928 256 4025; x_wconf 73' lang='lat' dir='ltr'><strong>Quid</strong></span> <span class='ocrx_word' id='word_1_309' title='bbox 264 3940 362 4028; x_wconf 73' lang='lat' dir='ltr'><strong>ergo?</strong></span> <span class='ocrx_word' id='word_1_310' title='bbox 379 3938 438 4003; x_wconf 84' lang='lat' dir='ltr'><strong>ltoe</strong></span> <span class='ocrx_word' id='word_1_311' title='bbox 450 3960 548 4028; x_wconf 81' lang='lat' dir='ltr'><strong>quam</strong></span> <span class='ocrx_word' id='word_1_312' title='bbox 561 3937 656 4002; x_wconf 74' lang='lat' dir='ltr'><strong>habet</strong></span> <span class='ocrx_word' id='word_1_313' title='bbox 665 3940 750 4020; x_wconf 67' lang='lat' dir='ltr'><strong>vin,</strong></span> <span class='ocrx_word' id='word_1_314' title='bbox 765 3951 801 4001; x_wconf 83' lang='lat' dir='ltr'><strong>at</strong></span> <span class='ocrx_word' id='word_1_315' title='bbox 811 3936 870 4000; x_wconf 79' lang='lat' dir='ltr'><strong>illa</strong></span> <span class='ocrx_word' id='word_1_316' title='bbox 884 3958 931 4001; x_wconf 86' lang='lat' dir='ltr'><strong>res</strong></span> <span class='ocrx_word' id='word_1_317' title='bbox 942 3934 1069 4024; x_wconf 71' lang='lat' dir='ltr'><strong>aliquid</strong></span> <span class='ocrx_word' id='word_1_318' title='bbox 1079 3935 1190 4025; x_wconf 81' lang='lat' dir='ltr'><strong>aliqua</strong></span> 
     </span>
     <span class='ocr_line' id='line_1_35' title="bbox 129 4041 1192 4134; baseline -0.003 -27"><span class='ocrx_word' id='word_1_319' title='bbox 129 4068 169 4108; x_wconf 77' lang='lat' dir='ltr'><strong>ex</strong></span> <span class='ocrx_word' id='word_1_320' title='bbox 173 4041 405 4134; x_wconf 77' lang='lat' dir='ltr'><strong>partedssferre</strong></span> <span class='ocrx_word' id='word_1_321' title='bbox 415 4043 698 4126; x_wconf 54' lang='lat' dir='ltr'><strong>suessanorum,</strong></span> <span class='ocrx_word' id='word_1_322' title='bbox 706 4060 766 4108; x_wconf 87' lang='lat' dir='ltr'><strong>etc.</strong></span> <span class='ocrx_word' id='word_1_323' title='bbox 777 4045 814 4108; x_wconf 91' lang='lat' dir='ltr'><strong>ln</strong></span> <span class='ocrx_word' id='word_1_324' title='bbox 822 4043 913 4107; x_wconf 81' lang='lat' dir='ltr'><strong>libris</strong></span> <span class='ocrx_word' id='word_1_325' title='bbox 923 4041 1029 4107; x_wconf 87' lang='lat' dir='ltr'><strong>Caroli</strong></span> <span class='ocrx_word' id='word_1_326' title='bbox 1039 4041 1192 4132; x_wconf 87' lang='lat' dir='ltr'><strong>Stephani</strong></span> 
     </span>
     <span class='ocr_line' id='line_1_36' title="bbox 132 4148 1192 4237; baseline -0.003 -24"><span class='ocrx_word' id='word_1_327' title='bbox 132 4166 193 4215; x_wconf 89' lang='lat' dir='ltr'><strong>erat</strong></span> <span class='ocrx_word' id='word_1_328' title='bbox 212 4151 405 4237; x_wconf 84' lang='lat' dir='ltr'><strong>impressum</strong></span> <span class='ocrx_word' id='word_1_329' title='bbox 427 4166 464 4217; x_wconf 84' lang='lat' dir='ltr'><strong>ut</strong></span> <span class='ocrx_word' id='word_1_330' title='bbox 481 4151 550 4233; x_wconf 75' lang='lat' dir='ltr'><strong>tic,</strong></span> <span class='ocrx_word' id='word_1_331' title='bbox 568 4150 659 4219; x_wconf 85' lang='lat' dir='ltr'><strong>valde</strong></span> <span class='ocrx_word' id='word_1_332' title='bbox 675 4149 832 4219; x_wconf 89' lang='lat' dir='ltr'><strong>mendose</strong></span> <span class='ocrx_word' id='word_1_333' title='bbox 850 4148 978 4214; x_wconf 84' lang='lat' dir='ltr'><strong>seilicet.</strong></span> <span class='ocrx_word' id='word_1_334' title='bbox 997 4148 1192 4215; x_wconf 87' lang='lat' dir='ltr'><strong>Hottoman·</strong></span> 
     </span>
    </p>
   </div>
   <div class='ocr_carea' id='block_1_6' title="bbox 0 0 1541 4774">
    <p class='ocr_par' dir='ltr' id='par_1_7' title="bbox 0 0 1541 4774">
     <span class='ocr_line' id='line_1_37' title="bbox 0 0 1541 4774; baseline 0 0"><span class='ocrx_word' id='word_1_335' title='bbox 0 0 1541 4774; x_wconf 95' lang='lat' dir='ltr'><strong> </strong></span> 
     </span>
    </p>
   </div>
  </div>
 </body>
</html>
