3176 4770
320 436 367 530 9⁸
646 429 694 498 u.
721 428 759 496 r.
786 427 1061 497 cremoms

371 555 442 622 LV.
469 555 678 647 Exspectate
696 551 824 632 etiam,
845 546 1007 642 judices,
1025 562 1251 646 exspectate,
1269 552 1298 620 si
1318 575 1385 649 po·

321 664 441 748 testis,
466 660 715 731 auctoritatem
734 658 971 728 accusationis
992 681 1093 728 meae.
1115 658 1207 729 Dico
1228 674 1386 732 aratores

319 775 421 845 istius
439 773 585 845 avaritia
602 769 755 863 ejectos:
773 765 897 839 scribit
914 767 1098 856 Metellus,
1116 768 1275 866 reliquos
1288 770 1334 842 ab
1348 796 1385 843 se

320 907 397 954 esse
426 878 668 954 confirmatos.
696 875 787 949 Dico
816 902 920 975 agros
943 878 1106 966 relictos,
1135 881 1385 978 arationesque

318 993 475 1065 desertas
503 1010 603 1062 esse:
625 986 751 1059 scribit
774 988 941 1059 Metellus
962 1003 1146 1059 aratorum
1170 1013 1247 1061 esse
1271 1014 1385 1088 penu·

316 1105 416 1173 rium.
446 1104 523 1170 Hoc
552 1120 667 1194 quum
701 1095 846 1183 scribit,
875 1096 966 1168 illud
992 1098 1173 1185 ostendit,
1204 1098 1385 1193 dejectos,

315 1212 449 1307 ejectos
462 1221 488 1295 ¹,
508 1207 664 1278 fortunis
689 1206 861 1278 omnibus
883 1209 1054 1304 expulsos
1074 1232 1152 1280 esse
1174 1209 1301 1307 populi
1322 1235 1382 1280 ro·

201 1361 206 1369 ·
314 1322 410 1391 mani
436 1323 553 1391 socios
579 1331 690 1413 atque
720 1320 866 1389 amicos.
898 1317 1043 1408 Quibus
1061 1323 1090 1390 si
1112 1343 1185 1416 que
1203 1319 1384 1392 calamitas

313 1444 464 1528 propter
482 1433 609 1515 istum,
631 1428 737 1499 salvis
754 1427 989 1524 vectigalibus
1005 1430 1159 1517 nostris,
1178 1429 1381 1515 accidisset,

312 1539 597 1611 animadvertere
610 1540 646 1608 in
662 1560 746 1608 eum
758 1561 823 1608 vos
832 1536 1044 1635 oportebet;
1056 1541 1254 1636 praesertim
1266 1562 1381 1636 quum

312 1675 354 1722 ee
379 1651 478 1750 lege¹
502 1649 730 1745 judicaretis,
750 1672 832 1745 quae
853 1651 1034 1719 sociorum
1060 1670 1165 1719 causa
1180 1663 1276 1720 esset
1293 1672 1384 1720 con·

311 1763 454 1832 stituta:
473 1782 589 1855 quum
598 1782 704 1844 vero,
726 1756 875 1854 perditis
891 1756 1166 1854 profligatisque
1184 1758 1307 1845 sociis,
1325 1783 1384 1830 ve-

313 1869 456 1966 ctigalia
469 1868 597 1967 populi
608 1873 748 1938 romani
764 1867 836 1936 sint
848 1865 1049 1952 deminuta,
1061 1890 1120 1937 res
1135 1865 1383 1954 frumentaria,

314 1992 557 2064 commeatus,
585 1981 719 2074 copies,
747 1975 843 2046 salus
863 1972 993 2045 Urbis³
1019 1988 1129 2071 atque
1157 1981 1383 2047 exercituum

314 2104 524 2161 nostrorum
553 2088 592 2156 in
617 2086 866 2183 posteritatem
891 2086 993 2156 istius
1016 2088 1160 2155 avaritia
1187 2087 1384 2171 interierit;

316 2200 441 2272 saltem
472 2196 664 2271 commoda
691 2196 818 2295 populi
846 2200 987 2266 romani
1011 2198 1198 2294 respicite,
1223 2199 1254 2267 si
1279 2200 1387 2270 sociis

317 2309 532 2380 fidelissimis
560 2310 768 2405 prospicere
795 2331 869 2376 non
898 2305 1078 2378 laboratis.
1107 2313 1244 2403 Atque,
1265 2324 1307 2379 ut
1328 2310 1385 2378 in-

318 2419 503 2515 telligatis,
521 2415 567 2487 ab
582 2419 650 2487 isto
661 2471 670 2501 ,
683 2441 758 2515 pree
775 2417 894 2504 lucro,
912 2416 1104 2515 praedaque
1118 2420 1303 2514 prementi,
1319 2443 1387 2491 nec

317 2527 567 2623 vectigalium,
587 2548 656 2596 nec
678 2529 896 2622 posteritatis
915 2525 1074 2598 habitam
1091 2551 1169 2598 esse
1188 2533 1386 2615 rationem

319 2638 543 2737 cognoscite,
570 2635 659 2733 quid
686 2636 729 2706 ad
758 2651 959 2708 extremum
983 2635 1113 2706 scribat
1132 2635 1322 2707 Metellus:
1347 2661 1385 2707 rn

319 2771 502 2832 nemorum
520 2769 657 2816 rrurus
673 2769 926 2816 vncrretrmns
944 2769 1122 2816 ruosrsxr.
1142 2753 1184 2817 ln
1203 2746 1386 2843 reliquum

320 2872 465 2953 tempus
484 2857 533 2926 ait
548 2878 586 2927 se
603 2853 835 2952 vectigalibus
849 2858 1088 2952 prospexisse.
1104 2858 1187 2926 Non
1200 2855 1385 2948 scriberet,

318 2993 358 3040 se
373 2965 606 3063 vectigalibus
620 2964 870 3064 prospexisse,
889 2966 956 3034 nisi
972 2964 1043 3036 hoc
1058 2964 1163 3036 vellet
1177 2969 1387 3057 ostendere,

228 3058 237 3083 ⁸
319 3091 355 3147 te
371 3073 557 3174 vectigalia
577 3074 787 3172 perdidisse.
806 3073 903 3166 Quid
921 3076 1017 3145 enim
1038 3090 1134 3163 erat,
1157 3078 1258 3174 quod
1273 3081 1384 3151 vecti-

282 3234 287 3241 ·
321 3184 461 3282 galibus
477 3188 700 3282 prospiceret
715 3184 880 3256 Metellus
896 3186 934 3256 in
954 3184 1136 3274 decumis,
1151 3192 1239 3258 etin
1253 3203 1329 3258 tota
1345 3212 1386 3259 rc
1415 3208 1418 3215 ‘

321 3293 572 3382 frumentaria,
590 3297 619 3365 si
638 3296 705 3364 iste
721 3320 796 3366 nou
815 3296 1001 3395 vectigalia
1019 3296 1145 3395 populi
1162 3302 1300 3367 romani
1317 3322 1385 3368 suo

316 3419 460 3500 quaestu
481 3405 734 3500 pervertisset?
752 3410 870 3502 Atque
893 3408 970 3503 ipse
990 3405 1174 3491 Metellus,
1193 3409 1258 3501 qui
1279 3409 1386 3478 vecti·

354 3600 404 3645 LV.
427 3612 450 3642 1·
472 3596 599 3661 Dejectcs‚
620 3597 723 3659 ejectoss
735 3599 829 3660 Dejecti
873 3600 967 3646 ciorum
976 3612 1062 3657 muse,
1076 3599 1246 3656 constitutum
1260 3611 1284 3648 et
1292 3602 1385 3650 etiamsi
1478 3586 1511 3633 >²³

317 3676 559 3740 dieuntnr‚quieut
574 3677 830 3738 viexterue,eutce·
873 3676 936 3725 nibil
961 3676 1099 3725 detrimenti
1123 3677 1256 3743 accepisset
1277 3680 1384 3744 populns
1402 3718 1416 3735 .
1460 3702 1464 3712 ·

316 3757 423 3806 lumitate
449 3756 531 3820 alique
556 3755 667 3806 roman
692 3774 748 3808 erm
772 3760 830 3807 emi·
872 3771 987 3804 romtnue
999 3773 1082 3805 severe
1094 3768 1174 3807 nmen
1187 3759 1383 3808 eoeioeeeeenl·
1484 3766 1498 3789 ³

318 3849 410 3886 serunt.
426 3838 516 3899 Ejecti,
534 3837 576 3901 qui
590 3837 710 3901 prohibiti
724 3848 781 3885 eunt
789 3853 829 3884 cc·
872 3834 1006 3883 ciecendoe.
1457 3883 1461 3891 ⁴

318 3916 410 3964 cedere.
908 3916 932 3962 3.
949 3917 1020 3964 Salus
1039 3915 1116 3965 Urbis.
1141 3919 1203 3979 Quae
1222 3918 1384 3981 vemgelthes

351 4011 374 4041 s.
390 3996 429 4041 Ee
449 3996 510 4062 lege.
525 3998 560 4046 llt
577 3997 673 4057 iudices
690 3992 769 4042 officit
790 3995 829 4041 sui
872 4005 896 4043 et
907 4011 933 4042 re
948 3995 1103 4042 frumentaria
1116 3997 1262 4044 continetur.
1283 3998 1322 4045 Sic
1337 4016 1383 4063 pm

313 4084 480 4132 commoueat,
503 4076 592 4140 supine
614 4074 737 4131 inculcet,
749 4072 827 4135 legen
871 4075 924 4136 lege
935 4075 1045 4132 Manilie,
1056 4092 1079 4123 c.
1090 4090 1116 4131 s,
1130 4075 1263 4140 vectigelie,
1274 4077 1383 4126 subsidio

312 4168 361 4215 que
372 4150 484 4213 judicant
497 4169 549 4204 esse
562 4153 594 4201 de
608 4152 767 4217 rqretundie,
787 4170 826 4201 ec·
871 4153 965 4227 bellict
978 4155 1047 4218 pecie
1060 4167 1201 4204 ornamenta
1214 4156 1330 4221 appellet.
