<?xml version="1.0" encoding="UTF-8"?>
<!DOCTYPE html PUBLIC "-//W3C//DTD XHTML 1.0 Transitional//EN"
    "http://www.w3.org/TR/xhtml1/DTD/xhtml1-transitional.dtd">
<html xmlns="http://www.w3.org/1999/xhtml" xml:lang="en" lang="en">
 <head>
  <title>
</title>
<meta http-equiv="Content-Type" content="text/html;charset=utf-8" />
  <meta name='ocr-system' content='tesseract 3.04.00' />
  <meta name='ocr-capabilities' content='ocr_page ocr_carea ocr_par ocr_line ocrx_word'/>
</head>
<body>
  <div class='ocr_page' id='page_1' title='image "./mtciceronisquae00bouigoog/mtciceronisquae00bouigoog_0562.png"; bbox 0 0 3116 4774; ppageno 0'>
   <div class='ocr_carea' id='block_1_1' title="bbox 397 419 1238 520">
    <p class='ocr_par' dir='ltr' id='par_1_1' title="bbox 397 419 1238 520">
     <span class='ocr_line' id='line_1_1' title="bbox 397 419 1238 520; baseline 0.007 -33"><span class='ocrx_word' id='word_1_1' title='bbox 397 420 590 489; x_wconf 74' lang='lat' dir='ltr'>outrto</span> <span class='ocrx_word' id='word_1_2' title='bbox 615 419 716 486; x_wconf 82' lang='lat' dir='ltr'>ruo</span> <span class='ocrx_word' id='word_1_3' title='bbox 742 422 782 487; x_wconf 76' lang='grc' dir='ltr'>Α.</span> <span class='ocrx_word' id='word_1_4' title='bbox 809 419 1019 492; x_wconf 73' lang='lat' dir='ltr'>cinctus.</span> <span class='ocrx_word' id='word_1_5' title='bbox 1168 423 1238 520; x_wconf 79' lang='lat'>509</span> 
     </span>
    </p>
   </div>
   <div class='ocr_carea' id='block_1_2' title="bbox 180 537 1243 1848">
    <p class='ocr_par' dir='ltr' id='par_1_2' title="bbox 180 537 1243 1848">
     <span class='ocr_line' id='line_1_2' title="bbox 180 537 1239 617; baseline 0.001 -1"><span class='ocrx_word' id='word_1_6' title='bbox 180 544 248 616; x_wconf 89' lang='lat' dir='ltr'>bus</span> <span class='ocrx_word' id='word_1_7' title='bbox 264 542 444 613; x_wconf 82' lang='lat' dir='ltr'>amitteret</span> <span class='ocrx_word' id='word_1_8' title='bbox 461 537 726 612; x_wconf 78' lang='lat' dir='ltr'>hereditatem⁸.</span> <span class='ocrx_word' id='word_1_9' title='bbox 741 542 902 613; x_wconf 88' lang='lat' dir='ltr'>Veniunt</span> <span class='ocrx_word' id='word_1_10' title='bbox 915 544 952 612; x_wconf 94' lang='lat' dir='ltr'>in</span> <span class='ocrx_word' id='word_1_11' title='bbox 976 558 1132 616; x_wconf 86' lang='lat' dir='ltr'><strong>mentem</strong></span> <span class='ocrx_word' id='word_1_12' title='bbox 1150 546 1239 617; x_wconf 89' lang='lat' dir='ltr'>mihi</span> 
     </span>
     <span class='ocr_line' id='line_1_3' title="bbox 180 649 1238 750; baseline 0.007 -29"><span class='ocrx_word' id='word_1_13' title='bbox 180 652 381 750; x_wconf 83' lang='lat' dir='ltr'>permulta:</span> <span class='ocrx_word' id='word_1_14' title='bbox 407 649 510 721; x_wconf 86' lang='lat' dir='ltr'>vobis</span> <span class='ocrx_word' id='word_1_15' title='bbox 535 649 659 748; x_wconf 82' lang='lat' dir='ltr'>plura,</span> <span class='ocrx_word' id='word_1_16' title='bbox 686 664 785 725; x_wconf 88' lang='lat' dir='ltr'>certo</span> <span class='ocrx_word' id='word_1_17' title='bbox 814 653 899 722; x_wconf 91' lang='lat' dir='ltr'>scio.</span> <span class='ocrx_word' id='word_1_18' title='bbox 929 656 1085 742; x_wconf 85' lang='lat' dir='ltr'>Verum,</span> <span class='ocrx_word' id='word_1_19' title='bbox 1111 681 1158 728; x_wconf 86' lang='lat' dir='ltr'>ne</span> <span class='ocrx_word' id='word_1_20' title='bbox 1182 659 1238 727; x_wconf 94' lang='lat' dir='ltr'>ni-</span> 
     </span>
     <span class='ocr_line' id='line_1_4' title="bbox 180 759 1238 863; baseline 0.005 -31"><span class='ocrx_word' id='word_1_21' title='bbox 180 765 294 833; x_wconf 90' lang='lat' dir='ltr'>mium</span> <span class='ocrx_word' id='word_1_22' title='bbox 312 759 424 830; x_wconf 81' lang='lat' dir='ltr'>multa</span> <span class='ocrx_word' id='word_1_23' title='bbox 442 759 736 856; x_wconf 83' lang='lat' dir='ltr'>complectamur,</span> <span class='ocrx_word' id='word_1_24' title='bbox 758 775 867 856; x_wconf 87' lang='lat' dir='ltr'>atque</span> <span class='ocrx_word' id='word_1_25' title='bbox 884 760 930 831; x_wconf 93' lang='lat' dir='ltr'>ab</span> <span class='ocrx_word' id='word_1_26' title='bbox 952 786 1013 847; x_wconf 92' lang='lat' dir='ltr'>eo,</span> <span class='ocrx_word' id='word_1_27' title='bbox 1033 764 1132 860; x_wconf 93' lang='lat' dir='ltr'>quod</span> <span class='ocrx_word' id='word_1_28' title='bbox 1152 791 1238 863; x_wconf 90' lang='lat' dir='ltr'>pro·</span> 
     </span>
     <span class='ocr_line' id='line_1_5' title="bbox 181 867 1241 969; baseline 0.007 -28"><span class='ocrx_word' id='word_1_29' title='bbox 181 871 337 967; x_wconf 91' lang='lat' dir='ltr'>positum</span> <span class='ocrx_word' id='word_1_30' title='bbox 352 883 424 956; x_wconf 87' lang='lat' dir='ltr'>est,</span> <span class='ocrx_word' id='word_1_31' title='bbox 441 868 583 965; x_wconf 84' lang='lat' dir='ltr'>longius</span> <span class='ocrx_word' id='word_1_32' title='bbox 600 867 742 941; x_wconf 87' lang='lat' dir='ltr'>aberret</span> <span class='ocrx_word' id='word_1_33' title='bbox 756 873 892 957; x_wconf 85' lang='lat' dir='ltr'>orati03</span> <span class='ocrx_word' id='word_1_34' title='bbox 911 870 980 942; x_wconf 92' lang='lat' dir='ltr'>boc</span> <span class='ocrx_word' id='word_1_35' title='bbox 999 873 1118 969; x_wconf 91' lang='lat' dir='ltr'>ipsum</span> <span class='ocrx_word' id='word_1_36' title='bbox 1136 876 1241 948; x_wconf 89' lang='lat' dir='ltr'>inter·</span> 
     </span>
     <span class='ocr_line' id='line_1_6' title="bbox 181 976 1241 1079; baseline 0.008 -31"><span class='ocrx_word' id='word_1_37' title='bbox 181 977 336 1065; x_wconf 90' lang='lat' dir='ltr'>dictum,</span> <span class='ocrx_word' id='word_1_38' title='bbox 348 976 394 1049; x_wconf 92' lang='lat' dir='ltr'>de</span> <span class='ocrx_word' id='word_1_39' title='bbox 406 1002 481 1074; x_wconf 90' lang='lat' dir='ltr'>quo</span> <span class='ocrx_word' id='word_1_40' title='bbox 492 981 620 1076; x_wconf 83' lang='lat' dir='ltr'>agitur,</span> <span class='ocrx_word' id='word_1_41' title='bbox 630 977 909 1051; x_wconf 87' lang='lat' dir='ltr'>consideremus.</span> <span class='ocrx_word' id='word_1_42' title='bbox 921 981 1131 1079; x_wconf 83' lang='lat' dir='ltr'>Intelligetis</span> <span class='ocrx_word' id='word_1_43' title='bbox 1143 987 1241 1056; x_wconf 89' lang='lat' dir='ltr'>enim</span> 
     </span>
     <span class='ocr_line' id='line_1_7' title="bbox 181 1087 1239 1186; baseline 0.006 -28"><span class='ocrx_word' id='word_1_44' title='bbox 181 1091 276 1160; x_wconf 87' lang='lat' dir='ltr'>ineo</span> <span class='ocrx_word' id='word_1_45' title='bbox 289 1089 389 1186; x_wconf 90' lang='lat' dir='ltr'>ipso,</span> <span class='ocrx_word' id='word_1_46' title='bbox 406 1090 486 1159; x_wconf 89' lang='lat' dir='ltr'>siin</span> <span class='ocrx_word' id='word_1_47' title='bbox 500 1087 621 1161; x_wconf 88' lang='lat' dir='ltr'>verbis</span> <span class='ocrx_word' id='word_1_48' title='bbox 634 1088 694 1183; x_wconf 85' lang='lat' dir='ltr'>jus</span> <span class='ocrx_word' id='word_1_49' title='bbox 708 1092 990 1178; x_wconf 83' lang='lat' dir='ltr'><strong>constituamus,</strong></span> <span class='ocrx_word' id='word_1_50' title='bbox 1007 1116 1153 1162; x_wconf 91' lang='lat' dir='ltr'>omnem</span> <span class='ocrx_word' id='word_1_51' title='bbox 1169 1096 1239 1164; x_wconf 92' lang='lat' dir='ltr'>uti·</span> 
     </span>
     <span class='ocr_line' id='line_1_8' title="bbox 180 1196 1240 1291; baseline 0.008 -25"><span class='ocrx_word' id='word_1_52' title='bbox 180 1197 314 1269; x_wconf 85' lang='lat' dir='ltr'>litatem</span> <span class='ocrx_word' id='word_1_53' title='bbox 335 1221 404 1270; x_wconf 90' lang='lat' dir='ltr'>nos</span> <span class='ocrx_word' id='word_1_54' title='bbox 424 1197 533 1291; x_wconf 88' lang='lat' dir='ltr'>hujus</span> <span class='ocrx_word' id='word_1_55' title='bbox 552 1196 751 1285; x_wconf 82' lang='lat' dir='ltr'>interdicti,</span> <span class='ocrx_word' id='word_1_56' title='bbox 778 1196 864 1270; x_wconf 91' lang='lat' dir='ltr'>dum</span> <span class='ocrx_word' id='word_1_57' title='bbox 895 1202 1030 1270; x_wconf 87' lang='lat' dir='ltr'>versuti</span> <span class='ocrx_word' id='word_1_58' title='bbox 1063 1215 1098 1272; x_wconf 90' lang='lat' dir='ltr'>et</span> <span class='ocrx_word' id='word_1_59' title='bbox 1123 1201 1240 1275; x_wconf 85' lang='lat' dir='ltr'>callidi</span> 
     </span>
     <span class='ocr_line' id='line_1_9' title="bbox 180 1308 1241 1398; baseline 0.008 -22"><span class='ocrx_word' id='word_1_60' title='bbox 180 1308 346 1379; x_wconf 89' lang='lat' dir='ltr'>volumus</span> <span class='ocrx_word' id='word_1_61' title='bbox 364 1330 458 1393; x_wconf 87' lang='lat' dir='ltr'>esse,</span> <span class='ocrx_word' id='word_1_62' title='bbox 474 1312 676 1379; x_wconf 84' lang='lat' dir='ltr'>amissuros.</span> <span class='ocrx_word' id='word_1_63' title='bbox 691 1311 796 1379; x_wconf 77' lang='lat' dir='ltr'>Unus</span> <span class='ocrx_word' id='word_1_64' title='bbox 811 1332 877 1394; x_wconf 83' lang='lat' dir='ltr'>ru,</span> <span class='ocrx_word' id='word_1_65' title='bbox 894 1332 965 1378; x_wconf 79' lang='lat' dir='ltr'>suu</span> <span class='ocrx_word' id='word_1_66' title='bbox 983 1334 1151 1398; x_wconf 74' lang='lat' dir='ltr'>usurus,</span> <span class='ocrx_word' id='word_1_67' title='bbox 1171 1338 1241 1384; x_wconf 82' lang='lat' dir='ltr'>sur</span> 
     </span>
     <span class='ocr_line' id='line_1_10' title="bbox 181 1418 1242 1519; baseline 0.009 -34"><span class='ocrx_word' id='word_1_68' title='bbox 181 1441 412 1488; x_wconf 72' lang='lat' dir='ltr'>unocunsron</span> <span class='ocrx_word' id='word_1_69' title='bbox 437 1440 533 1488; x_wconf 78' lang='lat' dir='ltr'>uuus.</span> <span class='ocrx_word' id='word_1_70' title='bbox 557 1418 669 1488; x_wconf 83' lang='lat' dir='ltr'>sime</span> <span class='ocrx_word' id='word_1_71' title='bbox 694 1419 832 1489; x_wconf 85' lang='lat' dir='ltr'>villicus</span> <span class='ocrx_word' id='word_1_72' title='bbox 851 1432 959 1490; x_wconf 81' lang='lat' dir='ltr'>tuus⁹</span> <span class='ocrx_word' id='word_1_73' title='bbox 976 1419 1074 1492; x_wconf 89' lang='lat' dir='ltr'>solus</span> <span class='ocrx_word' id='word_1_74' title='bbox 1091 1421 1242 1519; x_wconf 88' lang='lat' dir='ltr'>dejecis-</span> 
     </span>
     <span class='ocr_line' id='line_1_11' title="bbox 181 1526 1243 1630; baseline 0.008 -33"><span class='ocrx_word' id='word_1_75' title='bbox 181 1541 255 1613; x_wconf 80' lang='lat' dir='ltr'>set3</span> <span class='ocrx_word' id='word_1_76' title='bbox 274 1552 348 1599; x_wconf 89' lang='lat' dir='ltr'>non</span> <span class='ocrx_word' id='word_1_77' title='bbox 369 1526 503 1598; x_wconf 85' lang='lat' dir='ltr'>familia</span> <span class='ocrx_word' id='word_1_78' title='bbox 522 1527 726 1623; x_wconf 88' lang='lat' dir='ltr'>dejecisset,</span> <span class='ocrx_word' id='word_1_79' title='bbox 748 1544 789 1598; x_wconf 92' lang='lat' dir='ltr'>ut</span> <span class='ocrx_word' id='word_1_80' title='bbox 812 1531 952 1626; x_wconf 87' lang='lat' dir='ltr'>opinor,</span> <span class='ocrx_word' id='word_1_81' title='bbox 973 1529 1036 1603; x_wconf 91' lang='lat' dir='ltr'>sed</span> <span class='ocrx_word' id='word_1_82' title='bbox 1055 1533 1183 1630; x_wconf 86' lang='lat' dir='ltr'>aliquis</span> <span class='ocrx_word' id='word_1_83' title='bbox 1198 1533 1243 1606; x_wconf 92' lang='lat' dir='ltr'>de</span> 
     </span>
     <span class='ocr_line' id='line_1_12' title="bbox 183 1633 1241 1741; baseline 0.012 -38"><span class='ocrx_word' id='word_1_84' title='bbox 183 1633 322 1707; x_wconf 80' lang='lat' dir='ltr'>familia.</span> <span class='ocrx_word' id='word_1_85' title='bbox 345 1639 454 1707; x_wconf 87' lang='lat' dir='ltr'>Recte</span> <span class='ocrx_word' id='word_1_86' title='bbox 473 1638 581 1733; x_wconf 85' lang='lat' dir='ltr'>igitur</span> <span class='ocrx_word' id='word_1_87' title='bbox 599 1634 736 1708; x_wconf 84' lang='lat' dir='ltr'>diceres</span> <span class='ocrx_word' id='word_1_88' title='bbox 756 1650 793 1708; x_wconf 90' lang='lat' dir='ltr'>te</span> <span class='ocrx_word' id='word_1_89' title='bbox 811 1641 1006 1712; x_wconf 84' lang='lat' dir='ltr'>restituisse</span> <span class='ocrx_word' id='word_1_90' title='bbox 1018 1642 1071 1711; x_wconf 75' lang='lat'>¹⁰?</span> <span class='ocrx_word' id='word_1_91' title='bbox 1093 1645 1241 1741; x_wconf 90' lang='lat' dir='ltr'>quippe.</span> 
     </span>
     <span class='ocr_line' id='line_1_13' title="bbox 182 1744 1242 1848; baseline 0.007 -31"><span class='ocrx_word' id='word_1_92' title='bbox 182 1745 281 1835; x_wconf 90' lang='lat' dir='ltr'>Quid</span> <span class='ocrx_word' id='word_1_93' title='bbox 300 1748 397 1818; x_wconf 87' lang='lat' dir='ltr'>enim</span> <span class='ocrx_word' id='word_1_94' title='bbox 418 1744 557 1817; x_wconf 85' lang='lat' dir='ltr'>facilius</span> <span class='ocrx_word' id='word_1_95' title='bbox 575 1760 649 1832; x_wconf 91' lang='lat' dir='ltr'>est,</span> <span class='ocrx_word' id='word_1_96' title='bbox 676 1770 786 1843; x_wconf 86' lang='lat' dir='ltr'>quam</span> <span class='ocrx_word' id='word_1_97' title='bbox 804 1744 950 1844; x_wconf 87' lang='lat' dir='ltr'>probari</span> <span class='ocrx_word' id='word_1_98' title='bbox 969 1749 1033 1835; x_wconf 88' lang='lat' dir='ltr'>iis,</span> <span class='ocrx_word' id='word_1_99' title='bbox 1050 1754 1113 1848; x_wconf 93' lang='lat' dir='ltr'>qui</span> <span class='ocrx_word' id='word_1_100' title='bbox 1132 1751 1242 1824; x_wconf 85' lang='lat' dir='ltr'>latine</span> 
     </span>
    </p>
   </div>
   <div class='ocr_carea' id='block_1_3' title="bbox 180 1915 1248 3868">
    <p class='ocr_par' dir='ltr' id='par_1_3' title="bbox 180 1915 1248 3868">
     <span class='ocr_line' id='line_1_14' title="bbox 182 1915 1244 1985; baseline 0.006 -21"><span class='ocrx_word' id='word_1_101' title='bbox 182 1915 249 1964; x_wconf 74' lang='lat' dir='ltr'>Alibi</span> <span class='ocrx_word' id='word_1_102' title='bbox 261 1915 342 1963; x_wconf 79' lang='lat' dir='ltr'>Attius</span> <span class='ocrx_word' id='word_1_103' title='bbox 353 1928 377 1964; x_wconf 84' lang='lat' dir='ltr'>et</span> <span class='ocrx_word' id='word_1_104' title='bbox 389 1916 466 1963; x_wconf 82' lang='lat' dir='ltr'>Titius</span> <span class='ocrx_word' id='word_1_105' title='bbox 477 1916 549 1964; x_wconf 80' lang='lat' dir='ltr'>etiam</span> <span class='ocrx_word' id='word_1_106' title='bbox 560 1915 691 1980; x_wconf 83' lang='lat' dir='ltr'>proverbio</span> <span class='ocrx_word' id='word_1_107' title='bbox 735 1916 778 1964; x_wconf 86' lang='lat' dir='ltr'>liei</span> <span class='ocrx_word' id='word_1_108' title='bbox 790 1932 840 1964; x_wconf 84' lang='lat' dir='ltr'>rem</span> <span class='ocrx_word' id='word_1_109' title='bbox 853 1916 946 1965; x_wconf 87' lang='lat' dir='ltr'>domini</span> <span class='ocrx_word' id='word_1_110' title='bbox 965 1919 1189 1985; x_wconf 72' lang='lat' dir='ltr'>possessionemque</span> <span class='ocrx_word' id='word_1_111' title='bbox 1202 1921 1244 1970; x_wconf 86' lang='lat' dir='ltr'>de·</span> 
     </span>
     <span class='ocr_line' id='line_1_15' title="bbox 182 1994 1244 2059; baseline 0.007 -16"><span class='ocrx_word' id='word_1_112' title='bbox 182 1995 295 2043; x_wconf 88' lang='lat' dir='ltr'>celebrati</span> <span class='ocrx_word' id='word_1_113' title='bbox 304 2006 370 2044; x_wconf 88' lang='lat' dir='ltr'>suut.</span> <span class='ocrx_word' id='word_1_114' title='bbox 381 1995 449 2043; x_wconf 81' lang='lat' dir='ltr'>Idem</span> <span class='ocrx_word' id='word_1_115' title='bbox 457 1994 535 2056; x_wconf 78' lang='lat' dir='ltr'>Attii,</span> <span class='ocrx_word' id='word_1_116' title='bbox 542 1994 611 2059; x_wconf 82' lang='lat' dir='ltr'>quod</span> <span class='ocrx_word' id='word_1_117' title='bbox 620 1995 692 2058; x_wconf 80' lang='lat' dir='ltr'>Titii,</span> <span class='ocrx_word' id='word_1_118' title='bbox 735 1996 847 2055; x_wconf 62' lang='lat' dir='ltr'>tendam</span> <span class='ocrx_word' id='word_1_119' title='bbox 857 2012 903 2059; x_wconf 90' lang='lat' dir='ltr'>pro</span> <span class='ocrx_word' id='word_1_120' title='bbox 916 1997 1037 2047; x_wconf 82' lang='lat' dir='ltr'>Cluentio.</span> <span class='ocrx_word' id='word_1_121' title='bbox 1049 1999 1091 2046; x_wconf 85' lang='lat' dir='ltr'>Est</span> <span class='ocrx_word' id='word_1_122' title='bbox 1102 2010 1183 2048; x_wconf 87' lang='lat' dir='ltr'>autem</span> <span class='ocrx_word' id='word_1_123' title='bbox 1191 2001 1244 2050; x_wconf 72' lang='lat' dir='ltr'>hec</span> 
     </span>
     <span class='ocr_line' id='line_1_16' title="bbox 182 2073 927 2137; baseline 0.001 -15"><span class='ocrx_word' id='word_1_124' title='bbox 182 2085 211 2123; x_wconf 90' lang='lat' dir='ltr'>ut</span> <span class='ocrx_word' id='word_1_125' title='bbox 223 2076 294 2124; x_wconf 86' lang='lat' dir='ltr'>etiam</span> <span class='ocrx_word' id='word_1_126' title='bbox 307 2075 384 2123; x_wconf 80' lang='lat' dir='ltr'>Titius</span> <span class='ocrx_word' id='word_1_127' title='bbox 391 2085 415 2123; x_wconf 91' lang='lat' dir='ltr'>et</span> <span class='ocrx_word' id='word_1_128' title='bbox 425 2075 493 2123; x_wconf 81' lang='lat' dir='ltr'>Seius</span> <span class='ocrx_word' id='word_1_129' title='bbox 506 2073 572 2137; x_wconf 86' lang='lat' dir='ltr'>spud</span> <span class='ocrx_word' id='word_1_130' title='bbox 582 2076 691 2122; x_wconf 84' lang='lat' dir='ltr'>Juvena·</span> <span class='ocrx_word' id='word_1_131' title='bbox 735 2073 812 2123; x_wconf 86' lang='lat' dir='ltr'>fictio.</span> <span class='ocrx_word' id='word_1_132' title='bbox 828 2076 927 2123; x_wconf 75' lang='lat' dir='ltr'>Pasira.</span> 
     </span>
     <span class='ocr_line' id='line_1_17' title="bbox 182 2151 1245 2219; baseline 0.002 -18"><span class='ocrx_word' id='word_1_133' title='bbox 182 2153 229 2201; x_wconf 85' lang='lat' dir='ltr'>lem</span> <span class='ocrx_word' id='word_1_134' title='bbox 240 2164 265 2202; x_wconf 86' lang='lat' dir='ltr'>et</span> <span class='ocrx_word' id='word_1_135' title='bbox 271 2154 337 2219; x_wconf 87' lang='lat' dir='ltr'>apud</span> <span class='ocrx_word' id='word_1_136' title='bbox 349 2154 512 2203; x_wconf 75' lang='lat' dir='ltr'>Plutarchum.</span> <span class='ocrx_word' id='word_1_137' title='bbox 526 2154 586 2201; x_wconf 82' lang='lat' dir='ltr'>Nou</span> <span class='ocrx_word' id='word_1_138' title='bbox 598 2162 634 2198; x_wconf 88' lang='lat' dir='ltr'>est</span> <span class='ocrx_word' id='word_1_139' title='bbox 644 2152 692 2215; x_wconf 84' lang='lat' dir='ltr'>igi·</span> <span class='ocrx_word' id='word_1_140' title='bbox 773 2166 811 2198; x_wconf 83' lang='lat' dir='ltr'>ro.</span> <span class='ocrx_word' id='word_1_141' title='bbox 825 2153 896 2199; x_wconf 77' lang='lat' dir='ltr'>Recte</span> <span class='ocrx_word' id='word_1_142' title='bbox 907 2152 984 2215; x_wconf 77' lang='lat' dir='ltr'>igitm</span> <span class='ocrx_word' id='word_1_143' title='bbox 994 2151 1085 2200; x_wconf 77' lang='lat' dir='ltr'>diceres</span> <span class='ocrx_word' id='word_1_144' title='bbox 1097 2164 1121 2201; x_wconf 87' lang='lat' dir='ltr'>te</span> <span class='ocrx_word' id='word_1_145' title='bbox 1132 2154 1245 2204; x_wconf 67' lang='lat' dir='ltr'>metuati-</span> 
     </span>
     <span class='ocr_line' id='line_1_18' title="bbox 183 2228 1244 2293; baseline 0.001 -12"><span class='ocrx_word' id='word_1_146' title='bbox 183 2230 691 2293; x_wconf 80' lang='lat' dir='ltr'>turerrorinnomine‚sedluhia:«1sque</span> <span class='ocrx_word' id='word_1_147' title='bbox 735 2234 780 2276; x_wconf 78' lang='lat' dir='ltr'>se?</span> <span class='ocrx_word' id='word_1_148' title='bbox 795 2228 902 2275; x_wconf 79' lang='lat' dir='ltr'>Notatur</span> <span class='ocrx_word' id='word_1_149' title='bbox 919 2229 1003 2292; x_wconf 81' lang='lat' dir='ltr'>lorus,</span> <span class='ocrx_word' id='word_1_150' title='bbox 1018 2231 1058 2277; x_wconf 92' lang='lat' dir='ltr'>cui</span> <span class='ocrx_word' id='word_1_151' title='bbox 1077 2231 1167 2279; x_wconf 87' lang='lat' dir='ltr'>similes</span> <span class='ocrx_word' id='word_1_152' title='bbox 1187 2243 1244 2281; x_wconf 87' lang='lat' dir='ltr'>suut</span> 
     </span>
     <span class='ocr_line' id='line_1_19' title="bbox 180 2306 1244 2372; baseline 0 -12"><span class='ocrx_word' id='word_1_153' title='bbox 180 2313 231 2372; x_wconf 81' lang='lat' dir='ltr'>jam</span> <span class='ocrx_word' id='word_1_154' title='bbox 239 2327 357 2360; x_wconf 86' lang='lat' dir='ltr'>anuosxx</span> <span class='ocrx_word' id='word_1_155' title='bbox 367 2311 480 2369; x_wconf 86' lang='lat' dir='ltr'>baberet,</span> <span class='ocrx_word' id='word_1_156' title='bbox 490 2309 560 2357; x_wconf 81' lang='lat' dir='ltr'>robis</span> <span class='ocrx_word' id='word_1_157' title='bbox 568 2309 690 2372; x_wconf 82' lang='lat' dir='ltr'>iuterpre-</span> <span class='ocrx_word' id='word_1_158' title='bbox 732 2306 773 2355; x_wconf 90' lang='lat' dir='ltr'>alii</span> <span class='ocrx_word' id='word_1_159' title='bbox 784 2322 856 2370; x_wconf 86' lang='lat' dir='ltr'>quam</span> <span class='ocrx_word' id='word_1_160' title='bbox 865 2306 936 2354; x_wconf 88' lang='lat' dir='ltr'>multi</span> <span class='ocrx_word' id='word_1_161' title='bbox 944 2321 951 2356; x_wconf 91' lang='lat'>:</span> <span class='ocrx_word' id='word_1_162' title='bbox 960 2323 991 2354; x_wconf 80' lang='lat' dir='ltr'>ex</span> <span class='ocrx_word' id='word_1_163' title='bbox 1000 2307 1090 2371; x_wconf 87' lang='lat' dir='ltr'>quibus</span> <span class='ocrx_word' id='word_1_164' title='bbox 1099 2325 1184 2358; x_wconf 85' lang='lat' dir='ltr'>verum</span> <span class='ocrx_word' id='word_1_165' title='bbox 1192 2328 1244 2360; x_wconf 90' lang='lat' dir='ltr'>essa</span> 
     </span>
     <span class='ocr_line' id='line_1_20' title="bbox 183 2384 1246 2455; baseline -0.003 -18"><span class='ocrx_word' id='word_1_166' title='bbox 183 2390 248 2438; x_wconf 89' lang='lat' dir='ltr'>tibus</span> <span class='ocrx_word' id='word_1_167' title='bbox 264 2391 382 2439; x_wconf 86' lang='lat' dir='ltr'>amitteret</span> <span class='ocrx_word' id='word_1_168' title='bbox 396 2388 552 2438; x_wconf 87' lang='lat' dir='ltr'>hereditatem</span> <span class='ocrx_word' id='word_1_169' title='bbox 563 2409 586 2436; x_wconf 71' lang='lat' dir='ltr'>n.</span> <span class='ocrx_word' id='word_1_170' title='bbox 604 2387 691 2434; x_wconf 85' lang='lat' dir='ltr'>Gravis</span> <span class='ocrx_word' id='word_1_171' title='bbox 733 2385 884 2449; x_wconf 82' lang='lat' dir='ltr'>intelligitur,</span> <span class='ocrx_word' id='word_1_172' title='bbox 891 2384 959 2449; x_wconf 89' lang='lat' dir='ltr'>quod</span> <span class='ocrx_word' id='word_1_173' title='bbox 968 2397 1038 2435; x_wconf 88' lang='lat' dir='ltr'>antee</span> <span class='ocrx_word' id='word_1_174' title='bbox 1049 2386 1163 2448; x_wconf 85' lang='lat' dir='ltr'>diximus,</span> <span class='ocrx_word' id='word_1_175' title='bbox 1173 2404 1246 2455; x_wconf 80' lang='lat' dir='ltr'>spon-</span> 
     </span>
     <span class='ocr_line' id='line_1_21' title="bbox 183 2464 1243 2530; baseline 0.002 -14"><span class='ocrx_word' id='word_1_176' title='bbox 183 2484 251 2516; x_wconf 85' lang='lat' dir='ltr'>earor</span> <span class='ocrx_word' id='word_1_177' title='bbox 263 2479 299 2516; x_wconf 86' lang='lat' dir='ltr'>est</span> <span class='ocrx_word' id='word_1_178' title='bbox 311 2469 338 2516; x_wconf 88' lang='lat' dir='ltr'>iu</span> <span class='ocrx_word' id='word_1_179' title='bbox 352 2469 445 2515; x_wconf 87' lang='lat' dir='ltr'>numeri</span> <span class='ocrx_word' id='word_1_180' title='bbox 458 2467 533 2513; x_wconf 88' lang='lat' dir='ltr'>notis.</span> <span class='ocrx_word' id='word_1_181' title='bbox 550 2465 612 2528; x_wconf 88' lang='lat' dir='ltr'>Quis</span> <span class='ocrx_word' id='word_1_182' title='bbox 626 2465 691 2512; x_wconf 88' lang='lat' dir='ltr'>enim</span> <span class='ocrx_word' id='word_1_183' title='bbox 733 2465 809 2513; x_wconf 86' lang='lat' dir='ltr'>sionis</span> <span class='ocrx_word' id='word_1_184' title='bbox 816 2464 911 2524; x_wconf 82' lang='lat' dir='ltr'>verbis,</span> <span class='ocrx_word' id='word_1_185' title='bbox 921 2465 1010 2528; x_wconf 87' lang='lat' dir='ltr'>quibus</span> <span class='ocrx_word' id='word_1_186' title='bbox 1020 2466 1074 2530; x_wconf 88' lang='lat' dir='ltr'>quis</span> <span class='ocrx_word' id='word_1_187' title='bbox 1090 2468 1243 2518; x_wconf 77' lang='lat' dir='ltr'>«restituisse</span> 
     </span>
     <span class='ocr_line' id='line_1_22' title="bbox 183 2542 1244 2612; baseline -0.008 -18"><span class='ocrx_word' id='word_1_188' title='bbox 183 2547 304 2612; x_wconf 86' lang='lat' dir='ltr'>pupillum</span> <span class='ocrx_word' id='word_1_189' title='bbox 312 2560 428 2594; x_wconf 84' lang='lat' dir='ltr'>anuosrx</span> <span class='ocrx_word' id='word_1_190' title='bbox 435 2542 692 2607; x_wconf 80' lang='lat' dir='ltr'>uatumsppellsverit?</span> <span class='ocrx_word' id='word_1_191' title='bbox 734 2560 760 2592; x_wconf 90' lang='lat' dir='ltr'>se</span> <span class='ocrx_word' id='word_1_192' title='bbox 771 2543 831 2591; x_wconf 84' lang='lat' dir='ltr'>dieis</span> <span class='ocrx_word' id='word_1_193' title='bbox 840 2565 865 2601; x_wconf 80' lang='grc' dir='ltr'>ι,</span> <span class='ocrx_word' id='word_1_194' title='bbox 879 2559 932 2593; x_wconf 88' lang='lat' dir='ltr'>uon</span> <span class='ocrx_word' id='word_1_195' title='bbox 940 2545 1031 2593; x_wconf 82' lang='lat' dir='ltr'>iactum</span> <span class='ocrx_word' id='word_1_196' title='bbox 1041 2545 1122 2610; x_wconf 89' lang='lat' dir='ltr'>ipsum</span> <span class='ocrx_word' id='word_1_197' title='bbox 1132 2562 1244 2611; x_wconf 59' lang='lat' dir='ltr'>compre.</span> 
     </span>
     <span class='ocr_line' id='line_1_23' title="bbox 183 2622 1244 2690; baseline 0.001 -17"><span class='ocrx_word' id='word_1_198' title='bbox 183 2625 292 2689; x_wconf 83' lang='lat' dir='ltr'>Pupillus</span> <span class='ocrx_word' id='word_1_199' title='bbox 309 2641 323 2671; x_wconf 85' lang='lat' dir='ltr'>a</span> <span class='ocrx_word' id='word_1_200' title='bbox 340 2623 415 2672; x_wconf 84' lang='lat' dir='ltr'>tutela</span> <span class='ocrx_word' id='word_1_201' title='bbox 431 2622 559 2680; x_wconf 77' lang='lat' dir='ltr'>libentur,</span> <span class='ocrx_word' id='word_1_202' title='bbox 573 2622 645 2670; x_wconf 90' lang='lat' dir='ltr'>simul</span> <span class='ocrx_word' id='word_1_203' title='bbox 661 2638 689 2669; x_wconf 90' lang='lat' dir='ltr'>ac</span> <span class='ocrx_word' id='word_1_204' title='bbox 733 2622 808 2670; x_wconf 90' lang='lat' dir='ltr'>hendi</span> <span class='ocrx_word' id='word_1_205' title='bbox 825 2636 831 2669; x_wconf 91' lang='lat'><strong>:</strong></span> <span class='ocrx_word' id='word_1_206' title='bbox 849 2623 897 2671; x_wconf 87' lang='lat' dir='ltr'>hoe</span> <span class='ocrx_word' id='word_1_207' title='bbox 915 2635 966 2683; x_wconf 89' lang='lat' dir='ltr'>est,</span> <span class='ocrx_word' id='word_1_208' title='bbox 986 2640 1037 2672; x_wconf 89' lang='lat' dir='ltr'>nou</span> <span class='ocrx_word' id='word_1_209' title='bbox 1057 2626 1122 2673; x_wconf 85' lang='lat' dir='ltr'>sacto</span> <span class='ocrx_word' id='word_1_210' title='bbox 1140 2626 1195 2690; x_wconf 89' lang='lat' dir='ltr'>ipso</span> <span class='ocrx_word' id='word_1_211' title='bbox 1214 2643 1244 2674; x_wconf 85' lang='lat' dir='ltr'>ac</span> 
     </span>
     <span class='ocr_line' id='line_1_24' title="bbox 184 2699 1244 2767; baseline 0.003 -16"><span class='ocrx_word' id='word_1_212' title='bbox 184 2703 261 2767; x_wconf 86' lang='lat' dir='ltr'>pubes</span> <span class='ocrx_word' id='word_1_213' title='bbox 271 2719 321 2751; x_wconf 90' lang='lat' dir='ltr'>esse</span> <span class='ocrx_word' id='word_1_214' title='bbox 332 2702 429 2767; x_wconf 83' lang='lat' dir='ltr'>incipit.</span> <span class='ocrx_word' id='word_1_215' title='bbox 442 2701 553 2766; x_wconf 85' lang='lat' dir='ltr'>Incipere</span> <span class='ocrx_word' id='word_1_216' title='bbox 566 2711 646 2749; x_wconf 89' lang='lat' dir='ltr'>autem</span> <span class='ocrx_word' id='word_1_217' title='bbox 660 2699 690 2748; x_wconf 88' lang='lat' dir='ltr'>ab</span> <span class='ocrx_word' id='word_1_218' title='bbox 733 2717 817 2748; x_wconf 86' lang='lat' dir='ltr'>revera</span> <span class='ocrx_word' id='word_1_219' title='bbox 826 2701 905 2749; x_wconf 86' lang='lat' dir='ltr'>dicere</span> <span class='ocrx_word' id='word_1_220' title='bbox 914 2718 1055 2765; x_wconf 84' lang='lat' dir='ltr'>sponsorem</span> <span class='ocrx_word' id='word_1_221' title='bbox 1066 2720 1091 2751; x_wconf 86' lang='lat' dir='ltr'>se</span> <span class='ocrx_word' id='word_1_222' title='bbox 1098 2705 1244 2754; x_wconf 81' lang='lat' dir='ltr'>restituisse:</span> 
     </span>
     <span class='ocr_line' id='line_1_25' title="bbox 184 2779 1243 2845; baseline 0.005 -18"><span class='ocrx_word' id='word_1_223' title='bbox 184 2781 254 2828; x_wconf 85' lang='lat' dir='ltr'>suuis</span> <span class='ocrx_word' id='word_1_224' title='bbox 270 2790 300 2837; x_wconf 72' lang='lat' dir='ltr'>rt</span> <span class='ocrx_word' id='word_1_225' title='bbox 318 2782 389 2830; x_wconf 87' lang='lat' dir='ltr'>docet</span> <span class='ocrx_word' id='word_1_226' title='bbox 402 2782 568 2840; x_wconf 82' lang='lat' dir='ltr'>Justiuiauus,</span> <span class='ocrx_word' id='word_1_227' title='bbox 584 2779 691 2840; x_wconf 81' lang='lat' dir='ltr'>etjuris·</span> <span class='ocrx_word' id='word_1_228' title='bbox 734 2781 826 2845; x_wconf 88' lang='lat' dir='ltr'>quippe</span> <span class='ocrx_word' id='word_1_229' title='bbox 844 2779 888 2842; x_wconf 89' lang='lat' dir='ltr'>qui</span> <span class='ocrx_word' id='word_1_230' title='bbox 907 2779 978 2828; x_wconf 87' lang='lat' dir='ltr'>nullo</span> <span class='ocrx_word' id='word_1_231' title='bbox 998 2779 1073 2827; x_wconf 86' lang='lat' dir='ltr'>modo</span> <span class='ocrx_word' id='word_1_232' title='bbox 1094 2781 1243 2832; x_wconf 82' lang='lat' dir='ltr'>restitnerit:</span> 
     </span>
     <span class='ocr_line' id='line_1_26' title="bbox 184 2855 1245 2923; baseline -0.001 -16"><span class='ocrx_word' id='word_1_233' title='bbox 184 2860 302 2918; x_wconf 80' lang='lat' dir='ltr'>comulti,</span> <span class='ocrx_word' id='word_1_234' title='bbox 315 2872 340 2907; x_wconf 87' lang='lat' dir='ltr'>et</span> <span class='ocrx_word' id='word_1_235' title='bbox 353 2863 451 2919; x_wconf 78' lang='lat' dir='ltr'>Festus,</span> <span class='ocrx_word' id='word_1_236' title='bbox 462 2871 486 2908; x_wconf 89' lang='lat' dir='ltr'>et</span> <span class='ocrx_word' id='word_1_237' title='bbox 499 2859 549 2909; x_wconf 87' lang='lat' dir='ltr'>alii.</span> <span class='ocrx_word' id='word_1_238' title='bbox 569 2861 690 2923; x_wconf 87' lang='lat' dir='ltr'>Quoniam</span> <span class='ocrx_word' id='word_1_239' title='bbox 734 2874 790 2905; x_wconf 84' lang='lat' dir='ltr'>nam</span> <span class='ocrx_word' id='word_1_240' title='bbox 803 2857 852 2905; x_wconf 86' lang='lat' dir='ltr'>hoe</span> <span class='ocrx_word' id='word_1_241' title='bbox 865 2856 920 2920; x_wconf 89' lang='lat' dir='ltr'>ipso</span> <span class='ocrx_word' id='word_1_242' title='bbox 936 2857 963 2903; x_wconf 91' lang='lat' dir='ltr'>iu</span> <span class='ocrx_word' id='word_1_243' title='bbox 978 2855 1036 2904; x_wconf 87' lang='lat' dir='ltr'>loeo</span> <span class='ocrx_word' id='word_1_244' title='bbox 1051 2856 1096 2920; x_wconf 86' lang='lat' dir='ltr'>qul</span> <span class='ocrx_word' id='word_1_245' title='bbox 1110 2860 1245 2909; x_wconf 83' lang='lat' dir='ltr'>restituisse</span> 
     </span>
     <span class='ocr_line' id='line_1_27' title="bbox 185 2934 1245 3003; baseline 0.003 -19"><span class='ocrx_word' id='word_1_246' title='bbox 185 2938 271 3000; x_wconf 87' lang='lat' dir='ltr'>igitur,</span> <span class='ocrx_word' id='word_1_247' title='bbox 285 2955 358 3002; x_wconf 90' lang='lat' dir='ltr'>quam</span> <span class='ocrx_word' id='word_1_248' title='bbox 370 2942 402 2988; x_wconf 88' lang='lat' dir='ltr'>sit</span> <span class='ocrx_word' id='word_1_249' title='bbox 413 2940 465 2988; x_wconf 77' lang='lat' dir='ltr'>bssc</span> <span class='ocrx_word' id='word_1_250' title='bbox 477 2940 560 3003; x_wconf 83' lang='lat' dir='ltr'>iniqua</span> <span class='ocrx_word' id='word_1_251' title='bbox 570 2939 690 3003; x_wconf 87' lang='lat' dir='ltr'>iuterprs·</span> <span class='ocrx_word' id='word_1_252' title='bbox 735 2952 761 2984; x_wconf 91' lang='lat' dir='ltr'>se</span> <span class='ocrx_word' id='word_1_253' title='bbox 774 2935 848 2995; x_wconf 84' lang='lat' dir='ltr'>dicit,</span> <span class='ocrx_word' id='word_1_254' title='bbox 862 2949 912 2981; x_wconf 87' lang='lat' dir='ltr'>non</span> <span class='ocrx_word' id='word_1_255' title='bbox 923 2934 1045 2983; x_wconf 87' lang='lat' dir='ltr'>restituit:</span> <span class='ocrx_word' id='word_1_256' title='bbox 1061 2945 1085 2982; x_wconf 88' lang='lat' dir='ltr'>et</span> <span class='ocrx_word' id='word_1_257' title='bbox 1097 2936 1118 2983; x_wconf 91' lang='lat' dir='ltr'>si</span> <span class='ocrx_word' id='word_1_258' title='bbox 1132 2936 1179 2985; x_wconf 87' lang='lat' dir='ltr'>boe</span> <span class='ocrx_word' id='word_1_259' title='bbox 1191 2939 1245 2987; x_wconf 85' lang='lat' dir='ltr'>aliis</span> 
     </span>
     <span class='ocr_line' id='line_1_28' title="bbox 186 3012 1246 3083; baseline 0.002 -19"><span class='ocrx_word' id='word_1_260' title='bbox 186 3018 262 3076; x_wconf 87' lang='lat' dir='ltr'>tatio,</span> <span class='ocrx_word' id='word_1_261' title='bbox 280 3029 396 3082; x_wconf 84' lang='lat' dir='ltr'>quantum</span> <span class='ocrx_word' id='word_1_262' title='bbox 416 3029 514 3083; x_wconf 88' lang='lat' dir='ltr'>potest,</span> <span class='ocrx_word' id='word_1_263' title='bbox 533 3028 619 3081; x_wconf 85' lang='lat' dir='ltr'>auget,</span> <span class='ocrx_word' id='word_1_264' title='bbox 636 3017 692 3082; x_wconf 84' lang='lat' dir='ltr'>lego</span> <span class='ocrx_word' id='word_1_265' title='bbox 736 3013 927 3071; x_wconf 85' lang='lat' dir='ltr'>verbiset&#39;ierret,</span> <span class='ocrx_word' id='word_1_266' title='bbox 934 3013 969 3060; x_wconf 87' lang='lat' dir='ltr'>sic</span> <span class='ocrx_word' id='word_1_267' title='bbox 976 3012 1081 3061; x_wconf 84' lang='lat' dir='ltr'>diceret:</span> <span class='ocrx_word' id='word_1_268' title='bbox 1093 3016 1246 3066; x_wconf 76' lang='lat' dir='ltr'>«Restituere</span> 
     </span>
     <span class='ocr_line' id='line_1_29' title="bbox 185 3091 1245 3159; baseline -0.003 -14"><span class='ocrx_word' id='word_1_269' title='bbox 185 3111 264 3144; x_wconf 78' lang='lat' dir='ltr'>armos</span> <span class='ocrx_word' id='word_1_270' title='bbox 284 3114 318 3145; x_wconf 82' lang='lat' dir='ltr'>xv</span> <span class='ocrx_word' id='word_1_271' title='bbox 335 3097 448 3157; x_wconf 61' lang='lat' dir='ltr'>haume,</span> <span class='ocrx_word' id='word_1_272' title='bbox 468 3095 537 3159; x_wconf 84' lang='lat' dir='ltr'>quod</span> <span class='ocrx_word' id='word_1_273' title='bbox 554 3097 596 3144; x_wconf 85' lang='lat' dir='ltr'>laic</span> <span class='ocrx_word' id='word_1_274' title='bbox 615 3111 692 3144; x_wconf 89' lang='lat' dir='ltr'>auuus</span> <span class='ocrx_word' id='word_1_275' title='bbox 736 3091 1245 3156; x_wconf 67' lang='lat' dir='ltr'>nondebeotquippequiuoudeJecerims.</span> 
     </span>
     <span class='ocr_line' id='line_1_30' title="bbox 186 3168 1246 3238; baseline 0.002 -16"><span class='ocrx_word' id='word_1_276' title='bbox 186 3176 278 3238; x_wconf 81' lang='lat' dir='ltr'>primm</span> <span class='ocrx_word' id='word_1_277' title='bbox 299 3188 348 3236; x_wconf 85' lang='lat' dir='ltr'>est,</span> <span class='ocrx_word' id='word_1_278' title='bbox 371 3186 400 3223; x_wconf 89' lang='lat' dir='ltr'>ut</span> <span class='ocrx_word' id='word_1_279' title='bbox 418 3175 455 3223; x_wconf 86' lang='lat' dir='ltr'>illi</span> <span class='ocrx_word' id='word_1_280' title='bbox 476 3190 560 3222; x_wconf 76' lang='lat' dir='ltr'>omma</span> <span class='ocrx_word' id='word_1_281' title='bbox 581 3184 692 3223; x_wconf 86' lang='lat' dir='ltr'>auctores</span> <span class='ocrx_word' id='word_1_282' title='bbox 736 3169 784 3219; x_wconf 81' lang='lat' dir='ltr'>Sed</span> <span class='ocrx_word' id='word_1_283' title='bbox 797 3168 864 3234; x_wconf 90' lang='lat' dir='ltr'>quod</span> <span class='ocrx_word' id='word_1_284' title='bbox 880 3169 1032 3233; x_wconf 74' lang='lat' dir='ltr'>magistratus</span> <span class='ocrx_word' id='word_1_285' title='bbox 1046 3171 1149 3234; x_wconf 90' lang='lat' dir='ltr'>imperio</span> <span class='ocrx_word' id='word_1_286' title='bbox 1161 3189 1246 3237; x_wconf 80' lang='lat' dir='ltr'>patere</span> 
     </span>
     <span class='ocr_line' id='line_1_31' title="bbox 185 3248 1246 3317; baseline -0.004 -14"><span class='ocrx_word' id='word_1_287' title='bbox 185 3264 255 3312; x_wconf 87' lang='lat' dir='ltr'>suut,</span> <span class='ocrx_word' id='word_1_288' title='bbox 263 3271 325 3317; x_wconf 89' lang='lat' dir='ltr'>quos</span> <span class='ocrx_word' id='word_1_289' title='bbox 333 3253 477 3311; x_wconf 74' lang='lat' dir='ltr'>memoravi,</span> <span class='ocrx_word' id='word_1_290' title='bbox 486 3268 572 3316; x_wconf 82' lang='lat' dir='ltr'>exque</span> <span class='ocrx_word' id='word_1_291' title='bbox 581 3252 692 3317; x_wconf 76' lang='lat' dir='ltr'>impubes</span> <span class='ocrx_word' id='word_1_292' title='bbox 735 3250 813 3296; x_wconf 84' lang='lat' dir='ltr'>civem</span> <span class='ocrx_word' id='word_1_293' title='bbox 821 3263 918 3296; x_wconf 87' lang='lat' dir='ltr'>neeesse</span> <span class='ocrx_word' id='word_1_294' title='bbox 927 3258 979 3307; x_wconf 89' lang='lat' dir='ltr'>est,</span> <span class='ocrx_word' id='word_1_295' title='bbox 988 3248 1026 3296; x_wconf 90' lang='lat' dir='ltr'>uti</span> <span class='ocrx_word' id='word_1_296' title='bbox 1035 3248 1081 3297; x_wconf 87' lang='lat' dir='ltr'>bac</span> <span class='ocrx_word' id='word_1_297' title='bbox 1090 3249 1126 3297; x_wconf 89' lang='lat' dir='ltr'>illi</span> <span class='ocrx_word' id='word_1_298' title='bbox 1136 3254 1246 3304; x_wconf 76' lang='lat' dir='ltr'>untione</span> 
     </span>
     <span class='ocr_line' id='line_1_32' title="bbox 185 3327 1245 3395; baseline 0.001 -14"><span class='ocrx_word' id='word_1_299' title='bbox 185 3350 236 3381; x_wconf 89' lang='lat' dir='ltr'>esse</span> <span class='ocrx_word' id='word_1_300' title='bbox 247 3332 325 3382; x_wconf 85' lang='lat' dir='ltr'>desiit.</span> <span class='ocrx_word' id='word_1_301' title='bbox 337 3331 366 3380; x_wconf 84' lang='lat' dir='ltr'>td</span> <span class='ocrx_word' id='word_1_302' title='bbox 377 3331 423 3380; x_wconf 90' lang='lat' dir='ltr'>erit</span> <span class='ocrx_word' id='word_1_303' title='bbox 432 3331 520 3395; x_wconf 89' lang='lat' dir='ltr'>igitur,</span> <span class='ocrx_word' id='word_1_304' title='bbox 531 3354 543 3373; x_wconf 76' lang='grc' dir='ltr'>ι</span> <span class='ocrx_word' id='word_1_305' title='bbox 551 3332 619 3394; x_wconf 89' lang='lat' dir='ltr'>isque</span> <span class='ocrx_word' id='word_1_306' title='bbox 628 3347 693 3381; x_wconf 90' lang='lat' dir='ltr'>auno</span> <span class='ocrx_word' id='word_1_307' title='bbox 736 3343 788 3376; x_wconf 89' lang='lat' dir='ltr'>uou</span> <span class='ocrx_word' id='word_1_308' title='bbox 798 3327 854 3375; x_wconf 89' lang='lat' dir='ltr'>licet</span> <span class='ocrx_word' id='word_1_309' title='bbox 864 3341 871 3377; x_wconf 93' lang='lat'><strong>:</strong></span> <span class='ocrx_word' id='word_1_310' title='bbox 883 3350 895 3369; x_wconf 76' lang='grc' dir='ltr'>ι</span> <span class='ocrx_word' id='word_1_311' title='bbox 904 3327 962 3375; x_wconf 87' lang='lat' dir='ltr'>Non</span> <span class='ocrx_word' id='word_1_312' title='bbox 973 3330 1110 3389; x_wconf 85' lang='lat' dir='ltr'>restituam,</span> <span class='ocrx_word' id='word_1_313' title='bbox 1119 3343 1161 3379; x_wconf 90' lang='lat' dir='ltr'>aut</span> <span class='ocrx_word' id='word_1_314' title='bbox 1175 3336 1245 3382; x_wconf 84' lang='lat' dir='ltr'>resti·</span> 
     </span>
     <span class='ocr_line' id='line_1_33' title="bbox 185 3404 1247 3477; baseline -0.003 -18"><span class='ocrx_word' id='word_1_315' title='bbox 185 3428 236 3459; x_wconf 86' lang='lat' dir='ltr'>uuo</span> <span class='ocrx_word' id='word_1_316' title='bbox 242 3411 297 3477; x_wconf 86' lang='lat' dir='ltr'>plus</span> <span class='ocrx_word' id='word_1_317' title='bbox 303 3410 428 3471; x_wconf 76' lang='lat' dir='ltr'>babmet»,</span> <span class='ocrx_word' id='word_1_318' title='bbox 434 3409 594 3474; x_wconf 85' lang='lat' dir='ltr'>ostendatque</span> <span class='ocrx_word' id='word_1_319' title='bbox 600 3421 692 3474; x_wconf 83' lang='lat' dir='ltr'>quanto</span> <span class='ocrx_word' id='word_1_320' title='bbox 735 3418 803 3456; x_wconf 89' lang='lat' dir='ltr'>tuere</span> <span class='ocrx_word' id='word_1_321' title='bbox 812 3422 863 3455; x_wconf 89' lang='lat' dir='ltr'>uon</span> <span class='ocrx_word' id='word_1_322' title='bbox 870 3404 947 3455; x_wconf 85' lang='lat' dir='ltr'>debeo</span> <span class='ocrx_word' id='word_1_323' title='bbox 955 3428 975 3455; x_wconf 67' lang='lat' dir='ltr'>n.</span> <span class='ocrx_word' id='word_1_324' title='bbox 986 3409 1106 3469; x_wconf 84' lang='lat' dir='ltr'>Quocirca</span> <span class='ocrx_word' id='word_1_325' title='bbox 1115 3411 1247 3462; x_wconf 61' lang='lat' dir='ltr'>restituisse</span> 
     </span>
     <span class='ocr_line' id='line_1_34' title="bbox 185 3486 1246 3553; baseline -0.001 -15"><span class='ocrx_word' id='word_1_326' title='bbox 185 3491 263 3552; x_wconf 85' lang='lat' dir='ltr'>major</span> <span class='ocrx_word' id='word_1_327' title='bbox 274 3489 389 3553; x_wconf 84' lang='lat' dir='ltr'>iniquitas</span> <span class='ocrx_word' id='word_1_328' title='bbox 404 3489 446 3537; x_wconf 88' lang='lat' dir='ltr'>illa</span> <span class='ocrx_word' id='word_1_329' title='bbox 463 3488 544 3537; x_wconf 80' lang='lat' dir='ltr'>lutura</span> <span class='ocrx_word' id='word_1_330' title='bbox 562 3488 607 3547; x_wconf 88' lang='lat' dir='ltr'>sit;</span> <span class='ocrx_word' id='word_1_331' title='bbox 626 3504 693 3538; x_wconf 86' lang='lat' dir='ltr'>error</span> <span class='ocrx_word' id='word_1_332' title='bbox 736 3503 762 3535; x_wconf 90' lang='lat' dir='ltr'>se</span> <span class='ocrx_word' id='word_1_333' title='bbox 773 3486 913 3545; x_wconf 85' lang='lat' dir='ltr'>contendit,</span> <span class='ocrx_word' id='word_1_334' title='bbox 925 3486 951 3534; x_wconf 89' lang='lat' dir='ltr'>id</span> <span class='ocrx_word' id='word_1_335' title='bbox 963 3497 1014 3545; x_wconf 89' lang='lat' dir='ltr'>est,</span> <span class='ocrx_word' id='word_1_336' title='bbox 1026 3488 1178 3551; x_wconf 76' lang='lat' dir='ltr'>magistratus</span> <span class='ocrx_word' id='word_1_337' title='bbox 1191 3491 1246 3537; x_wconf 85' lang='lat' dir='ltr'>edi-</span> 
     </span>
     <span class='ocr_line' id='line_1_35' title="bbox 186 3566 1246 3633; baseline 0.003 -18"><span class='ocrx_word' id='word_1_338' title='bbox 186 3581 265 3618; x_wconf 83' lang='lat' dir='ltr'>autem</span> <span class='ocrx_word' id='word_1_339' title='bbox 275 3586 305 3617; x_wconf 93' lang='lat' dir='ltr'>eo</span> <span class='ocrx_word' id='word_1_340' title='bbox 316 3569 418 3627; x_wconf 75' lang='lat' dir='ltr'>facilior,</span> <span class='ocrx_word' id='word_1_341' title='bbox 429 3567 497 3633; x_wconf 87' lang='lat' dir='ltr'>quod</span> <span class='ocrx_word' id='word_1_342' title='bbox 507 3568 600 3616; x_wconf 87' lang='lat' dir='ltr'>literam</span> <span class='ocrx_word' id='word_1_343' title='bbox 611 3572 644 3629; x_wconf 76' lang='lat' dir='ltr'>V,</span> <span class='ocrx_word' id='word_1_344' title='bbox 655 3568 694 3616; x_wconf 88' lang='lat' dir='ltr'>di·</span> <span class='ocrx_word' id='word_1_345' title='bbox 737 3577 777 3614; x_wconf 87' lang='lat' dir='ltr'>cto</span> <span class='ocrx_word' id='word_1_346' title='bbox 786 3576 858 3630; x_wconf 90' lang='lat' dir='ltr'>atque</span> <span class='ocrx_word' id='word_1_347' title='bbox 868 3566 970 3629; x_wconf 89' lang='lat' dir='ltr'>imperio</span> <span class='ocrx_word' id='word_1_348' title='bbox 980 3581 1072 3614; x_wconf 88' lang='lat' dir='ltr'>morem</span> <span class='ocrx_word' id='word_1_349' title='bbox 1080 3568 1193 3629; x_wconf 78' lang='lat' dir='ltr'>gessisse:</span> <span class='ocrx_word' id='word_1_350' title='bbox 1203 3570 1246 3618; x_wconf 88' lang='lat' dir='ltr'>aed</span> 
     </span>
     <span class='ocr_line' id='line_1_36' title="bbox 185 3643 1248 3712; baseline -0.008 -17"><span class='ocrx_word' id='word_1_351' title='bbox 185 3647 309 3696; x_wconf 80' lang='lat' dir='ltr'>midiatem</span> <span class='ocrx_word' id='word_1_352' title='bbox 322 3663 372 3696; x_wconf 88' lang='lat' dir='ltr'>esse</span> <span class='ocrx_word' id='word_1_353' title='bbox 390 3649 429 3708; x_wconf 85' lang='lat' dir='ltr'>X,</span> <span class='ocrx_word' id='word_1_354' title='bbox 444 3648 514 3696; x_wconf 85' lang='lat' dir='ltr'>etiam</span> <span class='ocrx_word' id='word_1_355' title='bbox 529 3657 620 3696; x_wconf 66' lang='grc' dir='ltr'>νεῖαι-ω</span> <span class='ocrx_word' id='word_1_356' title='bbox 635 3662 694 3712; x_wconf 87' lang='lat' dir='ltr'>pro·</span> <span class='ocrx_word' id='word_1_357' title='bbox 737 3643 782 3693; x_wconf 88' lang='lat' dir='ltr'>sub</span> <span class='ocrx_word' id='word_1_358' title='bbox 791 3661 818 3692; x_wconf 89' lang='lat' dir='ltr'>ea</span> <span class='ocrx_word' id='word_1_359' title='bbox 828 3655 909 3693; x_wconf 87' lang='lat' dir='ltr'>tameu</span> <span class='ocrx_word' id='word_1_360' title='bbox 919 3644 1076 3704; x_wconf 87' lang='lat' dir='ltr'>conditione,</span> <span class='ocrx_word' id='word_1_361' title='bbox 1087 3660 1134 3707; x_wconf 87' lang='lat' dir='ltr'>qua</span> <span class='ocrx_word' id='word_1_362' title='bbox 1144 3656 1169 3692; x_wconf 92' lang='lat' dir='ltr'>et</span> <span class='ocrx_word' id='word_1_363' title='bbox 1178 3650 1248 3696; x_wconf 83' lang='lat' dir='ltr'>resti.</span> 
     </span>
     <span class='ocr_line' id='line_1_37' title="bbox 185 3722 1247 3785; baseline 0.002 -12"><span class='ocrx_word' id='word_1_364' title='bbox 185 3726 307 3780; x_wconf 85' lang='lat' dir='ltr'>dideruut.</span> <span class='ocrx_word' id='word_1_365' title='bbox 320 3728 348 3775; x_wconf 88' lang='lat' dir='ltr'>P.</span> <span class='ocrx_word' id='word_1_366' title='bbox 361 3728 455 3775; x_wconf 72' lang='lat' dir='ltr'>Fisus.</span> <span class='ocrx_word' id='word_1_367' title='bbox 737 3734 805 3772; x_wconf 91' lang='lat' dir='ltr'>tuere</span> <span class='ocrx_word' id='word_1_368' title='bbox 811 3722 921 3785; x_wconf 84' lang='lat' dir='ltr'>jubebat.</span> <span class='ocrx_word' id='word_1_369' title='bbox 932 3722 1039 3773; x_wconf 76' lang='lat' dir='ltr'>iubebat</span> <span class='ocrx_word' id='word_1_370' title='bbox 1048 3733 1128 3770; x_wconf 89' lang='lat' dir='ltr'>autem</span> <span class='ocrx_word' id='word_1_371' title='bbox 1138 3725 1247 3775; x_wconf 86' lang='lat' dir='ltr'>restitue·</span> 
     </span>
     <span class='ocr_line' id='line_1_38' title="bbox 222 3800 1248 3868; baseline -0.004 -16"><span class='ocrx_word' id='word_1_372' title='bbox 222 3807 248 3855; x_wconf 80' lang='lat'>8.</span> <span class='ocrx_word' id='word_1_373' title='bbox 265 3806 394 3854; x_wconf 81' lang='lat' dir='ltr'>Amieteret</span> <span class='ocrx_word' id='word_1_374' title='bbox 409 3802 575 3852; x_wconf 72' lang='lat' dir='ltr'>hereditatem.</span> <span class='ocrx_word' id='word_1_375' title='bbox 596 3804 694 3868; x_wconf 86' lang='lat' dir='ltr'>Quippe</span> <span class='ocrx_word' id='word_1_376' title='bbox 737 3800 776 3860; x_wconf 89' lang='lat' dir='ltr'>re&#39;,</span> <span class='ocrx_word' id='word_1_377' title='bbox 786 3803 806 3849; x_wconf 92' lang='lat' dir='ltr'>si</span> <span class='ocrx_word' id='word_1_378' title='bbox 815 3801 954 3862; x_wconf 85' lang='lat' dir='ltr'>dejecisset:</span> <span class='ocrx_word' id='word_1_379' title='bbox 964 3816 1015 3848; x_wconf 89' lang='lat' dir='ltr'>uon</span> <span class='ocrx_word' id='word_1_380' title='bbox 1029 3800 1164 3862; x_wconf 85' lang='lat' dir='ltr'>dejecerat,</span> <span class='ocrx_word' id='word_1_381' title='bbox 1174 3820 1248 3867; x_wconf 70' lang='lat' dir='ltr'>quam</span> 
     </span>
    </p>
   </div>
   <div class='ocr_carea' id='block_1_4' title="bbox 187 3879 1339 3949">
    <p class='ocr_par' dir='ltr' id='par_1_4' title="bbox 187 3879 1339 3949">
     <span class='ocr_line' id='line_1_39' title="bbox 187 3879 1339 3949; baseline 0.003 -17"><span class='ocrx_word' id='word_1_382' title='bbox 187 3883 229 3946; x_wconf 88' lang='lat' dir='ltr'>qui</span> <span class='ocrx_word' id='word_1_383' title='bbox 248 3885 355 3949; x_wconf 90' lang='lat' dir='ltr'>pupillus</span> <span class='ocrx_word' id='word_1_384' title='bbox 373 3899 425 3933; x_wconf 90' lang='lat' dir='ltr'>nou</span> <span class='ocrx_word' id='word_1_385' title='bbox 442 3893 519 3942; x_wconf 87' lang='lat' dir='ltr'>esset,</span> <span class='ocrx_word' id='word_1_386' title='bbox 539 3892 626 3946; x_wconf 89' lang='lat' dir='ltr'>utpote</span> <span class='ocrx_word' id='word_1_387' title='bbox 643 3897 695 3930; x_wconf 88' lang='lat' dir='ltr'>nou</span> <span class='ocrx_word' id='word_1_388' title='bbox 738 3881 890 3943; x_wconf 77' lang='lat' dir='ltr'>magistratus</span> <span class='ocrx_word' id='word_1_389' title='bbox 902 3879 1005 3942; x_wconf 90' lang='lat' dir='ltr'>imperio</span> <span class='ocrx_word' id='word_1_390' title='bbox 1014 3891 1147 3942; x_wconf 82' lang='lat' dir='ltr'>paruerat:</span> <span class='ocrx_word' id='word_1_391' title='bbox 1164 3892 1187 3929; x_wconf 90' lang='lat' dir='ltr'>et</span> <span class='ocrx_word' id='word_1_392' title='bbox 1198 3884 1247 3935; x_wconf 88' lang='lat' dir='ltr'>boc</span> <span class='ocrx_word' id='word_1_393' title='bbox 1329 3924 1339 3945; x_wconf 85' lang='grc'><em>,</em></span> 
     </span>
    </p>
   </div>
   <div class='ocr_carea' id='block_1_5' title="bbox 186 3956 1248 4182">
    <p class='ocr_par' dir='ltr' id='par_1_5' title="bbox 186 3956 1248 4182">
     <span class='ocr_line' id='line_1_40' title="bbox 187 3956 1244 4028; baseline 0 -20"><span class='ocrx_word' id='word_1_394' title='bbox 187 3961 316 4026; x_wconf 85' lang='lat' dir='ltr'>impubes:</span> <span class='ocrx_word' id='word_1_395' title='bbox 328 3978 383 4011; x_wconf 85' lang='lat' dir='ltr'>nam</span> <span class='ocrx_word' id='word_1_396' title='bbox 397 3961 531 4028; x_wconf 86' lang='lat' dir='ltr'>pubertatis</span> <span class='ocrx_word' id='word_1_397' title='bbox 543 3961 636 4026; x_wconf 90' lang='lat' dir='ltr'>primus</span> <span class='ocrx_word' id='word_1_398' title='bbox 649 3978 694 4010; x_wconf 90' lang='lat' dir='ltr'>au·</span> <span class='ocrx_word' id='word_1_399' title='bbox 738 3959 813 4007; x_wconf 85' lang='lat' dir='ltr'>modo</span> <span class='ocrx_word' id='word_1_400' title='bbox 824 3959 968 4006; x_wconf 88' lang='lat' dir='ltr'>restituerat.</span> <span class='ocrx_word' id='word_1_401' title='bbox 982 3956 1070 4004; x_wconf 86' lang='lat' dir='ltr'>Similis</span> <span class='ocrx_word' id='word_1_402' title='bbox 1083 3957 1152 4007; x_wconf 87' lang='lat' dir='ltr'>loeus</span> <span class='ocrx_word' id='word_1_403' title='bbox 1163 3959 1244 4014; x_wconf 77' lang='lat' dir='ltr'>iufra:</span> 
     </span>
     <span class='ocr_line' id='line_1_41' title="bbox 186 4034 1246 4103; baseline -0.008 -15"><span class='ocrx_word' id='word_1_404' title='bbox 186 4040 486 4103; x_wconf 83' lang='lat' dir='ltr'>uus,quartusdseimus.</span> <span class='ocrx_word' id='word_1_405' title='bbox 497 4043 579 4089; x_wconf 75' lang='lat' dir='ltr'>Hor-r.</span> <span class='ocrx_word' id='word_1_406' title='bbox 739 4038 786 4084; x_wconf 81' lang='lat' dir='ltr'>«Si</span> <span class='ocrx_word' id='word_1_407' title='bbox 801 4036 876 4101; x_wconf 84' lang='lat' dir='ltr'>glebis</span> <span class='ocrx_word' id='word_1_408' title='bbox 889 4035 992 4099; x_wconf 82' lang='lat' dir='ltr'>aliquem</span> <span class='ocrx_word' id='word_1_409' title='bbox 1007 4034 1137 4097; x_wconf 64' lang='lat' dir='ltr'>deieceris,</span> <span class='ocrx_word' id='word_1_410' title='bbox 1152 4040 1246 4100; x_wconf 67' lang='lat' dir='ltr'>jam.</span> 
     </span>
     <span class='ocr_line' id='line_1_42' title="bbox 222 4113 1248 4182; baseline 0.003 -15"><span class='ocrx_word' id='word_1_411' title='bbox 222 4133 247 4181; x_wconf 60' lang='grc' dir='ltr'>ᾳ</span> <span class='ocrx_word' id='word_1_412' title='bbox 261 4119 288 4167; x_wconf 79' lang='lat' dir='ltr'>si</span> <span class='ocrx_word' id='word_1_413' title='bbox 297 4134 335 4167; x_wconf 85' lang='lat' dir='ltr'>me</span> <span class='ocrx_word' id='word_1_414' title='bbox 344 4117 440 4168; x_wconf 60' lang='lat' dir='ltr'>oiim</span> <span class='ocrx_word' id='word_1_415' title='bbox 451 4132 514 4169; x_wconf 78' lang='lat' dir='ltr'>uem.</span> <span class='ocrx_word' id='word_1_416' title='bbox 528 4119 592 4182; x_wconf 85' lang='lat' dir='ltr'>Quia</span> <span class='ocrx_word' id='word_1_417' title='bbox 603 4129 639 4166; x_wconf 84' lang='lat' dir='ltr'>est</span> <span class='ocrx_word' id='word_1_418' title='bbox 650 4117 696 4165; x_wconf 85' lang='lat' dir='ltr'>vil·</span> <span class='ocrx_word' id='word_1_419' title='bbox 739 4134 786 4181; x_wconf 84' lang='lat' dir='ltr'>qne</span> <span class='ocrx_word' id='word_1_420' title='bbox 799 4116 844 4177; x_wconf 88' lang='lat' dir='ltr'>sis,</span> <span class='ocrx_word' id='word_1_421' title='bbox 858 4131 930 4180; x_wconf 88' lang='lat' dir='ltr'>quem</span> <span class='ocrx_word' id='word_1_422' title='bbox 945 4113 1084 4166; x_wconf 86' lang='lat' dir='ltr'>homiuibus</span> <span class='ocrx_word' id='word_1_423' title='bbox 1094 4120 1189 4169; x_wconf 83' lang='lat' dir='ltr'>armatis</span> <span class='ocrx_word' id='word_1_424' title='bbox 1204 4120 1248 4170; x_wconf 85' lang='lat' dir='ltr'>‹le-</span> 
     </span>
    </p>
   </div>
   <div class='ocr_carea' id='block_1_6' title="bbox 0 0 1572 4774">
    <p class='ocr_par' dir='ltr' id='par_1_6' title="bbox 0 0 1572 4774">
     <span class='ocr_line' id='line_1_43' title="bbox 0 0 1572 4774; baseline 0 0"><span class='ocrx_word' id='word_1_425' title='bbox 0 0 1572 4774; x_wconf 95' lang='lat' dir='ltr'> </span> 
     </span>
    </p>
   </div>
  </div>
 </body>
</html>
