3148 4780
330 398 403 488 438
652 405 702 472 Μ.
726 404 766 472 Τ.
791 403 1077 473 CICERONIS

333 529 404 595 Res
424 522 469 594 ad
490 547 575 595 eurn
597 521 780 611 defertur,
810 548 888 596 esse
907 526 1022 596 civem
1038 545 1252 611 romanum,
1272 527 1335 621 qui
1352 549 1393 598 se

333 634 516 729 Syracusis
532 633 571 703 in
589 633 773 704 lautumiis
790 631 899 705 fuisse
918 646 1154 731 quereretur3
1175 657 1306 729 quem,
1320 634 1393 729 jam

333 743 596 840 ingredientem
615 767 762 831 navem,
780 758 818 814 et
836 744 942 815 Verri
958 743 1065 814 nimis
1095 744 1264 814 atrociter
1289 746 1391 813 mini·

334 864 489 939 tantem,
507 877 578 923 ase
591 866 786 923 retractum
800 877 898 939 esse,
912 866 949 924 et
962 866 1180 951 asservatum
1190 907 1200 937 ,
1212 868 1254 924 ut
1264 854 1341 950 ipse
1354 853 1393 922 in

333 986 419 1033 eum
437 976 627 1046 statueret,
641 960 742 1058 quod
759 962 952 1034 videretur.

296 1115 303 1128 ·
382 1072 463 1167 Agit
482 1070 691 1143 hominibus
706 1076 852 1169 gratias,
876 1087 915 1143 et
930 1097 1057 1143 eorum
1083 1095 1165 1170 erga
1186 1096 1226 1143 se
1244 1070 1395 1142 benivo-
1459 1106 1467 1115 ·

334 1179 481 1250 lentiam
507 1179 800 1278 diligentiamque
827 1180 1018 1252 collaudat.
1053 1184 1132 1280 lpse
1157 1179 1395 1250 inflammatus

334 1290 494 1361 scelere²
514 1305 549 1361 et
565 1289 706 1375 surore,
727 1293 766 1360 in
791 1288 912 1361 lorum
937 1293 1046 1362 venit.
1074 1290 1260 1362 Ardebant
1275 1291 1394 1361 oculi:

335 1414 413 1470 toto
426 1423 469 1471 ex
485 1424 548 1471 ore
562 1399 753 1471 crudelitas
766 1400 959 1473 eminebat.
977 1400 1241 1500 Exspectabam
1256 1422 1396 1487 omnes,

336 1534 411 1606 quo
456 1509 601 1580 tandem
638 1532 912 1607 progressurus,
942 1527 1005 1582 aut
1042 1510 1217 1608 quidnam
1255 1525 1397 1581 acturus

336 1614 471 1705 esset33
499 1644 614 1716 quum
639 1635 789 1717 repente
817 1620 1001 1692 hominem
1032 1623 1195 1719 proripi,
1222 1636 1331 1717 atque
1360 1618 1396 1688 in

336 1724 418 1797 foro
430 1728 551 1799 medio
567 1727 696 1800 nudari
707 1754 749 1801 ac
764 1728 929 1826 deligari,
939 1745 975 1802 et
986 1735 1100 1829 virgas
1108 1730 1270 1828 expediri
1282 1729 1396 1825 jubet

337 1835 522 1909 Clamabat
547 1838 607 1910 ille
625 1841 748 1926 miser,
764 1864 804 1911 se
820 1842 933 1910 civem
957 1864 1035 1912 esse
1054 1864 1262 1928 romanum,
1279 1841 1397 1910 muni·

335 1945 456 2043 eipem
474 1949 672 2032 Cosanum
690 1950 864 2039 meruisse
881 1946 942 2019 sei
960 1971 1044 2019 eum
1060 1954 1100 2020 L.
1120 1952 1257 2036 Pretio,
1278 1950 1398 2048 splen·

337 2051 523 2126 didissimo
544 2058 666 2154 equite
682 2079 853 2144 romano,
872 2058 937 2154 qni
959 2060 1126 2130 Panormi
1145 2062 1399 2157 negotiaretur,

339 2188 384 2235 ex
406 2190 481 2263 quo
501 2165 578 2238 baec
591 2172 720 2239 Verres
735 2167 825 2238 scire
841 2181 974 2265 posset.
992 2171 1084 2239 Tum
1106 2170 1173 2239 iste
1193 2193 1231 2240 se
1254 2193 1399 2267 compe·

337 2276 428 2346 risse
444 2278 509 2363 ait,
533 2300 616 2348 eum
632 2274 840 2373 speculandi
850 2300 963 2347 eausa
976 2276 1174 2349 inSiciliam
1187 2277 1234 2349 ab
1245 2277 1400 2349 ducibus

339 2382 573 2482 lugitivorum
601 2410 678 2456 esse
710 2387 880 2474 missum3
901 2386 1004 2482 cujus
1034 2392 1088 2458 rei
1120 2412 1240 2485 neque
1274 2388 1403 2476 index,

339 2516 461 2589 neque
484 2495 676 2589 vestigium
706 2493 870 2590 aliquod,
899 2520 1019 2594 neque
1049 2501 1206 2597 suspicio
1233 2501 1398 2595 cuiquam

339 2614 431 2671 esset
450 2601 531 2671 ulla.
549 2601 690 2674 Deinde
709 2602 814 2697 jubet
831 2603 1020 2701 undique⁵
1041 2606 1226 2679 hominem
1244 2607 1400 2704 proripi,

337 2708 723 2810 vehementissimeque
740 2713 931 2786 verberari.

280 2854 285 2859 ·
386 2820 600 2895 caedebatur
617 2825 724 2920 virgis
746 2825 785 2893 in
802 2822 925 2893 medio
943 2822 1023 2895 soro
1043 2829 1215 2897 Messanae
1237 2825 1322 2898 civis
1342 2847 1400 2894 ro·

340 2959 486 3026 arianus,
502 2937 661 3033 judices3
681 2961 795 3035 quum
812 2937 950 3008 interea
969 2937 1091 3011 nullus
1113 2943 1282 3038 gemitus,
1305 2938 1401 3013 nulla

377 3112 401 3145 a.
415 3096 584 3164 Irfiamntatm
603 3098 700 3148 scelere.
717 3098 848 3163 Imaginem
927 3106 952 3154 t.
966 3098 1084 3149 Meruisse
1099 3117 1133 3150 re.
1147 3099 1254 3148 Suband.
1268 3094 1399 3163 stipendia.

339 3175 398 3222 lania
417 3175 519 3223 similem
534 3176 584 3236 jam
601 3176 690 3238 habea,
704 3194 777 3242 sopra
791 3194 846 3242 eap-
892 3179 947 3227 Hoo
956 3189 1004 3238 eat,
1014 3178 1119 3227 fuissene
1128 3178 1247 3227 iniiedem
1257 3178 1341 3227 oattria
1347 3190 1402 3227 aun

340 3263 370 3310 tr
381 3267 388 3301 ε
398 3254 527 3303 «Procedit
538 3257 582 3303 iate
591 3267 711 3319 repeatee
720 3257 849 3322 praetorio,
892 3259 919 3317 L.
933 3259 1016 3307 Pretio
1029 3258 1207 3307 commilitone.

308 3348 310 3351 ·
340 3329 616 3392 nssannarneaeetm,
637 3334 731 3395 surore,
745 3335 850 3383 emdeli·
928 3339 952 3389 5.
977 3336 1200 3402 Undiquepronpi.
1225 3334 1324 3409 lupod-
1339 3334 1401 3394 Res·

340 3420 458 3458 taten-
469 3410 606 3458 Eminebat.
618 3413 690 3479 legit
699 3413 846 3475 Quintilian.
893 3432 946 3465 non
963 3416 1051 3480 legitur
1059 3415 1169 3480 proripi,
1184 3430 1239 3479 qne
1252 3413 1312 3461 maie
1327 3408 1402 3456 innul-

338 3488 383 3539 lib.
392 3492 444 3547 tx,
460 3505 514 3553 rap.
530 3505 559 3541 rr
569 3524 577 3549 ,
588 3489 723 3553 emicabat,
734 3492 802 3555 qnod
819 3493 851 3547 ad
894 3504 947 3545 nate
957 3493 997 3541 laia
1005 3495 1093 3542 lterum
1104 3493 1201 3542 videtur
1209 3509 1217 3551 ς
1226 3493 1336 3551 ramim
1346 3501 1403 3551 pro·

339 3569 508 3621 crudelitatem
519 3568 692 3619 ostendendam
702 3571 799 3621 ridetur
810 3588 850 3620 ea·
892 3581 978 3634 reptat
990 3582 1050 3620 arat.
1068 3572 1109 3620 Sia
1128 3572 1201 3620 babet
1210 3586 1217 3621 :
1227 3593 1240 3613 α
1247 3569 1322 3621 anet
1333 3565 1405 3614 udi·

339 3665 366 3699 ae
373 3649 592 3708 accommodatius,
601 3660 625 3699 et
635 3665 768 3713 congruere
781 3652 850 3700 ride·
893 3664 940 3713 que
949 3649 1072 3698 bominem
1082 3649 1289 3699 vehementissime
1296 3645 1404 3695 verbera·

340 3739 380 3779 tur
391 3746 446 3779 cum
459 3729 556 3779 dnobus
569 3728 660 3786 verbis.
672 3728 849 3797 a'aflanunatua,
891 3728 914 3775 ri
923 3750 944 3774 a.
959 3728 1079 3793 Undique·
1104 3728 1134 3783 id
1152 3740 1202 3791 eat,
1222 3722 1260 3782 ib,
1272 3725 1403 3784 omnibu,

341 3809 467 3857 ardebant.
482 3809 554 3857 Coni.
568 3808 713 3872 Quintilian.
725 3820 785 3860 toro.
799 3812 850 3873 111,
892 3808 936 3870 qni
954 3807 1095 3867 adstabant,
1109 3807 1246 3857 lictoribue.
1266 3807 1405 3854 sexantem

341 3902 395 3949 pag.
408 3890 458 3944 itt
470 3888 585 3938 editionis
599 3896 696 3938 nostrae.
893 3885 993 3935 aderant
1001 3887 1156 3936 valentissimi
1166 3899 1192 3936 et
1200 3887 1230 3936 ad
1242 3881 1405 3933 verberandos

378 3966 404 4012 3.
428 3966 551 4028 Quidnam
570 3979 668 4017 naturus
686 3978 753 4017 esset.
767 3969 849 4030 Quum
890 3964 1208 4028 hominemereitatiaeimi.
1216 3969 1294 4033 Supra
1302 3962 1403 4026 cap-5⁴·

343 4055 413 4089 cauae
425 4043 492 4091 nulia
504 4057 567 4094 earet
576 4047 603 4094 in
616 4046 684 4095 illum
701 4045 850 4107 animadver-
893 4069 927 4080 -
945 4044 1097 4092 Coedebamr.
1111 4045 1169 4094 Vid.
1180 4047 1213 4094 A.
1224 4043 1288 4097 Gell-
1301 4041 1346 4092 lib.
1361 4043 1405 4113 X,

343 4117 417 4167 tendi.
743 4172 747 4185 ,
897 4137 952 4184 cap.
967 4121 990 4167 3.
