3200 4768
280 430 345 499 tss
666 398 946 494 extensus

276 550 358 640 giuti
383 547 561 635 myriadas,
585 547 605 610 i.
631 570 660 611 e.
678 546 818 611 ducenta
843 544 942 609 millia
966 542 1168 607 medimnum
1186 542 1342 607 frumenti

277 654 319 717 ad
336 653 489 718 alendum
512 654 672 742 populum
698 672 869 715 romanum
896 648 1028 730 advehi5
1052 664 1085 711 et
1106 647 1169 710 olei
1184 647 1342 711 librarum

277 756 436 846 myriadas
453 780 521 838 ccc,
538 758 558 820 i.
576 780 604 821 e.
619 756 725 819 tricies
736 770 872 819 centena
886 751 1000 831 millia3
1013 750 1164 839 duosque
1177 768 1342 816 curatores

274 882 307 928 et
331 861 465 927 totidem
493 863 637 926 Cereales
662 860 767 926 aediles
794 860 952 938 instituit,
972 858 1030 944 qui
1052 858 1117 920 hoc
1138 857 1341 922 frumentum

272 972 408 1034 Romam
424 966 604 1032 advehendi
622 954 795 1056 et'populo
812 962 1027 1029 distribuendi
1046 985 1158 1027 curam
1170 963 1338 1027 haberent.

270 1075 353 1154 Dio,
368 1074 423 1138 lib.
440 1073 556 1135 XLIII.
571 1072 718 1136 Annonse
734 1070 920 1159 procuratio
935 1066 976 1131 ad
993 1068 1142 1132 eonsules
1156 1068 1252 1131 etiam
1268 1091 1341 1155 per-

271 1180 405 1243 tinuisse
435 1176 563 1241 videtur
585 1199 625 1240 ex
650 1199 704 1259 eo,
736 1174 845 1263 quod,
872 1196 974 1263 quum
1004 1161 1113 1261 inopia
1139 1173 1340 1237 laboraretur
1428 1205 1431 1211 ³

269 1309 356 1350 anno
372 1285 451 1364 Urb.
472 1280 552 1365 315,
565 1282 687 1346 tribuni
701 1280 873 1346 consulum
890 1279 1118 1369 negligentiam
1136 1278 1335 1360 accusarint,

271 1392 363 1480 quasi
387 1412 502 1454 eorum
519 1390 614 1476 culpa
632 1387 798 1453 accidisset
815 1403 853 1451 ut
868 1386 1009 1475 populus
1027 1387 1119 1481 fame
1127 1400 1336 1472 premeretur.

268 1497 336 1559 Liv.
355 1495 412 1575 IV,
440 1519 490 1560 12.

313 1603 371 1665 XI.
397 1603 486 1665 Dum
512 1603 601 1667 stetit
625 1602 825 1690 respublica,
843 1600 941 1664 iidem
958 1601 1080 1679 ferme,
1099 1582 1155 1687 qui
1174 1620 1337 1662 annonam

174 1721 178 1733 ·
269 1688 505 1796 procurabant}
521 1706 644 1771 AEdiles
659 1708 725 1771 sive
742 1706 865 1794 plebis,
889 1706 955 1769 sive
971 1704 1118 1785 curules,
1135 1704 1337 1771 frumentum

269 1811 393 1900 populo
405 1811 652 1877 distribuerunt.
669 1816 713 1876 At
725 1811 893 1876 Gracchus
909 1813 976 1900 ipse
992 1811 1137 1898 praesuit,
1153 1828 1210 1876 aut
1223 1814 1336 1876 saltem

270 1915 394 1998 adfuit,
411 1933 447 1979 ut
462 1933 550 2005 patet
564 1940 602 1980 ex
618 1918 790 1998 Cicerone,
809 1917 940 1981 Tuscul.
959 1917 1080 2000 Quaest.
1099 1917 1168 1999 Ill,
1185 1941 1255 2006 cap.
1273 1940 1334 1999 so,

270 2045 372 2109 quum
397 2023 465 2103 ejus
487 2023 557 2110 lege
573 2022 775 2086 frumentum
794 2022 880 2110 plebi
898 2020 1039 2086 daretur.
1059 2023 1138 2085 Post
1152 2022 1255 2111 legem
1271 2023 1334 2085 Te·

267 2130 403 2193 rentiam
429 2129 600 2193 verisimile
626 2146 675 2193 est
699 2145 891 2217 praetorem,
915 2145 954 2193 ut
978 2129 1109 2218 gerebat
1130 2151 1241 2192 curam
1264 2128 1333 2191 fru-

267 2235 368 2299 menti
392 2227 593 2317 advehendi,
621 2236 664 2299 ita
691 2236 786 2300 etiarn
810 2234 889 2299 illud
915 2234 1178 2313 distribuendum
1196 2257 1333 2299 curasse.

266 2341 441 2427 Pompeius
460 2341 711 2406 extraordinaria
728 2364 867 2405 annonae
884 2343 1075 2429 praefectura
1094 2357 1248 2418 ornatus,
1266 2341 1334 2404 Iru-

266 2461 414 2508 mentum
431 2447 525 2508 etiam
545 2445 685 2510 donavit.

307 2551 382 2614 XII.
399 2552 467 2614 Iam
480 2550 547 2614 dixi
558 2551 784 2616 frumentarias
797 2556 1020 2618 Romanorum
1037 2555 1219 2641 provincias
1235 2554 1333 2617 fuisse

265 2656 407 2743 primurn
422 2655 563 2737 Italiam,
578 2656 715 2720 maxime
726 2679 802 2720 vero
814 2657 987 2721 Etruriam.
1001 2660 1045 2722 At
1058 2680 1144 2719 anno
1159 2657 1240 2720 Urb.
1258 2657 1332 2738 262,

264 2783 367 2848 quum
392 2784 529 2824 annonae
554 2762 668 2825 tantas
695 2778 779 2825 esset
805 2785 933 2826 summa
956 2786 994 2825 ex
1019 2761 1149 2825 incultis
1174 2763 1257 2851 agris
1274 2785 1334 2850 per

220 2880 224 2885 '
262 2868 474 2930 secessionem
492 2867 611 2956 plebis,
630 2869 718 2931 missi
736 2868 792 2955 qui
806 2867 1010 2932 frumentum
1023 2884 1250 2955 compararent
1264 2890 1333 2930 non

263 2971 362 3035 modo
379 2972 456 3035 hinc
473 2972 506 3034 in
525 2973 707 3054 Etruriam,
727 2973 814 3036 illinc
832 2997 890 3061 per
912 2974 1068 3054 Volscos,
1086 2996 1191 3060 usque
1211 2972 1253 3036 ad
1269 2975 1334 3037 Cu·

264 3099 350 3158 mas3
376 3076 433 3140 sed
459 3078 631 3164 quaesitum
655 3079 687 3141 in
716 3078 820 3142 Sicilia
848 3102 1007 3167 quoquo:
1034 3078 1123 3143 unde
1146 3079 1193 3142 vis
1218 3101 1334 3166 magna
1405 3157 1408 3163 Ι

263 3182 419 3244 frumenti
444 3180 597 3244 advocata
616 3199 682 3264 est,
702 3183 817 3269 partim
845 3185 1005 3272 coempti,
1028 3185 1144 3272 partim
1169 3208 1187 3247 a
1211 3183 1334 3248 Gelone

260 3279 490 3373 Syracusarum
516 3304 655 3375 tyranno
689 3286 777 3353 dono
802 3292 934 3379 accepti.
961 3291 1029 3354 Liv.
1055 3291 1107 3373 ll,
1141 3291 1202 3373 343
1230 3290 1330 3353 Dion.

266 3391 337 3457 Hal.
356 3392 439 3473 Vll,
462 3414 489 3454 1.

305 3499 481 3587 Aliquanto
497 3515 571 3586 post
586 3501 718 3565 subacta
735 3501 837 3567 Sicilia
858 3504 1024 3592 ingentem
1044 3504 1200 3566 frumenti
1216 3523 1333 3566 nume·

261 3629 335 3670 rum
361 3621 418 3669 aut
443 3603 671 3688 decumarum,
697 3625 754 3672 aut
781 3608 954 3696 emptionis
980 3607 1133 3689 nominc,
1157 3609 1334 3696 quotannis

262 3714 400 3776 Romam
415 3713 513 3777 misit.
528 3712 600 3776 vid.
615 3714 749 3802 Argum.
769 3714 839 3778 Lib.
861 3704 925 3793 III,
938 3712 972 3774 in
986 3712 1077 3777 Verr.
1094 3715 1254 3802 Deinceps
1271 3713 1333 3777 do-

262 3818 338 3880 mita
355 3820 459 3884 Africa
482 3818 636 3907 pependit
647 3837 685 3901 ,et
700 3821 767 3908 ipsa
784 3819 907 3884 victrici
923 3818 1106 3907 reipublice
1122 3818 1256 3907 vectigal
1273 3839 1332 3881 an-

262 3945 365 3985 nuum
383 3924 594 3989 frumentum.
613 3924 755 4005 Deinde,
769 3941 809 3985 ut
826 3945 964 4011 quaeque
979 3924 1146 4012 provincia
1162 3924 1250 3987 ferax
1264 3924 1333 3987 fru-

262 4027 362 4092 menti
380 4028 602 4092 Romanorum
619 4030 736 4093 ditioni
752 4027 895 4108 subjecta
922 4045 986 4110 est,
1013 4030 1120 4093 statim
1138 4029 1250 4090 nutrix
1269 4050 1330 4114 pro

261 4157 319 4199 sua
341 4147 431 4220 parte
455 4131 538 4195 facta
561 4148 609 4195 est
631 4132 733 4219 plebis
755 4155 908 4200 ronranae.
925 4135 1049 4200 Harum
1073 4134 1243 4222 praecipuae
1258 4136 1329 4196 fue·
