3142 4774
322 443 409 537 ‚IN
438 443 651 512 VERREM
677 443 979 525 ACT.·11,L1B.
1005 443 1073 510 Ill.
1199 439 1239 510 51
1313 530 1316 535 Ι

187 568 252 635 iste
279 567 383 635 etiam
416 563 584 647 cubaret,
615 564 653 631 in
683 561 892 633 cubiculum
920 562 1146 633 introductus
1170 577 1246 649 est,

185 673 306 771 quod,
322 675 388 744 nisi
402 674 543 744 mulieri
557 687 593 743 ct
606 671 825 753 decumam,
845 669 992 769 patebat
1003 672 1061 742 alii
1073 675 1208 742 nemini
1218 670 1244 741 ³.

185 784 260 872 Ibi,
281 808 393 878 quum
417 785 549 880 pugnis
570 796 607 852 et
630 779 787 852 calcibus
811 782 1035 853 conscissus‘·
1051 794 1162 867 esset,
1183 782 1249 876 qui

188 918 269 965 roco
286 892 478 964 medimnis
497 889 663 962 decidere
681 890 879 974 noluisset,
894 887 991 959 mille
1008 888 1184 984 promisit.

234 1001 430 1073 Eubulidas
442 1015 495 1072 est
508 998 711 1096 Grosphus,
724 999 1000 1095 Centuripinus,
1012 997 1124 1068 homo
1135 1022 1250 1094 quum

187 1117 318 1185 virtute
345 1128 381 1183 et
406 1111 597 1183 nobilitate
625 1110 725 1181 domi
750 1133 840 1195 sun,
868 1123 946 1179 tum
970 1110 1077 1180 ctiam
1098 1109 1252 1204 pecunia

188 1227 366 1319 princeps.
380 1228 473 1293 Huic
487 1221 625 1292 homini
639 1274 649 1305 ,
662 1218 817 1315 jndices,
829 1219 1086 1289 honestissimae
1102 1219 1254 1289 civitatis

188 1332 462 1420 honestissimo,
476 1357 550 1403 non
565 1331 675 1405 modo
697 1329 868 1403 frumenti
891 1330 1039 1417 scitote,
1059 1326 1121 1400 sed
1145 1329 1253 1399 etiam

189 1446 268 1513 vitae
293 1459 330 1513 et
367 1444 550 1540 sanguinis
574 1455 715 1515 tantum
749 1440 913 1511 relictum
941 1462 1045 1525 esse,
1075 1451 1253 1534 quantum

190 1556 340 1649 Apronii
358 1550 470 1622 libido
490 1552 595 1621 tulit:
620 1574 704 1621 nam
726 1553 783 1636 vi,
804 1550 919 1635 malo,
938 1549 1052 1647 plagis
1076 1547 1254 1619 adductus

190 1676 263 1747 est,
287 1676 328 1730 ut
352 1659 524 1733 frumenti
543 1660 661 1747 daret,
686 1685 762 1731 non
787 1674 964 1756 qnantum
993 1658 1174 1745 haberet,¹
1191 1658 1260 1730 sed-

192 1785 368 1866 quantum
396 1784 595 1868 cogeretur.
1176 1779 1180 1787 '

239 1884 434 1963 Sostratus,
452 1895 488 1951 ct
508 1881 724 1966 Numenius,
741 1893 778 1949 ct
794 1877 1078 1975 Nymphodorus
1092 1880 1254 1974 ejusdem

191 1990 356 2076 civitatis,
377 2014 492 2086 quum
518 2015 563 2061 ex
588 1992 682 2087 agris
704 2003 779 2060 tres
799 1987 927 2061 fratres
949 1987 1155 2061 consortes⁵
1174 2015 1254 2088 pro·

192 2098 381 2194 fugissent,
397 2099 497 2196 quod
517 2101 558 2170 iis
574 2098 656 2196 plus
674 2096 846 2169 frumenti
866 2096 1129 2195 imperabatur,
1146 2122 1254 2193 qnam

192 2224 368 2305 quantum
397 2224 602 2295 exararant3
633 2205 841 2279 hominibus
870 2209 1002 2277 coactis
1010 2204 1039 2291 ⁶,
1068 2210 1256 2278 incorum

191 2320 370 2389 arationes
389 2320 571 2415 Apronius
595 2321 710 2405 venit,
738 2341 846 2387 omne
869 2317 1150 2388 instrumentum
1171 2317 1256 2389 diri-

193 2429 290 2524 puit,
313 2426 482 2499 familiam
504 2427 675 2511 abduxit,
702 2450 813 2525 pecus
835 2425 965 2521 abegit.
990 2430 1115 2497 Postea
1139 2452 1254 2524 quum

193 2538 237 2608 ad
255 2562 338 2609 eum
358 2536 640 2635 Nymphodorus
657 2538 811 2608 venisset
827 2539 988 2623 AEtnam,
1009 2551 1197 2623 etormet,
1215 2556 1256 2610 ut

193 2645 261 2716 sibi
278 2672 342 2718 sua
362 2649 649 2733 restituerentur,
672 2645 857 2717 hominem
874 2647 1007 2742 corripi
1027 2671 1069 2717 ac
1084 2646 1255 2744 suspendi

192 2756 297 2849 jussit
310 2758 347 2826 in
365 2757 520 2828 oleastro
536 2756 695 2854 quodam
712 2784 720 2826 ε
740 2781 821 2853 qnae
841 2771 895 2827 est
913 2753 1037 2842 arbor,
1047 2755 1204 2850 judices,
1218 2762 1256 2828 in

195 2863 285 2936 foro.
312 2866 464 2936 Tamdiu
491 2864 665 2963 pependit
687 2868 724 2937 in
754 2866 884 2937 arbore
907 2868 1026 2935 socius
1048 2870 1256 2965 amicusque

196 2975 323 3070 populi
349 2979 510 3062 romani,
537 2979 574 3047 in
601 2978 783 3048 sociorum
803 2974 894 3047 urbe
922 2999 964 3045 ac
984 2974 1081 3061 soro,
1107 2977 1258 3048 colonus

195 3097 387 3178 aratorque
405 3099 531 3169 vester,
550 3084 724 3181 quamdiu
742 3084 909 3156 voluntas
927 3088 1076 3182 Apronii
1095 3088 1190 3157 tulit.

243 3196 387 3263 Genera
396 3191 609 3286 jamdudum
627 3193 944 3266 innumerabilium
959 3195 1187 3289 injuriarum,
1198 3197 1257 3290 jir·

195 3298 310 3386 dices,
336 3302 483 3398 singulis
509 3301 718 3374 nominibus
742 3303 913 3402 profero:
934 3305 1108 3376 infinitam
1135 3307 1255 3399 multi·

128 3482 131 3487 ,
196 3408 359 3481 tudinem
390 3411 604 3506 injuriarum
638 3416 880 3509 praetermitto.
913 3419 987 3485 Vos
1016 3432 1099 3486 ante
1133 3418 1259 3487 oculos

196 3520 409 3615 animosque
433 3535 590 3607 vestros,
616 3536 691 3592 tota
717 3523 854 3610 Sicilia,
882 3524 1165 3594 decumanorum
1192 3525 1260 3594 hos

100 3662 105 3673 r
138 3636 142 3643 '
197 3631 372 3726 impetus,
396 3643 578 3701 aratorum
606 3630 847 3730 direptiones,
873 3634 982 3728 hujus
1010 3634 1282 3730 importunita·.

197 3782 222 3828 in
239 3782 319 3829 lorum
333 3779 364 3827 ad
378 3779 493 3829 tribunal.
503 3782 550 3829 Sed
560 3780 589 3830 h.
600 3782 617 3828 l.
630 3783 655 3830 id
664 3781 705 3830 ad·
786 3789 811 3836 4.
826 3772 1037 3873 θοπείειιὲὶΝαιις.
1056 3785 1123 3830 Man.
1146 3784 1259 3832 Gronov.

198 3859 265 3908 ditur
281 3877 326 3925 per
339 3860 423 3907 Verris
439 3862 588 3919 irrisionem,
605 3864 648 3926 qui
661 3863 705 3909 tri·
788 3865 813 3911 5.
836 3861 967 3911 consortes.
990 3863 1084 3925 Nempe
1114 3861 1261 3921 coheredis,

197 3941 272 3989 bum!
281 3942 306 3987 in
319 3940 433 3988 eubiculo
445 3941 592 3990 haberet·
600 3944 708 3991 Eductam
751 3942 861 3990 nondum
873 3940 949 3987 divisa
960 3940 1101 3998 hereditate,
1116 3952 1187 4007 atque
1200 3943 1262 3991 adeo

199 4032 232 4066 est
242 4020 268 4067 ln
281 4021 354 4069 MSS.
367 4020 429 4069 Pell.
438 4020 518 4069 Nann.
534 4022 575 4071 Sic
584 4023 654 4070 etiam
665 4039 707 4070 oc·
753 4022 778 4069 in
791 4021 875 4069 erdem
886 4032 1063 4068 commorantes
1071 4022 1194 4072 societate.

200 4100 273 4146 currit
287 4102 358 4146 Verr.
373 4099 467 4158 11,20;
486 4102 536 4156 111,
551 4102 592 4161 47.
788 4099 813 4148 6.
830 4100 931 4148 macen.
947 4099 1062 4147 Collectis
1076 4101 1108 4149 ad
1127 4102 1263 4167 diripienda

237 4179 260 4226 3.
273 4179 336 4225 Olim
346 4215 352 4235 ,
364 4179 454 4226 nemini
467 4179 529 4227 aliis.
542 4182 566 4227 J.
574 4182 605 4225 V.
615 4181 641 4227 1..
753 4177 797 4224 ista
810 4177 885 4225 bona.
896 4206 929 4215 —-
942 4179 1044 4226 Exactis
1055 4182 1156 4230 Hotom.
1170 4182 1263 4228 Manus.

1131 4267 1164 4345 a.
