3142 4774
321 374 366 457 34
634 366 683 431 n.
709 365 747 429 r.
775 362 1054 431 cressonis

315 494 524 593 turpissimo
546 484 893 581 flagitiosissimoque
910 484 1083 553 comitatu
1104 498 1176 554 tres
1194 509 1382 585 recupera·
1422 480 1426 487 ’
1518 516 1520 525 ’

314 624 435 679 torum
450 599 594 672 nomine
606 592 836 677 assedissem,
851 591 990 662 asseclae
1005 594 1126 679 istius,
1139 606 1234 665 non⁷
1247 620 1268 666 a
1281 614 1382 695 patre

316 720 348 789 ei
367 711 506 795 traditi,
527 704 590 777 sed
611 729 631 773 a
650 701 877 772 meretricula
896 701 1162 772 commendati?
1181 708 1311 803 Ageret
1327 712 1380 793 vig

315 826 443 899 delicet
459 839 603 891 causam
616 826 735 883 arator
751 839 758 880 :
775 810 865 879 nihil
884 810 953 881 sibi
968 809 1142 885 frumenti
1157 813 1203 884 ab
1219 822 1380 914 Apronio
1452 834 1458 841 “

313 938 499 1017 relictum,
520 928 619 998 bona
641 947 704 994 sua
730 923 837 992 etiam
863 921 1020 1020 direpta,
1043 948 1081 994 se
1105 924 1287 1022 pulsatum
1305 952 1380 999 ver·

311 1048 549 1138 beratumque
563 1037 711 1108 diceret.
729 1030 944 1102 Conferrcnt
962 1035 1029 1103 viri
1048 1032 1138 1104 boni
1154 1031 1314 1133 capital:
1334 1037 1379 1110 de
1449 1020 1456 1026 ’

313 1153 565 1232 comissatione
582 1147 822 1241 loquerentur
840 1145 935 1212 inter
951 1167 1006 1229 se,
1020 1168 1062 1213 ac
1078 1144 1123 1214 de
1142 1145 1379 1233 mulierculis,

312 1273 341 1341 si
364 1289 453 1363 quas
477 1286 497 1331 a
522 1264 698 1357 praetore⁹
725 1252 900 1323 abeuntes
925 1267 1073 1350 possent
1094 1252 1376 1352 deprehendere.

313 1384 382 1450 Res
401 1375 456 1472 agi
478 1370 671 1441 videretur.
693 1367 911 1434 Surrexisset
932 1365 1133 1460 Apronius,
1153 1390 1246 1436 uova
1266 1365 1379 1463 digni·

315 1506 369 1560 tas
384 1499 415 1531 ¹⁰
433 1481 639 1582 publicani,
652 1502 727 1547 nou
744 1488 785 1544 ut
797 1473 1038 1563 decumanus,
1058 1475 1233 1572 squaloris
1248 1477 1378 1575 plenus

312 1624 353 1670 ac
379 1594 553 1694 pulveris;
578 1587 642 1659 sed
670 1585 865 1680 unguentis
892 1583 1042 1669 oblitus,
1068 1588 1154 1655 vino
1176 1587 1377 1686 vigiliisque

311 1703 523 1803 languidus:
543 1698 664 1770 omnia
680 1697 800 1793 primo
819 1708 922 1763 motu
939 1718 980 1763 ac
998 1696 1125 1790 spiritu
1144 1708 1264 1785 suo¹¹,
1284 1699 1377 1785 vini,

312 1814 510 1913 unguenti,
537 1809 699 1904 corporis
721 1802 834 1873 odore
856 1801 1083 1899 complesset.
1107 1808 1262 1876 Dixisset
1282 1807 1377 1893 haec,

311 1952 391 2026 quae
415 1923 522 2019 vulgo
548 1917 667 1987 dicere
690 1911 846 1998 solebat,
870 1937 945 1980 non
973 1935 1011 1982 so
1037 1910 1206 1983 decumas
1229 1917 1375 2001 eruisse,

310 2036 373 2109 sed
394 2035 491 2106 bona
511 2028 748 2120 fortunasque
766 2037 965 2105 aratorum;
987 2047 1062 2092 non
1079 2047 1117 2092 se
1135 2021 1375 2096 decumanum

310 2172 387 2220 esse
409 2140 624 2241 Apronium,
643 2132 706 2205 sed
723 2138 873 2204 Verrem
894 2132 1064 2218 alterum,
1084 2130 1272 2202 dominum
1294 2132 1374 2204 illo·

308 2281 389 2329 rum
403 2279 443 2324 ac
456 2268 661 2347 tyrannum.
682 2248 770 2334 Quas
790 2266 905 2339 quum
918 2241 1080 2330 dixisset,
1097 2243 1148 2312 illi
1164 2244 1231 2313 viri
1244 2244 1375 2341 optimi

308 2365 353 2436 de
378 2362 528 2432 cohorte
547 2359 650 2426 istius
667 2368 957 2450 recuperatores,
982 2377 1055 2422 non
1082 2351 1128 2424 de
1153 2351 1375 2425 absolvendo

309 2474 472 2574 Apronio
498 2465 759 2549 deliberarent,
785 2462 847 2533 sed
875 2476 1094 2558 quaererent,
1118 2487 1236 2560 ecquo
1264 2463 1374 2534 modo

310 2586 500 2685 petitorem
522 2579 641 2676 ipsura
664 2577 825 2671 Apronio
844 2572 1126 2642 condemnare¹²
1149 2587 1307 2669 possent.

356 2698 454 2764 Xlll.
483 2694 582 2760 Hanc
605 2700 647 2757 tu
674 2684 853 2753 licentiam
880 2681 1165 2778 diripiendorum
1189 2676 1372 2752 aratorum

308 2824 423 2906 quum
442 2796 670 2881 decumanis,
693 2794 763 2863 hoc
784 2805 854 2876 est,
873 2795 1035 2888 Apronio
1055 2792 1293 2886 permisisses,
1313 2806 1372 2877 ut,

306 2929 483 3015 quantum
502 2909 627 2991 vellet,
644 2917 829 3002 posceret:
846 2915 1023 2998 quantum
1044 2902 1286 2998 poposcisset,
1308 2926 1371 2972 au.

342 3160 366 3203 7.
380 3142 435 3187 ll'ou
451 3155 468 3184 u
481 3148 559 3200 patre.
571 3131 634 3180 Cod.
650 3134 733 3176 Frsnc.
747 3144 815 3175 «nou
860 3127 940 3191 sepita
954 3128 1100 3187 conterunt,
1113 3127 1155 3176 diu
1170 3129 1370 3191 colloquuntur».

305 3241 318 3269 a
337 3220 430 3284 populo
443 3230 544 3263 romano
562 3214 585 3261 ei
608 3210 724 3264 traditi·;
746 3207 813 3270 qnod
895 3223 920 3269 9.
935 3207 1050 3254 Proetore.
1063 3208 1101 3254 Ex
1117 3207 1230 3269 putoris
1244 3205 1370 3254 eubiculo.

305 3315 388 3347 verum
403 3294 500 3343 Graevio
518 3291 622 3339 videtur.
645 3287 712 3335 Nihil
734 3299 813 3334 tumen
896 3302 935 3333 so.
957 3287 1028 3333 Nova
1046 3285 1163 3347 ᾰίῃὲω
1186 3285 1286 3332 Novum
1307 3285 1370 3332 illud

304 3379 393 3425 mirum
403 3373 522 3439 probatos
535 3367 812 3433 comitesspatreVer-
857 3380 932 3427 genus
954 3363 1087 3426 publicent.
1107 3360 1201 3424 Nsnpe
1226 3377 1302 3424 quum
1325 3379 1369 3426 pu-

304 3474 354 3505 tem
375 3453 494 3517 accepisse
515 3452 639 3514 potuissc;
657 3462 733 3510 quum
754 3459 814 3508 prt-
858 3441 949 3489 blicsni
961 3439 1054 3502 equites
1071 3450 1240 3500 romessent,
1256 3441 1298 3488 his
1311 3458 1369 3489 veto

302 3537 383 3584 sertim
414 3548 445 3580 ex
477 3530 571 3595 privetu
603 3524 813 3575 commendatione
857 3521 939 3567 servili
957 3534 1057 3580 genere,
1078 3517 1135 3566 ideo
1148 3520 1209 3568 novi
1229 3522 1323 3582 generis
1340 3537 1368 3568 sc

303 3614 373 3662 multi
391 3613 418 3659 in
434 3609 572 3674 praetoriam
593 3604 718 3653 eohortem
736 3602 813 3650 adsci-
857 3612 927 3644 nova
940 3596 1065 3658 dignitatis
1086 3606 1111 3644 st
1131 3597 1270 3661 splendoris
1287 3598 1368 3663 publi·

303 3704 393 3741 rentur.
415 3686 499 3739 Credit
518 3685 613 3734 llsrles.
626 3682 702 3731 alludi
718 3681 750 3729 ad
763 3683 810 3729 lto
857 3692 957 3733 oenum,
970 3691 1022 3722 non
1033 3675 1084 3723 sine
1095 3675 1216 3739 ἰπίιίοιιο,
1229 3678 1346 3742 appellnt.

301 3786 427 3818 manorum
449 3782 557 3823 mosem,
577 3765 621 3828 qni
639 3764 696 3810 viris
713 3763 739 3808 ln
754 3762 809 3807 foro
893 3770 933 3803 ιι.
951 3753 1042 3819 Spiritu
1060 3770 1113 3803 suo.
1133 3755 1190 3802 Oris
1208 3755 1294 3806 lulitu.

299 3848 458 3905 versantibus,
464 3844 575 3905 autjuris
582 3841 733 3909 peritissimis
743 3836 808 3884 filios
893 3851 933 3880 ra.
951 3832 1061 3897 Apronio
1079 3833 1251 3882 condemnare.
1269 3837 1290 3883 1.
1304 3851 1325 3883 e.
1340 3836 1366 3881 in

298 3925 444 3974 erudiendos
454 3923 588 3971 tradebsnt.
854 3915 954 3976 gratiam
959 3911 1065 3976 Apronii
1073 3911 1245 3962 condemnere.
1251 3914 1292 3961 ste
1300 3913 1366 3961 «siti

330 4006 355 4052 8,
368 4001 648 4066 Conferreut...capitn.
659 3999 699 4045 sic
713 3997 743 4042 T.
753 3996 807 4041 Liv.
854 3993 1132 4052 condemuatnvendl,
1144 3993 1168 4041 Β.
1178 3994 1275 4041 Frustra
1283 3997 1364 4043 (ἔην.

195 4077 198 4083 ’
294 4071 805 4141 11,45‚«consulesvelutdelibersbundi,
852 4071 1157 4120 malebstucondonsreu.
1185 4101 1187 4105 ν
