3016 4774
398 411 682 483 excussus
707 412 865 481 xvnr.
1097 409 1168 509 593

21 594 23 603 ,
95 530 625 601 auctoremlaudabantrettamen
639 531 925 622 iidempmpterea
934 531 1025 621 quod
1033 532 1171 624 aliquid,

21 628 22 641 ¹
97 641 188 731 quod
207 640 341 705 Caecinae
357 636 543 728 prodesset,
560 638 788 727 responderat,
805 638 967 728 negabant
981 640 1013 703 ei
1029 641 1170 707 nimium

97 747 186 813 credi
205 762 364 836 oportere.
389 744 468 809 Ideo
491 760 602 810 autem
624 768 691 810 suoe
715 743 914 810 defensionis
941 761 1109 812 auctorem
1134 751 1173 813 C.

21 850 22 859 ’
97 853 276 943 Aquillium
288 852 519 934 nominabant,
538 851 628 941 quod
642 850 873 942 responderat,
890 853 1010 941 quibus
1024 852 1170 942 quidque

98 960 206 1025 verbis
220 975 345 1040 actum,
360 959 677 1047 pronuntiatumque
693 959 749 1040 sit,
769 959 906 1048 spectari
918 974 1071 1049 oportere
1086 982 1094 1024 :
1108 959 1173 1025 hoc

99 1082 162 1149 est,
177 1066 275 1131 rerba
289 1064 464 1154 spectanda
480 1086 565 1147 esse,
580 1087 647 1129 non
660 1088 722 1129 res.
737 1066 841 1130 Lana.

146 1171 254 1259 Quum
269 1192 340 1235 eum
358 1187 520 1235 auctorem
537 1183 654 1234 vestm
670 1168 861 1255 defensionis
878 1191 939 1233 esse
954 1169 1066 1235 dicitis.
1082 1171 1174 1237 Nihil

21 1314 27 1341 .
101 1277 155 1341 bio
175 1275 371 1340 mutandum
389 1275 466 1356 fuit,
491 1276 537 1339 sic
557 1275 642 1339 inira
658 1273 744 1339 dicet
763 1298 771 1340 ε
791 1272 904 1358 «Quid
926 1276 970 1340 ait
988 1275 1049 1340 iste
1068 1292 1176 1342 vester

100 1380 236 1446 auctor?
247 1410 260 1437 ιι
276 1379 382 1463 dicas,
404 1402 463 1444 cur
482 1380 582 1469 igitur
597 1396 721 1445 tantam
739 1381 855 1445 ineunt
869 1380 915 1444 illi
939 1380 1073 1470 gratiam
1089 1405 1108 1447 a
1123 1384 1176 1448 Ci-

21 1520 29 1557 2,
102 1484 245 1550 acrone?
258 1485 334 1572 quia
352 1485 418 1564 jam
432 1482 581 1547 dixerant
594 1484 678 1572 ejus,
692 1483 725 1548 id
740 1502 804 1568 est,
820 1483 954 1573 Aquillii
969 1488 1175 1553 «auctoritati

104 1589 240 1655 concedi
258 1590 397 1653 nimium
420 1608 489 1653 non
508 1604 696 1677 oportere».
713 1590 830 1678 Neque
846 1590 880 1654 in
896 1592 948 1655 his
963 1591 1089 1674 verbis,
1107 1627 1120 1650 ·
1132 1592 1176 1673 Il-

21 1766 23 1779 ,
104 1697 165 1761 lud
180 1713 289 1760 autem
306 1698 418 1775 miror,
434 1717 494 1759 cur
509 1716 568 1758 vos
583 1694 705 1783 aliquid
719 1710 833 1760 contra
848 1718 902 1760 me
913 1698 1031 1762 sentire
1047 1697 1179 1783 dicatis,

21 1784 25 1839 }
106 1824 211 1892 quum
227 1824 304 1867 eum
322 1816 490 1866 auctorem
502 1820 561 1864 vos
575 1822 637 1888 pro
654 1822 706 1863 me
719 1799 902 1888 appelletis,
913 1818 1058 1867 vestrum
1074 1805 1181 1870 nomi·

21 1930 23 1947 ’
106 1910 190 1974 netis
202 1939 233 1990 υ,
249 1908 308 1972 ubi
327 1906 428 1972 multa
442 1906 540 1971 rerba
555 1907 734 1971 Lambinus
748 1906 856 1990 addit,
871 1906 1051 1997 quidquam
1069 1924 1180 1995 muto;

106 2016 169 2080 nisi
188 2016 271 2079 forte
294 2030 407 2078 notam
425 2008 643 2078 distinctionis
661 2037 669 2078 ε
690 2014 737 2078 sio
759 2014 848 2078 enim
866 2014 1034 2103 distinguo
1058 2039 1066 2080 ε
1087 2018 1181 2082 «Cur

105 2143 163 2186 voe
179 2118 303 2208 aliquid
318 2135 431 2185 contra
449 2141 503 2183 me
519 2118 640 2183 sentire
654 2117 785 2199 dicatis3
802 2138 906 2205 quum
921 2141 997 2183 eum
1014 2137 1181 2187 auctorem

21 2230 26 2248 '
105 2248 164 2292 ros
180 2249 241 2316 pro
258 2248 311 2291 me
327 2225 514 2315 appelletis,
529 2239 675 2289 vestmm
693 2224 909 2306 nominetis»,
926 2240 965 2288 ut
982 2225 1024 2290 sit
1043 2232 1178 2291 ἀσύνδετον

106 2355 167 2422 pro
181 2365 194 2389 a
204 2349 237 2397 et
251 2355 356 2421 quum
373 2354 470 2410 eum,
487 2346 548 2394 etc.
561 2360 574 2386 ι
588 2329 646 2393 ubi
658 2345 849 2393 «auctorem
863 2352 922 2392 vos
938 2331 1103 2419 appelletis
1119 2350 1181 2421 pro

107 2441 288 2522 me·,valet
304 2452 470 2503 auctorem
486 2437 608 2501 faciatis
624 2438 692 2518 ejus
704 2436 889 2515 sententie,
901 2456 974 2525 quae
985 2458 1091 2502 meam
1101 2461 1179 2504 cau·

107 2567 176 2609 sam
193 2543 333 2625 adjuvat.
349 2542 465 2607 Gravis
481 2540 568 2623 brec,
584 2556 623 2604 ut
636 2541 744 2624 tides,
766 2542 866 2605 altera
885 2542 1100 2631 repugnantia
1116 2566 1179 2607 no·

21 2724 23 2745 ,
107 2667 195 2715 tatur
212 2652 245 2714 in
265 2650 396 2713 iliorum
413 2646 622 2731 defensione;
640 2665 678 2712 ut
695 2649 742 2712 sic
764 2649 874 2712 omnia
890 2650 1102 2733 conveniant,
1121 2672 1180 2740 ap·

21 2754 22 2763 ’
108 2771 198 2844 paret
214 2754 486 2845 esuperioribus‚
505 2768 539 2817 et
554 2776 572 2817 e
585 2754 695 2841 paullo
713 2769 789 2842 post
804 2754 1027 2841 sequentibus
1045 2755 1082 2819 P.
1098 2754 1178 2820 Fan.

150 2863 189 2925 In
207 2861 329 2925 Erfurt.
346 2876 454 2924 umen
469 2874 501 2924 et
521 2858 636 2923 Franc.
656 2875 706 2923 est
725 2870 858 2939 nostrae,
874 2872 911 2922 ut
926 2874 959 2922 et
974 2859 1083 2946 paullo
1096 2858 1180 2924 infe·

108 2967 175 3031 rius
191 2998 205 3022 ·
215 2983 365 3031 nostrum
381 2980 548 3030 auctorem
558 2996 580 3029 ν.
593 2964 658 3031 Sed
669 2963 791 3028 Victor.
804 2963 855 3028 ed.
867 2984 934 3053 prae
947 2986 981 3029 se
991 2964 1056 3029 fert
1067 2978 1182 3031 oestroe

21 3112 23 3125 .
108 3089 141 3136 et
157 3087 303 3136 cavum.
321 3071 428 3136 Gnnv.

21 3172 23 3227 5
153 3182 237 3243 Cum
250 3179 301 3242 bis
318 3176 378 3244 MS
394 3178 490 3266 plane
501 3176 627 3240 faciunt
640 3176 774 3241 Venetae
788 3175 949 3264 antiquae,
967 3193 1000 3241 et
1014 3176 1088 3244 cod.
1103 3180 1180 3244 Jan·

21 3302 23 3339 t
108 3298 196 3349 noct.
212 3285 368 3372 Sequitur
385 3282 454 3346 illas
471 3301 599 3345 summa
618 3279 682 3345 fide
701 3280 878 3364 Gruterus,
897 3282 995 3347 Verb.
1016 3285 1095 3350 Lall.
1115 3284 1180 3350 Sed

107 3390 254 3454 Olivetus
278 3388 420 3479 proetulit
442 3418 455 3443 κ
470 3403 593 3452 vestrae.
609 3436 617 3450 .
631 3436 661 3452 ..
684 3402 833 3451 nostrum
854 3416 886 3470 a,
906 3389 997 3453 nullo
1021 3393 1179 3481 exemplo.

21 3516 22 3549 ὲ
106 3497 211 3561 'fotus
224 3496 314 3560 locut
326 3493 480 3582 usquead
489 3494 575 3575 illa,«
589 3493 647 3581 qui
656 3516 759 3580 quum
767 3494 843 3576 ista,
857 3494 1034 3560 eto-valde
1043 3495 1180 3581 dubius,

106 3605 163 3691 qui
175 3603 262 3667 varie
277 3603 416 3667 trabitur
428 3624 436 3666 ε
450 3599 508 3665 sed
524 3615 611 3665 recte
627 3600 725 3665 verba
740 3601 893 3665 constitui
907 3599 1094 3667 adsensum
1108 3604 1179 3669 sine

21 3724 22 3731 ¹
106 3709 195 3773 libn‘s
213 3706 401 3773 melioribus
424 3728 520 3796 posse
545 3728 613 3770 non
635 3722 728 3794 puto.
749 3706 900 3771 Tentarit
918 3704 1042 3795 aliquid
1063 3730 1102 3772 ex
1119 3708 1178 3774 MS

21 3836 22 3853 ¹
106 3812 332 3879 ballemandus
355 3834 495 3878 :verum
514 3834 575 3900 ego
594 3811 749 3876 libentius
764 3811 833 3900 ipsa
851 3813 919 3895 eJ'us
940 3810 1061 3877 codicis
1079 3814 1177 3881 verba

21 3942 22 3945 ’
106 3921 323 4010 perlegissem.
341 3920 425 3986 Gan.
842 3926 846 3939 '
1007 3999 1031 4007 ..

152 4025 326 4091 Contranw
335 4031 455 4091 entire
462 4026 498 4088 G.
506 4021 695 4111 Aquiliium.
703 4022 954 4087 Horu—alliud
960 4038 1071 4089 autem
1078 4027 1178 4092 miror

106 4154 167 4195 cur
173 4152 248 4212 vos,
259 4152 359 4218 quem
367 4128 490 4220 aliquid
504 4145 616 4195 contra
630 4151 683 4192 me
693 4127 813 4193 sentire
821 4127 1016 4216 prodiretis,
1030 4144 1191 4222 eumpro'

203 4236 248 4303 ll.
273 4249 316 4295 cte.
326 4263 383 4310 part
393 4248 501 4295 tenenda.
1011 4231 1056 4303 38
