3016 4774
368 417 556 487 ortuo
581 417 680 486 ruo
702 419 742 487 ι.
767 396 975 489 cuntur.
1132 413 1203 489 533

140 539 258 612 fundo
275 538 465 635 dejecerit,
483 565 527 611 ex
547 564 592 611 eo
608 565 667 611 me
685 540 767 611 loco
785 537 967 635 dejecerit.
981 539 1019 610 Si
1033 541 1098 636 qui
1114 541 1204 610 mihi

140 665 273 747 praesto
293 647 423 722 fuertt³
454 674 538 720 curn
563 652 709 722 armatis
733 648 943 722 hominibus
961 664 1062 721 extra
1080 674 1205 722 meum

139 758 318 847 fundum,
337 775 375 831 et
391 784 450 831 me
468 760 620 831 introire
638 759 886 858 prohibuerit3
905 784 980 830 non
1001 784 1047 831 ex
1063 784 1124 849 eo,
1141 761 1206 833 sed

140 868 188 939 ab
207 893 253 941 eo
271 869 353 941 loeo
370 893 430 940 me
450 867 631 966 dejecerit.
653 871 708 943 Ad
723 871 799 943 haec
819 870 895 941 duo
913 894 1045 967 genera
1062 866 1207 956 reruni,

139 1002 258 1048 unum
281 976 458 1065 verbum,
483 978 584 1075 quod
605 981 689 1051 satis
714 979 910 1052 declararet
935 995 1108 1076 utrasque
1127 1005 1207 1068 res,

139 1089 382 1161 invenerunt:
402 1103 464 1177 ut,
482 1091 556 1161 sive
572 1114 615 1160 ex
632 1088 767 1178 fundo,
783 1093 857 1161 sire
875 1115 894 1160 a
911 1088 1027 1161 fundo
1045 1089 1206 1185 dejectus

140 1221 275 1285 essem,
293 1223 371 1270 uno
389 1213 499 1296 atque
519 1200 649 1272 eodem
667 1198 859 1272 interdicto
875 1202 1095 1287 restituerer,
1111 1225 1206 1271 unns

138 1312 228 1379 rui.
251 1313 328 1379 Hoc
349 1305 523 1395 verbum,
541 1334 658 1399 unns,
679 1325 882 1406 utrumque
903 1309 1087 1383 declarat:
1108 1324 1207 1381 etex

139 1443 216 1514 quo
240 1417 339 1505 locu,
359 1431 395 1496 et
413 1442 435 1489 a
452 1443 527 1516 quo
549 1421 643 1491 loeo.
662 1419 768 1492 Unde
789 1418 951 1516 dejectus
968 1433 1023 1491 est
1043 1417 1208 1493 Cinna⁵?

140 1551 185 1597 ex
197 1525 308 1598 Urbe.
321 1526 428 1599 Unde
448 1527 627 1624 dejectus?
645 1527 691 1599 ab
704 1528 816 1600 Urbe.
829 1530 936 1601 Unde
951 1528 1080 1624 dejecti
1094 1529 1209 1601 Galli?

140 1662 162 1707 a
188 1638 378 1734 Capitolio.
410 1636 535 1727 Unde,
563 1640 629 1735 qui
653 1662 736 1710 cum
760 1638 927 1709 Graccho
946 1636 1144 1715 fuerunt⁶?
1162 1664 1208 1710 er

140 1747 330 1844 Capitolio.
360 1745 499 1819 Videtis
529 1752 654 1846 igitur,
679 1748 751 1820 hoc
780 1772 859 1819 uno
881 1746 995 1818 verbo
1017 1748 1208 1846 significari

138 1880 198 1928 res
217 1857 327 1944 duas,
347 1872 384 1929 et
405 1882 449 1929 ex
467 1883 563 1955 quo,
585 1874 622 1930 et
639 1884 660 1930 a
678 1883 753 1958 quo
771 1856 865 1931 loon.
885 1858 1009 1946 Quum
1024 1873 1147 1930 autem
1161 1884 1206 1930 eo

138 1967 281 2038 restitui
302 1966 431 2062 jubet,
454 1969 503 2038 ita
524 1967 654 2063 jubet⁷
672 1996 681 2039 ι
699 1983 763 2055 ut,
791 1970 820 2039 si
848 1966 941 2040 Galli
963 1992 983 2038 a
1006 1967 1207 2061 majoribus

139 2076 273 2148 nostris
297 2078 543 2175 postularent,
566 2093 609 2149 ut
636 2103 680 2149 eo
705 2081 995 2163 restituerentur,
1020 2075 1119 2149 unde
1145 2077 1207 2150 de-

136 2185 223 2279 jecti
249 2201 386 2274 essent,
411 2201 450 2258 et
470 2188 592 2284 eliqua
612 2189 648 2257 vi
668 2187 740 2259 hoc
764 2188 907 2283 assequi
927 2200 1094 2283 possent,
1113 2212 1207 2275 non,

139 2298 284 2394 opinor,
309 2321 372 2368 eos
395 2298 432 2367 in
459 2294 708 2387 concelent,
730 2324 802 2396 qua
827 2297 981 2397 aggressi
1002 2313 1124 2387 eraut,
1144 2297 1208 2370 sed

138 2484 282 2548 Diligenter,
300 2486 321 2532 ei
333 2484 438 2545 videtur,
450 2485 577 2533 ettendite.
595 2487 648 2535 Do·
693 2485 922 2551 Capitoliumque
935 2483 1060 2532 Greeehue
1073 2499 1129 2531 cum
1141 2481 1206 2530 mul-

139 2575 227 2613 neem:
243 2563 313 2611 Adeo
330 2573 372 2611 eut
391 2563 512 2627 expletive
530 2562 650 2627 particule
692 2564 798 2613 titudine
822 2574 984 2624 convenerat,
1007 2573 1036 2610 ut
1060 2562 1125 2626 leges
1146 2561 1207 2610 eivi-

139 2652 468 2707 ornetueeeuee,euteuqet.
479 2644 528 2690 Pro
534 2642 648 2693 Pleuciot
694 2645 737 2693 nu
749 2644 854 2693 maxime
867 2644 983 2691 eelnteree
994 2642 1083 2702 ferret,
1096 2657 1153 2689 enm
1165 2657 1205 2689 ee·

139 2722 234 2780 ·Peto,
249 2738 343 2786 poseo,
361 2731 434 2786 atque
450 2721 512 2771 edeo
529 2719 647 2785 flagito»,
691 2733 752 2770 netu
771 2722 899 2787 profectus
915 2722 1033 2785 impetum
1052 2720 1079 2766 in
1100 2719 1206 2767 Gracchi

139 2800 242 2847 Petere.
691 2801 792 2850 comites
810 2801 881 2861 feeit,
899 2815 991 2863 eosque
1008 2814 1060 2846 non
1081 2797 1157 2846 modo
1174 2814 1205 2845 ex

175 2878 237 2928 mi
244 2876 288 2941 qru‘
296 2875 356 2924 miti
359 2887 456 2942 praeto
456 2876 545 2942 ficeret
555 2881 649 2927 Oeenr·
691 2880 817 2945 Capitolio
834 2878 940 2939 dejecit,
951 2877 995 2925 eed
1013 2878 1085 2924 etiem
1101 2892 1133 2925 ex
1145 2892 1207 2942 rupe

139 2957 213 3014 rexit,
221 2956 260 3005 vel
269 2956 304 3004 ibi
315 2958 459 3021 exepeeurit
469 2973 550 3006 mum
558 2958 648 3008 adven·
690 2959 830 3024 precipitee
841 2956 988 3007 exturbavit.
1000 2959 1122 3005 lion-rure.

139 3045 201 3084 tum.
212 3039 291 3084 lune.
730 3055 755 3100 7.
779 3039 859 3101 Quum
873 3049 955 3086 autem
972 3052 1001 3086 eu
1014 3035 1108 3084 restitui
1116 3036 1205 3101 jubet,

176 3115 649 3171 t.Uunrrn.lteVenetaevett.Aeeene.
693 3115 729 3165 ita
741 3117 821 3183 jubet.
841 3116 909 3165 Nihil
929 3126 1015 3176 muto,
1035 3126 1060 3163 et
1076 3115 1145 3162 tacite
1163 3113 1206 3163 ille

138 3193 217 3260 Neng.
231 3206 277 3243 ete.
298 3192 449 3243 Cemenrine
467 3205 548 3243 temen
564 3194 650 3244 meluit
692 3196 804 3260 intelligo
816 3212 848 3245 ex
857 3196 984 3260 proximo,
996 3217 1010 3238 α
1019 3193 1085 3243 unde
1098 3204 1127 3241 tu
1140 3193 1208 3254 deje-

138 3274 253 3337 Herregii
272 3273 421 3333 lectionem,
442 3289 520 3322 uror.
542 3287 580 3322 vt.
602 3274 650 3321 Hie
693 3274 778 3324 eietin:
787 3275 934 3339 utrequeiu
943 3275 995 3333 hie,
1004 3283 1051 3321 «ut
1060 3283 1206 3337 quumeeeet

137 3367 233 3416 nempe.
243 3351 340 3400 titulum
351 3351 426 3399 hebet
437 3350 578 3409 interdicti,
591 3351 649 3400 vul·
693 3355 792 3418 epatris
802 3353 910 3414 dejeom
919 3376 943 3413 ι,
954 3353 1088 3418 quidquem
1099 3362 1208 3400 mutetur

137 3444 191 3497 gete
200 3432 306 3481 initium.
318 3433 420 3480 Gener.
691 3432 784 3497 ebeqne
793 3448 883 3497 memo
897 3434 1023 3482 sentemioe
1033 3429 1208 3493 incommodo,

172 3513 198 3560 5.
216 3511 285 3559 Unde
299 3510 405 3576 dejectio
423 3521 460 3557 est
479 3508 597 3559 Ceece‘rra?
614 3525 649 3558 ιε
691 3528 747 3576 qnte
757 3524 786 3560 ut
799 3528 865 3560 nunc
878 3523 929 3570 eet,
946 3511 1007 3575 qnid
1019 3509 1108 3567 hebet,
1121 3522 1206 3571 qum

140 3588 647 3653 vrbo.vnde...und0qoi...excapirodo.
690 3590 862 3639 incommodi?
882 3607 939 3639 nem
958 3600 987 3638 ut
1005 3588 1047 3637 hio
1069 3609 1080 3630 ι
1093 3602 1108 3633 e
1127 3587 1205 3650 petria
1310 3579 1317 3585 ’

137 3670 174 3717 De
194 3671 232 3718 lrie
253 3668 368 3718 omnibns
385 3683 471 3731 magne
492 3679 518 3716 et
535 3668 647 3719 intricate
690 3663 1121 3730 dejeetmu,dieit;eiedioetpeullo
1130 3674 1202 3729 poet:

28 3752 31 3759 ’
138 3748 285 3808 difficultas,
303 3763 376 3812 qoem
389 3746 466 3795 eoiret
478 3748 646 3797 Bronten
690 3749 839 3805 «Postulat,
856 3765 871 3796 ιι
883 3762 935 3813 qno
950 3747 1008 3795 loeo
1026 3745 1136 3806 dejectus
1152 3753 1202 3806 eet,

137 3827 167 3875 ed
182 3827 271 3876 eeleem
281 3827 355 3889 hujus
366 3825 491 3874 untione.
689 3836 759 3877 etna
772 3831 802 3877 P.
815 3831 908 3877 Ferre.

113 3934 116 3941 ‹
171 3908 197 3954 6.
211 3904 647 3970 Unde,quieumGraeedofireruut1²
725 3906 750 3953 8.
771 3907 821 3955 Eos
843 3905 870 3952 ie
890 3902 1039 3953 euuieultuu.
1060 3903 1202 3953 annulum

138 3999 169 4032 ee
182 3984 311 4048 Capitolio.
330 3986 389 4034 Cum
406 3985 501 4033 Tiberio
515 3984 646 4043 Graeclroe
689 3987 767 4050 egieee
787 3984 872 4034 Gelloe
895 3985 923 4032 in
945 3983 1093 4048 Cepitolium
1114 3982 1203 4032 iterum

138 4073 245 4122 mm,ut
258 4066 385 4129 Appianae
397 4075 423 4114 et
433 4065 578 4114 Plutarchus
586 4066 645 4113 euri·
689 4065 799 4129 Philipp.
823 4068 875 4124 111,
899 4062 1022 4128 significet
1041 4063 1081 4112 hie
1104 4062 1200 4111 verbis:

138 4139 214 4206 bunt,
223 4145 250 4192 P.
264 4143 347 4209 Scipio
356 4146 445 4195 Naeiee
456 4155 527 4211 pont.
541 4161 605 4196 mex.
619 4144 647 4192 in
691 4163 704 4188 e
714 4143 807 4193 Adeeee
819 4144 845 4192 iu
859 4142 982 4211 Cepitolio
993 4143 1080 4205 jussio
1096 4141 1165 4207 qnod
1175 4143 1202 4187 in
