3200 4768
467 404 534 475 nu
557 404 625 471 ns
648 353 1050 473 rnuarsuraaia.
1224 404 1289 502 175

223 531 338 597 cunin.
363 528 486 593 Verum
519 526 609 593 hisce
638 524 839 613 temporibus
864 525 1049 613 largitiones
1064 525 1214 592 luerunt
1244 530 1293 592 in-

223 653 330 704 eerta.
357 635 532 723 Aliquanto
559 646 635 721 post
655 652 780 695 annum
808 631 1078 695 sexcentesimum
1105 632 1192 723 leges
1221 651 1292 699 tum

224 743 371 833 primum
389 742 461 805 latas
478 726 572 816 iant,
594 736 715 825 quibus
735 751 892 825 perpetua
916 752 1064 825 stataque
1084 740 1293 805 frumentatio

225 851 310 915 sacta
325 864 383 913 est
400 847 609 934 Quamquam
625 843 677 907 his
691 864 826 931 quoque
841 840 967 930 legibus
982 842 1081 908 modo
1094 842 1181 928 fixis,
1196 846 1295 911 modo

225 955 344 1037 refixis,
354 954 406 1018 illa
419 953 516 1018 etiam
530 949 718 1031 fluctuavit3
732 947 838 1012 donec
853 949 942 1012 venit
958 950 1139 1037 respublica
1151 952 1184 1015 in
1196 953 1294 1017 unius

225 1075 437 1150 potestatem,
459 1057 516 1146 qui
540 1056 679 1147 gratuita
698 1076 829 1120 annona
851 1053 936 1119 bene
956 1056 1021 1125 erni
1043 1055 1218 1145 imperium
1236 1081 1296 1147 pu.

225 1183 317 1232 taret.
345 1167 447 1256 Leges
473 1165 535 1229 illas
558 1163 624 1228 sive
647 1162 881 1245 frumentariae,
901 1161 968 1227 sive
989 1161 1209 1251 alimentariae,
1229 1168 1296 1233 sive

225 1272 428 1353 annonariae,
446 1292 523 1336 nam
538 1269 628 1334 hisce
641 1268 830 1332 nominibus
844 1267 1061 1356 appellantur,
1078 1269 1258 1359 plurimum
1276 1296 1295 1337 a

226 1377 365 1443 tribunis
381 1376 500 1466 plebis,
517 1372 692 1463 aliquando
705 1396 724 1437 a
738 1372 928 1437 oonsulibus
945 1374 1016 1439 latae
1032 1392 1119 1440 sunt.
1137 1376 1243 1442 Semel
1258 1400 1295 1442 ea

226 1481 268 1548 de
284 1506 320 1547 re
336 1483 458 1547 lactum
475 1496 525 1545 est
540 1479 870 1544 senatusconsultum.

270 1589 329 1654 vt.
352 1611 381 1655 1.
396 1587 529 1673 Primus
538 1584 580 1650 de
591 1601 673 1650 stata
685 1600 907 1674 perpetuaque
923 1585 1177 1652 frumentatione
1191 1587 1296 1680 legem

228 1695 303 1761 tulit
316 1696 353 1759 C.
365 1692 578 1782 Sempronius
592 1689 758 1756 Gracchus
769 1690 922 1755 tribunus
933 1689 1020 1780 pleb.
1033 1702 1121 1757 auno
1130 1695 1296 1762 nesso.

228 1830 242 1857 ι
254 1799 312 1864 Uti
333 1798 465 1865 semisse
488 1812 587 1885 atque
608 1795 726 1861 triente
747 1795 781 1859 in
802 1796 948 1885 singulos
969 1795 1096 1862 modios
1118 1800 1205 1888 plebi
1227 1802 1298 1866 fru-

227 1922 377 1971 mentum
401 1927 440 1970 er
463 1903 596 1993 publico
617 1901 752 1993 singulis
773 1903 941 1969 mensibus
958 1925 1017 1993 per
1033 1905 1175 1995 singulas
1193 1909 1297 1974 tribus

228 2011 443 2092 divideretur3
458 2010 661 2097 horreaque,
682 2031 754 2096 quac
774 2008 901 2098 abipso
918 2009 1099 2098 legislatore
1113 2013 1297 2102 Sempronia

228 2116 346 2183 deinde
361 2131 582 2197 recautum,
597 2115 632 2179 in
644 2113 734 2179 Urbe
745 2114 1032 2198 constituerentur,
1046 2117 1079 2180 in
1094 2118 1213 2204 quibus
1227 2118 1295 2183 fru-

227 2239 376 2287 mentum
393 2220 564 2311 publicum
579 2243 656 2285 eum
672 2219 797 2309 legibus
812 2219 1034 2284 frumentariis
1050 2241 1297 2289 asservaretur.»

227 2328 391 2396 Plutarch.
418 2327 453 2391 in
486 2325 625 2393 Gracch.
654 2324 744 2414 Epit.
775 2323 843 2390 Liv.
877 2325 946 2391 Lx.
976 2325 1102 2392 Festus.
1130 2326 1223 2421 Pigh.
1255 2328 1295 2395 ad

227 2457 302 2499 ann.
320 2433 397 2500 630.

271 2539 388 2604 Postea
404 2537 521 2603 horrea
536 2535 677 2624 plurima
689 2535 723 2600 in
740 2533 987 2623 quatuordecim
1000 2536 1097 2601 Urbis
1110 2540 1297 2629 regionibus

228 2644 381 2711 aedificata
401 2660 489 2709 sunt.
507 2645 667 2710 Numerat
681 2642 723 2708 ad
737 2657 881 2707 trecenta
899 2664 1017 2708 novem
1036 2645 1180 2735 Lipsius,
1196 2649 1297 2714 Eleet.

234 2774 270 2834 r,
288 2752 326 2817 8:
343 2751 457 2817 sortita
475 2771 597 2817 nornen
614 2747 726 2831 abiis,
742 2770 761 2812 a
778 2748 898 2836 quibus
917 2763 1078 2812 exstructa
1091 2750 1235 2816 fuerunt.

274 2856 358 2945 lege
371 2856 561 2945 Sempronia
576 2852 645 2920 duo
662 2855 870 2936 sanciuntur3
892 2852 1033 2945 pretium
1053 2854 1248 2945 largitionis,
1267 2876 1299 2925 et

230 2961 437 3051 perpetuitas.
465 2960 584 3025 Statuit
608 2960 773 3026 Gracchus
796 2960 846 3024 uti
865 2959 1067 3025 frumentum
1094 2964 1218 3052 populo
1241 2963 1299 3029 da·

231 3082 323 3130 retur
348 3064 484 3153 singulis
505 3065 697 3130 mensibus:
721 3066 771 3130 uti
795 3065 927 3129 semisse
949 3082 1048 3154 atque
1069 3067 1210 3134 triente:
1229 3070 1299 3153 vel,

232 3169 420 3235 semissibus
437 3183 470 3232 et
484 3167 676 3251 trientibus,
695 3185 735 3233 ut
752 3169 884 3252 Cicero,
902 3169 1001 3234 etalii
1020 3171 1215 3261 loquuntur.
1228 3175 1300 3240 Pri·

232 3298 324 3343 mum
343 3271 516 3365 aperienda
534 3289 584 3339 est
602 3274 745 3339 insolens
764 3275 870 3340 forma
891 3277 1064 3361 orationis;
1086 3279 1204 3373 deinde
1226 3306 1301 3375 pre·

230 3383 315 3448 tium
332 3379 423 3471 quod
438 3380 474 3444 in
493 3378 642 3444 modium
658 3380 824 3446 Gracchus
838 3381 968 3464 statuit,
986 3381 1227 3452 demonstrabo.

276 3489 401 3572 Quaerit
433 3504 544 3552 autem
573 3488 778 3552 contarenus
808 3510 869 3551 our
901 3488 1067 3554 Gracchus
1096 3493 1236 3558 semissis
1268 3512 1301 3559 et

231 3595 357 3661 trientis
367 3595 501 3659 nomina
509 3616 669 3684 usurpare
686 3594 852 3676 maluerit,
868 3616 973 3683 quum
985 3620 1053 3661 rem
1074 3614 1106 3662 et
1121 3598 1251 3663 brevius
1268 3618 1301 3665 et

232 3702 359 3792 planius
375 3701 535 3790 potuisset
549 3722 733 3789 exponere:
747 3717 780 3766 et
797 3698 944 3765 adductis
960 3701 1087 3793 aliquot
1103 3703 1299 3789 rationibus,

232 3805 371 3897 amplius
388 3805 590 3896 pronuntiat.
605 3805 785 3883 Abramus,
798 3803 840 3869 ad
855 3820 936 3871 orat.
952 3829 1014 3894 pro
1026 3806 1149 3889 Sestio,
1161 3831 1230 3900 cap.
1247 3812 1299 3897 25,

233 3930 363 3997 censet,
381 3911 472 4002 quod
490 3911 635 3977 triticum
656 3912 806 3997 semisse,
827 3910 1005 3994 hordeum,
1024 3912 1174 4002 lupinus,
1193 3933 1225 3983 et
1238 3921 1302 3984 mi.

235 4014 314 4084 nuta
331 4020 391 4085 alia
405 4019 570 4113 legumina
584 4019 703 4087 triente
720 4019 957 4102 vendebantur,
967 4017 1043 4085 ideo
1058 4018 1243 4091 distinctam
1256 4050 1305 4093 se·

237 4125 340 4190 missis
358 4141 392 4190 et
406 4126 532 4191 trientis
550 4123 620 4190 lieri
637 4125 849 4191 mentionem.
872 4127 941 4193 Nos
963 4128 1086 4212 verius,
1100 4129 1134 4194 ni
1147 4131 1250 4215 fallor,
1265 4156 1303 4197 ex
