3186 4772
414 400 470 470 IN
497 400 704 469 VERREM
727 403 834 472 ACT.
858 402 913 484 ΙΙ,
936 402 1028 470 LIB.
1054 404 1120 473 lv.
1224 402 1295 501 295

235 546 317 592 rum
328 518 489 593 aedilibus
501 522 794 593 accommodavit.
804 525 935 594 Verres
948 511 1022 594 haec
1033 522 1162 595 habeat
1175 523 1297 597 domi?

234 636 365 703 Verres
383 635 603 704 ornamentis
618 629 786 703 fanorum
805 647 914 729 atque
931 632 1149 731 oppidorum
1163 634 1295 708 habeat

234 742 378 841 plenam
400 740 568 833 domum,
587 741 687 812 villas
708 740 880 813 refertas?
899 743 1061 814 Etiamne
1080 742 1190 836 hujus
1210 769 1295 843 ope·

234 853 319 923 rarii
347 850 464 923 studia
486 874 527 922 ac
550 850 711 938 delicias,
738 850 898 946 judices,
922 850 1128 948 perferetis?
1153 855 1218 950 qui
1245 857 1294 928 ita

233 976 339 1037 natus
365 975 436 1048 est,
459 962 508 1033 ita
532 961 722 1050 educatus,
741 963 791 1032 ita
814 959 929 1032 factus
953 976 989 1034 et
1011 965 1133 1033 animo
1156 976 1193 1033 et
1215 988 1294 1035 cor-

231 1098 342 1173 pore,
363 1091 406 1146 ut
434 1076 550 1147 multo
572 1076 768 1174 appositior
792 1074 838 1147 ad
860 1074 1091 1163 defer-eadat,
1115 1100 1224 1172 quarn
1248 1078 1294 1150 ad

232 1184 426 1257 auferenda
451 1188 552 1283 signa
574 1210 650 1259 esse
670 1184 844 1256 videatur.

279 1299 399 1391 Atque
428 1293 502 1366 haec
530 1294 676 1392 Sappho
705 1294 845 1366 sublata
872 1308 1050 1392 quantum
1076 1294 1293 1367 desiderium

231 1403 288 1472 sui
307 1402 512 1499 reliquerit,
533 1402 605 1473 dici
629 1404 688 1472 vix
712 1418 844 1499 potest.
866 1407 956 1476 Nam
984 1428 1100 1502 quum
1126 1408 1205 1502 ipsa
1226 1403 1295 1478 tuit

231 1513 374 1608 egregie
400 1510 513 1595 sacta,
540 1525 619 1581 turn
650 1513 867 1609 epigramma
901 1517 1066 1585 Graecum
1101 1513 1293 1613 pernobile

230 1618 394 1717 incisum,
411 1618 537 1690 habuit
561 1625 599 1690 in
623 1617 723 1708 basi,
747 1621 848 1718 quod
873 1623 940 1693 iste
963 1621 1147 1694 eruditus⁸
1164 1624 1295 1714 homo,

230 1735 268 1799 et
285 1728 483 1818 Graeculus,
501 1730 565 1825 qui
582 1729 658 1801 haec
674 1729 857 1803 subtiliter
871 1731 1027 1829 judicat,
1046 1737 1109 1830 qui
1126 1735 1223 1807 solus
1239 1738 1293 1807 in·

230 1838 377 1935 telligit,
401 1843 431 1911 si
456 1862 566 1910 unam
595 1839 732 1911 literam
757 1864 905 1939 graecam
927 1845 1069 1932 scisset,
1096 1859 1194 1916 certe
1216 1871 1291 1917 non

230 1948 474 2020 sustulissem:
492 1975 589 2021 nunc
607 1951 704 2021 enim
723 1950 824 2047 quod
838 1953 1052 2050 inscriptum
1067 1967 1122 2025 est
1139 1955 1237 2023 inani
1253 1958 1292 2023 in

227 2051 322 2145 basi,
343 2056 517 2148 declarat,
537 2058 626 2156 quid
646 2058 771 2147 fuerit,
789 2076 825 2131 et
843 2061 881 2132 id
899 2061 1058 2133 ablatum
1075 2061 1217 2133 indicat.

276 2169 396 2257 Quid?
409 2171 552 2266 signum
567 2171 699 2241 Paeanis
708 2178 739 2213 ¹⁰
752 2194 795 2240 ex
808 2170 883 2241 aede
897 2171 1105 2268 AEsoulapii,
1121 2171 1289 2269 praeclare

227 2274 380 2370 factum,
399 2304 541 2351 sacrum
562 2295 598 2351 et
619 2280 843 2376 religiosum,
869 2302 944 2351 non
970 2280 1166 2352 sustulisti?
1188 2281 1290 2378 quod

227 2411 350 2462 omnes
372 2405 523 2489 propter
547 2387 852 2488 pulchritudinem
876 2389 1010 2475 visere,
1031 2405 1181 2489 propter
1204 2390 1288 2462 reli-

224 2499 368 2594 gionem
386 2501 503 2571 colere
522 2498 697 2571 solebant.
714 2496 837 2588 Quid?
853 2523 898 2569 ex
914 2497 988 2570 aede
1005 2498 1126 2569 liberi
1142 2498 1287 2571 simula·

226 2631 325 2681 crum
352 2612 489 2682 Aristaei
514 2634 589 2679 non
616 2623 680 2680 tuo
709 2609 859 2705 imperio
887 2609 1004 2705 palam
1030 2606 1190 2678 ablatum
1213 2609 1287 2680 est?

227 2717 345 2804 Quid?
361 2744 405 2796 ex
422 2719 495 2790 aede
512 2721 609 2789 Jovis
621 2718 928 2813 religiosissimum
941 2717 1173 2787 simulacrum
1189 2719 1286 2788 Jovis

225 2826 507 2924 Imperatoris¹¹,
533 2853 644 2925 quem
670 2828 786 2898 Graeci
817 2828 933 2901 Urion
961 2827 1173 2927 nominant,
1201 2827 1287 2924 pul·

223 2976 366 3041 quibusdam
378 2978 450 3040 MSS,
460 2990 550 3043 spectet
561 2995 643 3026 eorum
656 2992 730 3026 orna·
773 2976 835 3041 quid
857 2976 941 3023 Verris
963 2974 1096 3035 referebat,
1117 2984 1199 3022 utrum
1220 2972 1285 3026 bant·

224 3067 283 3105 tom.
298 3056 373 3105 Male.
731 3060 737 3071 ’
773 3057 918 3119 epigramma
932 3069 1036 3117 graecum
1052 3068 1129 3101 nenne
1144 3054 1283 3115 habuissem

260 3152 281 3197 7.
297 3136 340 3182 Ad
354 3132 495 3198 deftrenda.
507 3138 544 3182 lta
555 3148 635 3181 cmsso
647 3134 729 3181 animo
773 3149 864 3196 quum,
880 3144 909 3181 ut
924 3134 1035 3198 superins
1054 3133 1173 3192 vidimus,
1189 3150 1282 3184 nomen

223 3212 456 3276 etulentioorpore
467 3223 517 3270 est,
528 3222 555 3257 nt
565 3209 729 3273 multomagis
772 3213 893 3277 Scipionis
912 3210 1035 3271 Africani,
1055 3212 1125 3261 nullo
1144 3214 1219 3262 modo
1235 3216 1283 3263 fuit

222 3291 254 3339 sit
261 3295 340 3357 aptior
349 3292 379 3339 ad
389 3288 578 3339 circumferenda
586 3287 638 3336 haec
647 3304 729 3352 opera,
772 3290 958 3354 impedimento,
971 3306 1015 3339 cur
1025 3300 1129 3340 statuam
1140 3291 1192 3340 basi
1201 3294 1283 3360 impo-

222 3371 288 3435 quod
299 3370 437 3430 baiulorum
450 3379 487 3417 est
501 3366 640 3433 proprium
656 3381 728 3429 qnam
772 3371 842 3419 sitnm
850 3380 952 3435 raperet.

221 3448 254 3497 etl
270 3450 307 3498 1111
322 3449 388 3498 (1οωί
405 3463 455 3496 snae
470 3444 609 3496 auferenda.
625 3445 728 3493 Ausone
809 3464 849 3498 ιο.
861 3449 966 3498 Poeanis.
978 3447 1113 3514 Apollinis3
1126 3449 1169 3497 ted
1181 3452 1280 3499 totilla

220 3529 284 3577 enim
302 3540 339 3577 eet
360 3527 471 3591 aliquid,
486 3537 529 3574 aut
546 3535 668 3588 emptum,
685 3536 727 3572 aut
770 3531 854 3592 potins
864 3541 900 3577 est
912 3530 991 3593 poetis
1005 3538 1126 3593 usurpata.

220 3608 306 3671 quotis
316 3608 365 3655 alio
377 3606 451 3655 modo
469 3605 627 3669 acquisitum,
640 3606 666 3652 in
681 3603 726 3652 do·
808 3623 848 3655 11.
861 3606 1198 3672 lovislmpcratora's.10vem
1208 3606 1278 3654 illum

219 3701 283 3734 mum
294 3702 361 3734 suam
372 3684 619 3761 portandum-curare.
771 3686 849 3734 Graeci
855 3684 938 3754 Oirptos
950 3686 1077 3739 dixerunt,
1086 3686 1155 3748 quasi
1167 3686 1210 3747 qui
1218 3682 1280 3733 lines

254 3767 278 3814 8.
299 3765 414 3812 Entditus
433 3763 512 3811 homo.
537 3764 647 3821 tronto„
670 3778 724 3811 nam
769 3776 885 3814 tueretur.
899 3768 1043 3813 Huncvero
1060 3763 1163 3811 Romani
1176 3763 1279 3826 impera·

218 3846 305 3892 Verres
323 3860 373 3892 non
392 3846 534 3893 Gtmcornm
554 3842 677 3904 ingenium
700 3854 726 3891 et
768 3843 937 3902 torem‚nulla
950 3856 1035 3905 graeooe
1048 3840 1221 3890 rocisratione
1234 3842 1279 3890 ha·

218 3922 304 3971 subtile
316 3924 390 3971 animi
403 3937 519 3977 acumen,
545 3920 588 3968 sed
597 3931 725 3985 corruptos
768 3920 820 3969 bitu
832 3919 1279 3975 nominaverunttnndenomenillnd

219 4010 311 4050 tantum
320 4017 400 4050 mores
405 4013 431 4051 et
437 4001 558 4050 luxuriam
568 3999 686 4049 hannem.
769 4003 792 4049 ei
803 3999 850 4049 luit
857 3998 977 4061 inditum,
987 3997 1067 4047 adhuc
1078 4001 1211 4049 incertum:
1221 4000 1279 4051 iude

253 4094 279 4138 9.
298 4079 354 4125 Nou
370 4079 506 4127 sustulisset.
523 4076 604 4138 Elat03
622 4092 726 4146 namque
770 4080 852 4128 forsan
862 4079 928 4129 venit
938 4078 1282 4147 quodtteteltunprospems
