3016 4774
378 369 449 467 524
724 370 992 443 EXCURSUS
1017 371 1088 441 lx.

374 515 433 559 scu
449 512 549 556 usum
568 487 664 559 tundi
681 512 740 580 per
756 490 927 557 biennium
944 490 1029 581 parit
1039 488 1097 571 jus
1112 489 1318 581 possessionis
1330 487 1401 576 legii

373 620 442 665 mae.
460 595 546 663 Usus
564 618 633 660 non
657 611 707 661 est
730 596 907 685 usucapio,
930 612 968 661 ut
985 594 1066 661 aiibi
1088 615 1347 683 nonnumquam,
1366 588 1401 655 sei

371 705 441 793 ipsa
455 700 572 767 utendi
589 701 722 767 facultn
736 718 771 771 et
785 718 944 790 potestas,
967 701 1124 767 Ciceroni
1142 700 1236 765 aliter
1251 721 1337 765 usura
1350 695 1401 759 dio'·

371 824 441 892 tur,
461 823 499 872 ut
513 808 548 871 in
560 805 691 875 TuscuI
703 807 736 871 I:
756 836 770 863 s
780 808 904 871 Nature
917 805 1007 872 dedit
1022 828 1163 871 usuram
1177 805 1265 886 vite,
1281 819 1401 897 tanquan

369 914 536 1004 pecunie,
553 911 642 977 nulls
662 911 842 1002 prostituta
862 910 914 978 die
928 943 952 976 ν.
974 911 1056 978 Usus
1074 912 1241 977 biennium
1257 925 1302 974 est
1313 919 1402 970 utentes

369 1042 429 1110 per
443 1018 635 1099 biennium,
652 1017 766 1106 siquis
782 1021 887 1082 utitur
901 1016 1008 1095 fundo
1025 1016 1115 1082 duos
1133 1038 1258 1096 annm,
1278 1029 1313 1077 ut
1326 1012 1352 1075 iu
1365 1006 1402 1071 vn

369 1123 411 1191 ad
418 1126 490 1191 niv.
500 1128 633 1190 «Annos
648 1123 769 1189 multos
786 1124 868 1189 nihil
881 1121 970 1189 eliud
983 1122 1221 1188 commentaris
1228 1146 1258 1203 »3
1271 1141 1323 1207 per
1332 1132 1401 1179 sunu

371 1233 502 1296 multos.
527 1231 569 1295 Et
592 1228 636 1295 ad
656 1229 752 1296 Attiu
760 1230 858 1309 VIII,
882 1234 947 1310 14:
971 1231 1111 1319 «Neque
1133 1230 1247 1293 Romu
1266 1220 1400 1313 quidqudl

369 1336 501 1402 auditur
520 1337 616 1418 novi,
635 1358 696 1401 nec
719 1336 753 1399 in
775 1335 827 1401 bis
851 1335 947 1419 locis,
964 1359 1039 1424 qum
1062 1358 1083 1400 u
1113 1331 1298 1421 Brundusio
1318 1326 1401 1390 rbem

369 1442 524 1532 propius,
544 1464 642 1530 quum
662 1456 717 1524 tn,
743 1440 904 1523 biduum,
925 1459 982 1507 out
1004 1440 1191 1506 biduum».
1209 1441 1260 1503 An
1278 1454 1335 1498 non
1353 1448 1399 1493 on·

369 1547 462 1613 nium
477 1546 574 1611 estin
585 1567 658 1629 ore,
674 1569 803 1615 «annos
817 1547 1084 1631 tres3biennium
1103 1542 1233 1613 abfuit?
1244 1536 1350 1603 »Ibdes
1363 1529 1400 1618 igi·

370 1667 425 1715 tur
454 1650 626 1717 concidere
652 1651 916 1719 emendationem
943 1652 1183 1733 Hottomanni,
1199 1641 1399 1736 explicatione!

236 1772 244 1783 '
352 1755 465 1845 ‚Fabri
483 1771 518 1820 et
537 1755 724 1839 Passeratii,
752 1759 809 1846 qui
829 1758 971 1824 retinent
995 1752 1220 1822 connectendi
1245 1743 1400 1840 pertimlm

366 1863 552 1929 sosoma:
576 1879 625 1927 est
642 1864 774 1945 evictio,
787 1863 854 1927 sire
869 1863 979 1955 potius
995 1861 1030 1927 id
1045 1862 1141 1951 quod
1157 1860 1314 1927 eudonem
1327 1846 1399 1939 parit,

368 1991 429 2058 pro
455 1968 629 2050 evictione,
648 1984 686 2032 ut
711 1966 837 2032 erudite
858 1967 972 2033 docuit
993 1967 1173 2037 Salmasius
1196 1965 1237 2030 de
1259 1957 1399 2033 Usurisid

368 2072 444 2139 dein
461 2073 530 2164 ipsa
546 2073 630 2137 actio
648 2071 834 2156 evictionis,
851 2070 992 2162 denique
1014 2073 1108 2162 quod
1124 2058 1399 2161 nequitissimus

368 2179 421 2243 ills
434 2178 487 2260 ius
505 2178 737 2268 possessionis,
753 2176 788 2244 id
806 2177 896 2267 quod
913 2180 995 2244 male
1013 2196 1111 2269 neget
1129 2168 1336 2244 Salmasiusin
1349 2163 1397 2225 ¹⁰⁰⁰

367 2282 509 2349 laudato.
526 2283 603 2349 Hoec
625 2283 773 2373 pluribus
796 2283 1037 2368 confirmarem,
1054 2286 1121 2350 nisi
1142 2296 1228 2349 esset
1244 2299 1290 2342 res
1301 2260 1397 2357 liquid·

368 2388 549 2456 clarissime
572 2410 705 2477 quoque
725 2404 829 2476 patet,
848 2388 1018 2453 biennium
1044 2392 1212 2479 pertinere
1232 2381 1271 2449 sd
1283 2386 1397 2441 dumi

369 2518 438 2560 non
449 2493 490 2559 ad
502 2495 728 2559 auctoritatem
739 2516 778 2559 ex
792 2494 847 2579 iis,
863 2518 935 2584 quae
950 2495 1037 2584 spud
1051 2498 1243 2563 Ciceronem
1260 2490 1291 2553 in
1302 2469 1397 2565 T⁰Pffi⁵

368 2600 438 2663 boec
451 2598 566 2682 verbe,
585 2599 764 2688 «quonism
778 2623 858 2665 usus
869 2601 1042 2667 auctoritas
1058 2602 1158 2669 fiendi
1170 2593 1327 2666 biennium
1333 2592 1395 2649 ἅμ’

371 2720 564 2793 sequuntur,
580 2736 593 2762 ι
605 2721 638 2770 et
658 2722 736 2771 sunt
760 2723 939 2771 ceterarum
964 2709 1136 2792 omnium,
1154 2721 1288 2797 qttsrum
1303 2696 1397 2757 munst

370 2827 418 2875 est
434 2832 512 2877 usus
524 2841 554 2895 s,
572 2811 638 2877 hoc
654 2828 716 2894 est,
733 2812 922 2895 mobilium,
943 2814 1063 2901 quibus
1081 2835 1208 2880 unntuu
1233 2816 1344 2872 uotum
1358 2804 1396 2850 ³¹¹⁰

371 2938 445 2983 mus
463 2917 526 3000 usi,
540 2917 716 2985 auctoritas
729 2936 787 2983 est
801 2918 955 2984 Girsu-
961 2920 1039 2986 Sine
1053 2922 1173 3011 copula
1190 2911 1287 2984 edidit
1301 2895 1396 2970 Ldlsss
