3186 4772
318 379 390 453 300
590 332 595 345 ’
637 387 686 455 u.
712 382 751 456 r.
777 385 1059 457 cronnours

310 517 416 594 sunt,
434 527 572 577 merere
590 506 719 596 vellel,
744 522 785 579 ut
806 507 853 580 ah
874 509 926 579 eis
951 529 1151 579 marmorea
1171 509 1298 582 Venus
1315 512 1376 585 ilia

312 610 520 684 auferatur?
551 614 640 712 quid
667 619 900 705 Tarentinos,
926 631 968 688 ut
998 621 1182 715 Europam
1209 622 1248 688 in
1273 634 1377 693 tauro

313 723 502 793 amittant?
528 739 570 794 ut
592 728 779 822 Satyrum,
802 729 867 825 qui
890 724 987 824 apud
1006 725 1089 797 illos
1106 729 1146 795 in
1166 725 1242 797 aede
1262 733 1377 801 Vestae

314 833 394 911 esti
418 847 460 904 ut
486 835 630 906 cetera?
650 834 739 933 quid
765 836 1023 935 Thespienses,
1052 848 1094 905 ut
1120 835 1309 933 Cupidinis
1331 840 1378 909 si-

234 996 239 1009 ,
313 965 447 1038 guum,
470 957 620 1041 propter
642 944 743 1041 quod
765 971 882 1016 unum
902 946 1069 1016 visuntur
1087 944 1272 1045 Thespiae?
1287 949 1377 1045 quid

229 1138 232 1143 ⁴
314 1049 481 1138 Cnidios,
495 1066 538 1123 ut
554 1056 730 1125 Venerem
745 1079 983 1126 marmoream
993 1051 1030 1124 ⁵?
1047 1053 1152 1150 quid,
1168 1068 1209 1125 ut
1223 1058 1375 1152 pictam,

316 1162 434 1233 Coos?
443 1159 529 1257 quid
541 1161 733 1261 Ephesius,
745 1163 1055 1235 utAlexandruml
1068 1161 1155 1259 quid
1164 1166 1385 1259 Cyzicenos,

313 1283 356 1340 ut
376 1270 538 1364 Ajacem,
557 1287 620 1344 aut
638 1272 826 1345 Medeam?
843 1272 932 1370 quid
949 1270 1125 1359 Rhodion,
1141 1286 1182 1347 ut
1197 1271 1376 1369 Ialysum?

314 1378 404 1474 quid
417 1379 671 1470 Athenienses,
689 1399 731 1456 ut
744 1409 789 1455 ex
800 1407 980 1455 marmore
993 1380 1183 1470 Iacchum,
1202 1396 1264 1453 aut
1274 1388 1376 1454 Para·

313 1487 391 1560 lum
409 1492 566 1589 pictum,
584 1508 647 1564 aut
665 1519 710 1565 ex
726 1519 795 1566 aere
816 1495 980 1591 Myronis
1001 1491 1192 1564 buculam?
1210 1496 1375 1589 longum

315 1613 392 1686 est,
417 1614 454 1671 et
476 1626 552 1673 nou
574 1605 834 1692 necessarium,
859 1597 1261 1698 commemorare,'quae
1281 1600 1377 1699 apud

314 1732 480 1807 quosque
493 1713 639 1784 visenda
652 1729 738 1785 sunt
749 1727 826 1786 tota
838 1715 919 1785 Asia
931 1726 967 1783 et
979 1715 1116 1784 Graecia
1126 1738 1135 1781 ε
1147 1733 1275 1782 verum
1288 1710 1377 1782 illud

315 1832 391 1907 est,
411 1820 648 1917 quamobrem
673 1823 749 1895 haec
768 1819 1120 1910 commemorarim⁶‚
1142 1819 1243 1918 quod
1264 1823 1382 1893 existi·

314 1949 417 1999 mare
437 1953 502 2000 vos
523 1928 593 2003 hoc
619 1931 721 2019 volo,
741 1935 874 2002 mirum
894 1931 1091 2030 quem-dam
1110 1920 1276 2025 dolorem
1291 1935 1380 2002 acci·

315 2059 401 2135 pere
422 2063 505 2128 eos,
525 2064 571 2111 ex
589 2066 747 2139 quorum
769 2040 923 2113 urbibus
940 2041 1015 2112 haec
1034 2039 1256 2113 auferantur.

360 2150 452 2219 LXI.
472 2155 608 2248 Atque,
624 2167 667 2223 ut
683 2167 821 2225 ceteros
837 2155 1045 2224 omittamus
1055 2162 1082 2238 ¹,
1099 2150 1144 2223 de
1166 2151 1253 2249 ipsis
1274 2153 1379 2247 Syra-

314 2258 455 2328 cusanis
475 2265 681 2356 cognoscite
694 2289 703 2332 2
718 2261 764 2335 ad
783 2286 876 2359 quos
896 2285 967 2359 ego
981 2285 1095 2358 quum
1116 2262 1312 2347 venissem,
1328 2263 1379 2332 sic
1414 2286 1422 2303 ’
1510 2264 1525 2287 ’·

311 2365 430 2460 primo
449 2368 712 2457 existimabam,
729 2386 772 2445 ut
789 2377 912 2443 Romae
924 2395 969 2445 ex
982 2372 1085 2445 istius
1099 2372 1221 2442 amicis
1234 2395 1377 2469 accepe·
1423 2449 1427 2455 ἢ

314 2496 409 2561 ram,
431 2475 609 2551 civitatem
630 2483 905 2576 Syracusanam,
927 2496 1078 2579 propter
1100 2480 1252 2553 Heraclii
1273 2479 1377 2550 here·

314 2577 462 2653 ditatem
473 2594 500 2672 ²,
520 2609 596 2657 non
613 2589 731 2667 minus
744 2614 820 2661 esse
836 2592 896 2662 isti
910 2593 1079 2680 amicam,
1096 2614 1204 2688 quam
1222 2592 1377 2661 Mamer·

351 2776 378 2827 t.
391 2772 486 2820 Herere
495 2773 566 2824 velle.
573 2777 630 2838 Quo
642 2776 722 2842 pretio
732 2776 825 2826 adduci
867 2780 920 2841 111,
929 2779 1138 2837 ot.-Paraluns.
1148 2781 1172 2827 Is
1180 2789 1217 2827 est
1230 2777 1274 2842 qui
1285 2776 1378 2842 primus

314 2863 388 2913 posse
398 2850 523 2916 Rheginos
535 2853 826 2905 arbitramini-Venus
867 2856 941 2922 longa
954 2875 1017 2907 nave
1036 2858 1160 2922 navigasse
1180 2857 1278 2906 dieitur.

315 2925 361 2976 itta
373 2928 510 2995 eaaserotur.
529 2933 591 2982 Mss
608 2934 658 2983 lere
678 2951 763 2983 omnes
780 2933 825 2981 ha·
904 2937 930 2985 6.
951 2936 1174 2986 Commemoratur.
1194 2937 1291 2986 Ernest.
1314 2950 1377 2984 oom-

316 3005 415 3056 bentne
426 3022 484 3073 post
502 3011 545 3059 illa
554 3046 561 3071 ,
570 3028 626 3076 que
638 3030 697 3062 vero
710 3030 761 3063 vox
773 3029 826 3062 om·
869 3032 1004 3065 memorem.
1019 3018 1044 3066 J.
1061 3019 1092 3065 V.
1107 3018 1135 3065 la.

315 3086 376 3135 nino
387 3088 555 3149 redundat,et
563 3093 651 3155 optimi
660 3094 751 3157 quique
760 3109 825 3142 com·
853 3140 866 3154 N
904 3098 971 3147 tn.
983 3093 1376 3160 1.Atquenteeterosomittarses.

315 3177 462 3216 mactatores
477 3169 632 3231 rejiciendam
649 3171 825 3233 decreverunt,
869 3175 961 3226 Ultima
972 3191 1028 3240 pars
1041 3185 1077 3222 est
1098 3173 1171 3234 hujus
1183 3174 1316 3230 orationis,
1328 3188 1375 3236 qua

318 3260 381 3309 ‘1⁰0⁸
391 3247 488 3308 “qunti
498 3264 589 3299 manus.
867 3255 968 3316 injurias
973 3253 1069 3318 quibua
1080 3253 1168 3299 Verres
1176 3262 1286 3299 senatum
1295 3250 1375 3298 allecia
1477 3276 1495 3297 .—

354 3322 378 3372 5.
397 3327 513 3373 Venerem
528 3343 702 3376 nsarmoreem.
721 3330 766 3378 Est
783 3330 825 3379 illa
869 3342 1056 3392 commemoret,
1075 3341 1199 3379 uteorum
1217 3328 1375 3377 Mamertino·

318 3403 401 3451 Venus
419 3412 486 3452 tanta
506 3406 647 3455 Nicomedis
666 3407 825 3457 estimatione
868 3424 969 3475 rumque
978 3409 1049 3457 simul
1058 3409 1135 3457 elevet
1145 3405 1319 3456 laudationem.

317 3481 729 3549 nobilitata.-Coos.Loqniturhic
742 3499 825 3536 orator
904 3504 928 3536 o.
954 3491 1056 3549 Propter
1076 3486 1185 3535 Heraclii
1206 3484 1374 3533 hereditatem.

316 3560 348 3611 de
366 3563 462 3611 Venere
475 3559 517 3612 illa
530 3580 603 3627 quam
615 3564 752 3617 inchoatam
768 3566 824 3616 reli·
867 3570 896 3615 In
908 3565 972 3614 libro
986 3566 1010 3611 11
1023 3565 1134 3612 Actionis
1161 3564 1273 3613 secunde
1292 3563 1375 3611 Verris

315 3642 370 3706 quit
378 3642 488 3708 Apelles,
501 3659 577 3706 quum
586 3660 651 3692 mors
666 3660 720 3692 eom
733 3647 822 3710 rapuit.
867 3660 963 3699 ornnem
974 3643 1038 3692 hanc
1048 3644 1169 3692 infamiam
1183 3643 1302 3707 explicuit
1311 3677 1318 3701 ‚
1327 3657 1375 3706 qua
1415 3682 1419 3689 .

315 3722 536 3772 -Aleeandrtsm
549 3723 616 3772 lsab
630 3723 716 3789 Apelle
730 3725 823 3788 pictus,
866 3722 921 3775 urbi
943 3721 1102 3772 hereditatem
1130 3722 1243 3771 Heraclio
1269 3721 1375 3771 debitam

315 3799 407 3849 fulmen
419 3818 492 3851 mauu
504 3804 623 3852 tenensin
637 3803 727 3869 templo
740 3804 822 3868 Ephe·
866 3801 1022 3851 condonavit.
1032 3802 1089 3850 Non
1098 3803 1172 3866 gratis
1182 3800 1296 3865 quidem
1309 3815 1375 3847 nam·

315 3878 357 3925 siae
368 3880 460 3929 Dianas.
469 3906 503 3919 -
511 3883 625 3945 Ialysum.
637 3884 697 3931 Eum
706 3884 823 3944 Protoge·
866 3881 968 3944 quehoc
976 3881 1087 3930 beneficii
1097 3881 1208 3943 nomine,
1218 3880 1288 3928 abiis
1299 3881 1375 3943 signa,

317 3970 360 4002 nes
372 3957 465 4018 pinsit,
486 3971 627 4023 septemque
641 3963 667 4008 in
686 3976 761 4024 opere
778 3959 822 4006 illo
865 3959 959 4008 tabulas
971 3961 1063 4026 pictas,
1081 3977 1184 4025 vasaque
1198 3970 1222 4008 et
1239 3969 1374 4006 toreumata
1460 3963 1466 3974 “

316 4047 393 4080 annos
405 4038 563 4099 consumpsit.
583 4038 677 4100 lalysns
695 4038 760 4084 Solis
778 4054 821 4085 ne·
865 4039 994 4103 sepissime
1005 4040 1100 4103 exegit,
1114 4050 1139 4088 et
1156 4056 1205 4088 una
1217 4038 1257 4086 (lie
1269 4036 1324 4085 ihs
1344 4054 1374 4084 cc

315 4121 577 4177 poserat,uttsstatur
585 4114 821 4169 etwodettnb.
865 4118 948 4168 millia.
972 4120 1056 4182 ltaque
1076 4118 1135 4167 irata
1151 4118 1189 4167 illi
1205 4116 1375 4167 infestissima-
