3116 4774
404 421 597 489 ontrto
622 420 723 486 ruo
749 422 789 487 A.
816 420 1026 493 cinctui.
1176 424 1245 522 509

187 544 256 616 bus
271 542 451 613 amitteret
470 537 733 612 hereditatem.
748 543 909 614 Veniunt
922 544 959 612 in
983 559 1139 617 mentem
1157 548 1245 619 mihi

188 652 388 750 permulta:
413 649 517 721 vobis
542 649 666 748 plura,
693 665 792 723 certo
821 653 906 724 scio.
936 657 1092 743 Verum,
1118 682 1165 729 ne
1190 660 1245 728 ni·

187 765 300 831 mium
319 759 431 830 multa
449 759 743 857 complectamur,
764 776 874 858 atque
891 761 937 832 ab
959 787 1020 851 eo,
1040 764 1140 861 quod
1159 792 1245 864 pro-

187 870 344 966 positum
359 883 431 956 est,
447 867 589 965 longius
607 867 749 941 aberret
763 873 899 958 orati03
918 871 987 942 hoc
1006 874 1125 970 ipsum
1142 878 1248 949 inter·
1275 866 1279 877 ¹

188 977 343 1065 dictum,
355 976 487 1074 dequo
499 981 627 1076 agitur,
637 977 915 1052 consideremus.
929 982 1139 1080 Intelligetis
1149 989 1247 1057 enim

188 1091 283 1159 ineo
296 1089 396 1185 ipso,
412 1090 493 1159 siin
508 1086 627 1160 verbis
641 1089 700 1184 jus
715 1092 996 1179 constituamus,
1014 1116 1159 1164 omnem
1174 1098 1246 1165 uti·

187 1196 321 1268 litatem
342 1221 410 1269 nos
432 1196 540 1292 hujus
559 1197 758 1287 interdicti,
785 1197 872 1269 dum
902 1203 1037 1272 versuti
1069 1216 1105 1273 et
1130 1203 1246 1277 callidi

186 1306 353 1378 volumus
370 1330 464 1393 esse,
481 1312 683 1379 amissuros.
698 1312 802 1380 Unun
818 1333 884 1395 ru,
901 1333 972 1379 sur
989 1335 1158 1399 usurum,
1177 1339 1248 1385 sur

187 1440 419 1488 rnocuntron
444 1438 539 1488 ruus.
563 1418 599 1488 Si
618 1441 676 1487 me
700 1419 839 1490 villicus
857 1432 966 1491 tuus⁹
983 1420 1081 1492 solus
1097 1420 1248 1519 dejecis-

187 1539 262 1615 set,
280 1552 355 1598 non
375 1526 509 1598 familia
528 1528 733 1623 dejecisset,
755 1544 796 1598 ut
818 1532 959 1626 opinor,
980 1530 1043 1604 sed
1061 1533 1189 1631 uliquis
1204 1534 1249 1607 de

189 1632 329 1706 familia.
350 1639 460 1707 Recte
479 1638 587 1733 igitur
605 1634 743 1708 diceres
764 1651 800 1709 tc
817 1642 1077 1713 restituisse¹⁰l
1099 1646 1248 1742 quippe.

189 1745 287 1834 Quid
307 1748 403 1816 enim
424 1744 563 1817 facilius
581 1759 655 1833 est,
682 1770 793 1843 quam
810 1745 957 1844 probari
975 1750 1040 1837 iis,
1056 1754 1120 1849 qui
1139 1752 1248 1825 latine

188 1914 255 1963 Alibi
267 1915 349 1962 Attires
360 1927 384 1963 et
395 1915 472 1963 l‘s'ts'us
483 1915 555 1963 etiam
565 1916 698 1982 proverbio
742 1917 785 1965 lici
797 1933 847 1964 rem
860 1916 953 1965 domini
971 1919 1195 1986 pomationemque
1208 1922 1250 1971 de-

188 1994 455 2044 celebmtisuut.1dem
464 1994 617 2059 Attit'‚qssod
627 1995 698 2057 Titii,
742 1996 854 2055 leudem
863 2012 909 2060 pro
922 1997 1043 2047 Cluentio.
1055 2000 1097 2047 Est
1109 2011 1189 2049 autem
1197 2002 1250 2050 hec

188 2085 217 2121 nt
229 2076 300 2122 etiam
314 2074 421 2122 tteiuset
431 2074 499 2123 Seius
512 2072 578 2137 apud
589 2076 698 2122 Juvena-
741 2073 818 2123 fictio.
834 2076 933 2124 Psassa.

188 2152 236 2200 lem
246 2162 271 2200 et
277 2152 343 2217 apud
355 2153 518 2202 Plutarchum.
532 2154 593 2201 Non
605 2163 640 2200 est
650 2153 699 2215 igi·
779 2168 817 2200 ιο.
831 2153 902 2198 llecte
913 2152 990 2216 igitur
1000 2151 1091 2201 diceres
1103 2165 1127 2202 te
1138 2156 1251 2205 restituis·

189 2242 303 2279 turerror
310 2234 337 2279 in
345 2232 453 2291 nomine,
460 2230 698 2293 sedinhle:«1sque
741 2234 786 2276 ss?
801 2229 908 2276 Notetur
925 2230 1009 2292 loeus,
1024 2232 1065 2278 cui
1083 2232 1173 2280 similes
1193 2244 1250 2283 sunt

186 2312 236 2371 ism
245 2326 322 2359 annos
328 2326 363 2358 xx
373 2310 487 2369 baberet,
497 2309 567 2357 vobis
575 2309 696 2372 interpre-
738 2306 779 2355 alii
790 2323 863 2370 quam
871 2306 957 2357 multi:
966 2323 997 2355 ex
1006 2309 1096 2372 quihus
1105 2326 1190 2359 verum
1198 2329 1250 2361 esse

189 2389 254 2437 tibus
270 2391 388 2438 amitteret
402 2388 558 2437 hereditatem
570 2409 592 2436 υ.
610 2387 697 2435 Gravis
740 2385 890 2449 intelligitur,
898 2385 965 2449 quod
974 2398 1044 2436 antea
1055 2387 1169 2449 diximus,
1179 2407 1252 2455 spon-

189 2484 257 2516 error
269 2478 305 2516 eat
317 2469 344 2516 in
358 2468 451 2515 numeri
464 2466 539 2513 notis.
556 2466 619 2528 Quis
632 2466 697 2513 enim
740 2465 814 2512 sionis
822 2464 917 2524 verbis,
927 2465 1016 2530 quibus
1025 2467 1080 2530 quis
1096 2488 1108 2509 ι
1116 2469 1249 2519 restituisse

189 2547 310 2611 pupillum
318 2560 434 2594 suumn
441 2555 523 2592 natum
530 2543 698 2606 appellaverit?
740 2560 766 2592 se
776 2543 837 2591 dicit
846 2565 872 2603 n,
885 2560 938 2593 non
947 2546 1037 2593 laetum
1046 2545 1129 2610 ipsum
1138 2563 1250 2612 eompre-

188 2625 298 2689 Pupillns
315 2641 328 2671 a
346 2623 421 2672 tutels
437 2621 565 2680 libentur,
579 2622 651 2670 simul
668 2639 696 2669 ac
739 2622 814 2670 hendi
830 2637 837 2669 :
855 2623 903 2671 hoe
921 2635 971 2683 est,
992 2640 1043 2673 non
1063 2626 1129 2674 sacto
1145 2627 1202 2691 ipso
1221 2644 1250 2675 ae

190 2702 267 2766 pubes
277 2719 327 2751 esse
338 2702 435 2767 incipit.
448 2702 560 2766 Incipere
572 2712 653 2749 sutem
665 2700 696 2749 ab
739 2717 823 2749 revera
832 2701 911 2749 dicere
919 2718 1060 2765 sponsorem
1072 2706 1250 2756 seaestltuisse:

190 2781 260 2827 suuis
276 2790 306 2837 rt
323 2782 395 2830 doeet
408 2781 574 2841 Justiuianus,
590 2791 614 2828 et
624 2779 697 2840 juris·
740 2781 831 2845 quippe
850 2778 894 2843 qui
913 2779 984 2828 nullo
1003 2780 1079 2829 modo
1100 2782 1249 2834 restituerit:

190 2859 308 2918 uomulti,
321 2872 346 2907 et
359 2863 456 2919 Festus,
468 2870 493 2908 et
505 2859 556 2909 alii
575 2861 697 2923 Quoniam
739 2858 857 2905 namhoc
870 2856 925 2920 ipso
941 2857 969 2904 in
983 2856 1041 2905 loco
1057 2857 1102 2921 qul
1116 2860 1251 2910 restituisse

190 2938 277 3000 igitur,
291 2955 364 3002 qnam
376 2942 408 2988 sit
418 2940 471 2987 bec
483 2939 566 3002 iniqua
576 2939 696 3003 interpre·
740 2952 766 2984 se
780 2934 854 2995 dicit,
866 2950 917 2982 non
929 2934 1051 2984 restitnit:
1067 2937 1124 2983 etsi
1137 2937 1185 2986 hoc
1197 2940 1251 2988 aliis

191 3017 267 3076 tatio,
286 3029 402 3081 quantum
422 3029 520 3083 potest,
538 3028 624 3081 suget,
642 3017 698 3082 lego
740 3013 933 3071 serbisellerret,
940 3013 1087 3063 sicdiceret:
1099 3017 1252 3069 «Restituere

191 3112 270 3144 sums
290 3113 323 3144 xv
340 3097 454 3157 baberet,
474 3095 543 3159 quod
560 3096 602 3144 hic
621 3112 698 3143 nunus
741 3092 1251 3156 nondebeoeqnippeqnlnondejecerimn.

191 3176 283 3239 primus
304 3186 355 3234 est,
377 3186 405 3223 nt
424 3175 461 3223 illi
481 3190 566 3222 omnes
587 3184 698 3222 suctores
741 3169 789 3218 Sed
802 3170 871 3234 quod
886 3170 1037 3234 magistratus
1052 3171 1155 3235 irnperio
1167 3191 1252 3239 parere

191 3264 260 3312 sunt,
268 3269 331 3318 quoe
339 3253 482 3311 memoravi,
491 3268 577 3316 exque
586 3252 697 3317 impubes
741 3250 819 3299 civem
828 3264 924 3297 neeesse
933 3259 984 3307 est,
994 3249 1031 3297 nti
1041 3249 1087 3298 hec
1095 3250 1132 3298 illi
1142 3254 1252 3305 oratione

190 3350 241 3381 esse
252 3332 330 3381 desiit.
343 3332 372 3379 td
383 3332 429 3380 erit
437 3332 525 3395 igitur,
537 3354 549 3374 ι
556 3332 624 3394 isque
633 3347 698 3381 anno
741 3328 877 3378 nonlicet:
888 3351 901 3371 ι
910 3328 967 3376 Non
979 3331 1115 3390 restituam,
1125 3344 1167 3380 aut
1181 3338 1251 3384 resti-

190 3427 240 3459 ιιῃο
247 3410 433 3476 plushsbesee»,
440 3407 698 3475 ostendetqueqntnto
740 3419 808 3456 tuere
818 3424 869 3455 non
875 3406 953 3456 debeo
960 3429 981 3456 ι.
992 3409 1112 3471 Quocirca
1121 3412 1252 3464 restituisse

191 3491 268 3551 major
279 3490 395 3553 iniquitas
410 3489 452 3537 illa
469 3488 550 3537 futuru
567 3488 612 3547 eit3
631 3505 698 3538 error
741 3504 767 3536 se
778 3486 919 3545 contendit,
929 3486 956 3535 id
969 3498 1019 3545 est,
1032 3490 1184 3553 magistratus
1196 3492 1251 3540 edi-

191 3581 271 3617 antem
280 3586 310 3617 eo
322 3569 424 3627 facilior,
434 3567 501 3633 quod
513 3568 606 3616 literam
616 3572 642 3614 V
641 3601 649 3627 ,
661 3568 699 3616 di·
742 3577 782 3614 cto
791 3576 864 3630 atque
873 3567 976 3630 imperio
985 3582 1078 3615 morem
1086 3569 1199 3631 gessisse:
1208 3572 1252 3620 sed

190 3647 314 3696 midiatam
327 3663 378 3695 esse
396 3649 435 3709 X,
449 3648 520 3696 etiam
533 3656 625 3695 veteres
640 3662 699 3712 pro·
742 3643 787 3693 sub
796 3661 823 3692 es
834 3655 915 3693 temen
924 3644 1082 3703 conditione,
1093 3662 1140 3709 qus
1150 3657 1174 3694 et
1183 3651 1253 3697 resti-

191 3725 313 3779 didernut.
325 3728 353 3775 P.
367 3728 460 3775 Fssss.
742 3734 810 3772 tuere
816 3723 927 3786 jubebat.
937 3722 1045 3773 anebst
1054 3734 1134 3771 entem
1143 3727 1253 3776 restitue.

228 3807 254 3853 8.
270 3806 400 3854 Amitteret
415 3802 580 3852 hereditatem.
601 3804 699 3868 Quippe
742 3800 781 3861 re',
791 3803 811 3849 si
820 3802 959 3863 dejecisset:
969 3816 1020 3848 non
1034 3801 1169 3862 dejecerat,
1180 3822 1253 3869 qnam

192 3882 234 3945 qui
253 3885 360 3948 pupillus
378 3899 430 3933 non
447 3893 524 3942 esset,
544 3891 632 3946 utpote
648 3898 700 3929 non
743 3882 895 3943 magistratus
908 3880 1010 3943 imperio
1019 3892 1152 3943 psruerat:
1169 3894 1193 3931 et
1203 3885 1252 3936 hoe
1335 3926 1345 3947 ,

193 3961 321 4025 impubes:
334 3979 389 4011 nana
401 3961 536 4027 pubertatis
548 3961 641 4026 primus
654 3978 699 4009 an·
743 3959 819 4008 modo
829 3959 974 4006 restitueret.
987 3956 1076 4005 Similis
1088 3959 1157 4009 locus
1169 3961 1250 4016 inire:

191 4055 252 4103 nus,
262 4052 363 4103 quartus
373 4039 491 4090 decimus.
501 4042 584 4089 Horu.
744 4060 757 4080 α
767 4038 792 4084 st
806 4036 881 4100 glebis
894 4036 997 4100 aliquem
1012 4035 1143 4098 dejeceris,
1157 4041 1251 4100 jurem.

228 4132 252 4180 9.
266 4118 293 4166 si
302 4133 340 4166 me
350 4117 445 4168 vdlicsts
456 4131 520 4170 tuus.
533 4119 595 4182 Quia
607 4129 644 4166 eet
655 4116 701 4165 vil·
744 4133 791 4181 qne
804 4116 849 4177 sis,
863 4132 935 4182 quem
950 4114 1089 4167 hominibus
1099 4122 1194 4171 mmatis
1210 4122 1253 4172 de·
