3116 4774
300 452 303 457 .
363 396 430 479 504
575 394 601 451 ·'
677 395 725 461 M.
752 394 791 460 T.
814 389 1095 461 CICERONIS

267 606 272 615 .
333 492 723 605 ‘voluisse-concedis.
756 518 860 585 Potes
887 513 994 608 igitur
1023 509 1160 597 dicere,
1188 534 1269 580 non
1299 512 1339 580 ei
1365 512 1435 580 vim

360 624 467 696 fuisse
488 622 766 719 impedimento,
783 624 862 709 cui,
880 644 996 719 quum
1013 632 1180 715 cuperet,
1200 642 1335 714 eoque
1356 644 1437 688 con-

360 735 439 805 silio
460 738 634 820 venisset,
659 757 725 830 per
752 732 916 802 homines
936 743 1079 800 coactos
1105 752 1181 798 nou
1210 730 1257 798 sit
1290 728 1436 799 licitum

358 843 554 915 accedere?
579 844 608 912 si
636 846 733 914 euim
760 839 815 929 id,
844 837 946 936 quod
971 839 1124 910 maxime
1152 837 1295 923 voluit,
1330 838 1434 908 nulio

359 954 469 1025 modo
490 956 627 1049 potuit3
646 954 698 1021 vis
717 948 880 1048 profecto
896 947 1059 1046 quaedam
1078 945 1256 1018 obstiterit
1276 972 1433 1020 necesse

358 1077 434 1134 est:
453 1076 515 1135 aut
530 1078 570 1133 tu
586 1060 643 1132 dic
654 1058 681 1148 ³,
696 1059 953 1158 quamobrem,
970 1082 1085 1154 quum
1103 1056 1210 1127 veliet
1227 1056 1430 1143 accedere,

359 1203 435 1249 non
460 1178 657 1249 accesserit.
687 1168 764 1246 Jam
790 1177 864 1244 vim
888 1171 1018 1244 factam
1039 1194 1169 1268 negare
1189 1194 1268 1241 non
1293 1186 1428 1268 potes:

358 1286 518 1382 dejectus
541 1284 849 1385 quemadmodum
874 1286 939 1369 sit,
967 1283 1030 1379 qui
1057 1305 1132 1350 uon
1154 1281 1377 1367 accesserit,
1393 1279 1426 1349 id

358 1398 540 1491 quaeritur.
558 1393 773 1467 Demoveri⁴
793 1395 944 1465 enimet
962 1390 1093 1489 depelli
1111 1390 1156 1460 de
1174 1388 1255 1460 loco
1271 1413 1427 1461 necesse

359 1521 414 1575 est
429 1528 511 1576 eum
523 1559 533 1591 ,
547 1507 612 1601 qui
624 1503 833 1598 dejiciatur:
854 1501 892 1574 id
908 1515 1028 1573 autem
1047 1498 1207 1570 accidere
1224 1503 1257 1569 ei
1271 1501 1350 1595 qui
1366 1523 1426 1596 po

360 1626 446 1699 test,
469 1615 533 1708 qui
556 1615 707 1684 omnino
725 1618 763 1684 in
781 1637 824 1683 eo
843 1613 945 1699 ioco,
962 1609 1061 1680 unde
1084 1632 1121 1680 se
1142 1606 1333 1702 dejectum
1352 1633 1428 1680 esse

359 1717 462 1807 dicit,
482 1744 682 1818 numquam
699 1721 787 1794 tuit?
800 1722 908 1812 Quod
926 1721 955 1791 si
973 1716 1131 1806 suissed,
1145 1732 1181 1789 et
1198 1743 1243 1789 ex
1259 1744 1310 1790 eo
1325 1719 1425 1803 loco,

358 1843 458 1899 metu
475 1847 680 1927 permotus,
696 1832 861 1927 fugisset,
879 1854 992 1925 quum
1011 1842 1166 1899 armatos
1180 1828 1356 1900 vidisset:
1377 1828 1424 1898 di·

356 1962 504 2010 ceresne
522 1963 598 2011 esse
615 1940 816 2033 dejectum?
836 1940 986 2036 Opinor.
1007 1942 1060 2007 An
1081 1952 1138 2025 tu,
1158 1940 1220 2033 qui
1243 1952 1322 2008 tam
1340 1936 1421 2008 diii-

358 2062 485 2144 genter
502 2063 540 2119 et
557 2064 628 2120 tam
645 2048 771 2120 callide
789 2046 907 2119 verbis
925 2051 1198 2133 controversias,
1213 2072 1291 2117 non
1309 2048 1419 2144 aequi·

358 2172 450 2245 tate,
471 2157 664 2254 dijudicas,
685 2174 721 2229 et
742 2161 824 2255 jura
842 2183 917 2229 non
940 2157 1091 2228 utilitate
1111 2155 1335 2245 communi⁶,
1357 2156 1420 2228 sed

356 2266 467 2337 literis
481 2271 668 2364 exprimis3
683 2271 863 2365 poterisne
876 2267 1013 2353 dicere,
1030 2267 1208 2361 dejectum
1222 2292 1299 2339 esse
1312 2293 1416 2349 eum,

356 2378 420 2471 qui
438 2391 555 2447 tactus
575 2402 651 2446 non
673 2378 763 2446 erit?
781 2376 902 2467 Quid?
921 2374 1109 2446 detrusum
1127 2375 1244 2447 dices?
1264 2380 1360 2449 Nam
1373 2400 1416 2446 eo

354 2483 467 2553 verbo
489 2498 594 2553 antea
614 2498 785 2579 praetores
801 2488 837 2555 iu
860 2486 931 2558 hoc
950 2486 1143 2558 interdicto
1161 2487 1214 2556 uti
1236 2487 1413 2559 solebant.

354 2590 451 2682 Quid
468 2592 541 2661 ais?
561 2605 726 2689 potestne
744 2593 888 2665 detrudi
904 2597 1115 2693 quisquam,
1134 2597 1198 2692 qui
1217 2621 1292 2667 non
1306 2598 1413 2668 attin·

355 2821 396 2870 elii
412 2835 563 2886 repugnasse.
581 2822 635 2885 Ego
649 2821 710 2869 nihil
722 2838 794 2870 ausus
807 2839 860 2871 eum
903 2833 1104 2887 argumentatur:
1123 2826 1175 2872 Aut
1191 2824 1286 2887 noluit,
1304 2837 1348 2874 eut
1364 2840 1411 2871 nou

353 2912 459 2959 mutam
471 2901 614 2949 alterutrum
628 2912 707 2949 umen
720 2900 808 2950 horum
820 2918 858 2949 re-
901 2902 990 2966 potuit.
1000 2902 1096 2960 Voluit,
1106 2904 1240 2966 igiturnon
1249 2907 1339 2967 potuit
1351 2906 1411 2953 Nam

353 2981 496 3047 ponendum
521 2996 622 3039 oensem
641 2980 683 3029 sed
705 2981 799 3039 metim,
822 2997 859 3029 re-
902 2981 923 3028 ei
935 2980 1098 3028 concurrisset
1104 2980 1202 3028 saeuitia
1212 2997 1269 3029 cum
1278 2984 1412 3039 voluntate,

348 3076 479 3125 pugnasse.
495 3061 574 3107 Ltus.
583 3085 619 3096 --
632 3058 769 3123 Repudium
781 3058 859 3108 levius
902 3060 1166 3108 ucoeseieeet.Voiuutns
1175 3071 1254 3108 eutem
1265 3064 1284 3108 ei
1294 3062 1410 3127 impedita
1509 3108 1510 3131 ,

352 3149 388 3185 eet
399 3137 533 3184 verbumiu
546 3137 594 3184 hoe
604 3136 660 3184 loon
670 3150 695 3185 et
706 3137 751 3185 hec
761 3148 858 3186 seuten-
902 3139 948 3199 eit‚
962 3139 1052 3186 fretum
1066 3138 1142 3187 idest
1155 3140 1262 3202 vi,quae
1275 3152 1312 3187 eet
1326 3156 1409 3189 neees-
1508 3142 1510 3169 ³

351 3215 858 3280 tieverelirsurteneie:repulisse.8aepiue
901 3217 958 3266 sitae
986 3218 1099 3282 imposita
1126 3219 1246 3266 contrariu
1276 3219 1407 3268 volunutt.

350 3307 408 3339 usus
423 3302 459 3339 est
473 3291 568 3338 Tullius
583 3293 610 3339 iu
625 3291 671 3339 heo
690 3295 799 3342 untione
811 3296 857 3343 hee
938 3303 962 3350 4.
979 3296 1042 3345 Edd.
1055 3297 1177 3361 piereque
1195 3307 1250 3345 aute
1263 3300 1346 3348 lamb.
1363 3297 1406 3346 Di-

351 3386 420 3420 νοω.
434 3371 549 3434 Superius
560 3388 613 3435 περ.
626 3380 671 3428 14:
684 3395 697 3414 α
707 3373 750 3420 nte
762 3374 806 3435 qui
818 3375 856 3421 iu-
900 3375 998 3423 moveri.
1012 3376 1075 3424 iv.
1088 3377 1116 3422 t.
1126 3375 1189 3423 Vide
1199 3392 1254 3440 sup.
1263 3393 1319 3442 cup.
1334 3379 1372 3426 15.

352 3449 497 3514 gredientem
515 3449 641 3513 repulerit,
658 3466 709 3498 non
725 3461 856 3516 cogatur».
938 3456 960 3503 5.
980 3459 1092 3504 Hotton.
1106 3466 1207 3503 testatur
1223 3457 1297 3504 fuisse
1314 3458 1340 3504 in
1353 3457 1406 3521 qui·

350 3532 473 3579 θυι-
479 3529 637 3577 lteeentioree
645 3530 742 3578 Graevio
753 3546 804 3578 non
813 3548 857 3595 pe·
899 3533 1001 3581 busdam
1016 3534 1078 3580 Mss
1093 3533 1177 3594 Quid?
1191 3534 1213 3581 si
1216 3534 1307 3599 fuisset
1311 3556 1322 3593 ;
1335 3538 1406 3599 idque

350 3620 466 3669 ruerunt,
476 3618 500 3657 et
508 3608 730 3671 eumeeterie,quas
739 3610 789 3657 vidi
799 3610 855 3658 edd.
900 3612 926 3660 P.
940 3610 1016 3657 Faber
1027 3612 1141 3673 praetulit
1154 3614 1179 3661 J.
1189 3616 1221 3661 V.
1234 3615 1263 3662 L.

349 3689 480 3751 dederuut,
491 3686 637 3752 repudiasse.
650 3688 715 3736 Gis.
724 3715 760 3725 —
770 3689 854 3738 Ursin.
934 3690 959 3737 6.
970 3690 1029 3736 Nun
1040 3688 1144 3737 utilitate
1154 3692 1282 3740 communi.
1299 3695 1405 3757 AEquitm

348 3771 451 3818 malebat
459 3784 609 3835 repugnasse.
619 3770 643 3816 J.
652 3770 684 3815 V.
693 3772 720 3817 L.
900 3771 1029 3817 constituta
1040 3769 1168 3827 omnibus,
1179 3773 1289 3834 quisunt
1299 3771 1403 3834 ejusdem

385 3850 409 3897 3.
418 3853 469 3897 Aue
477 3860 502 3897 tu
512 3849 561 3899 die.
573 3852 657 3900 uena·
664 3861 699 3898 eet
709 3849 854 3914 partitionis,
898 3849 1019 3908 civitatis,
1032 3849 1062 3896 ad
1076 3866 1113 3897 res
1127 3866 1180 3897 enus
1197 3851 1349 3899 obtinendae.
1369 3855 1402 3898 lta

348 3940 423 3987 quum
439 3940 628 3990 percunctantur
647 3928 808 3986 adversarios,
826 3940 855 3978 ut
898 3929 1034 3976 communis
1042 3929 1104 3976 inest
1114 3928 1211 3977 utilitas.
1222 3958 1257 3966 -
1268 3931 1402 3978 Liten‘sex-

349 4017 420 4064 eupit
431 4018 438 4051 :
453 4024 466 4045 a
475 4007 529 4053 Alia
538 4009 559 4054 ei
569 4025 617 4072 qua
626 4018 662 4055 eet
669 4030 682 4049 n
692 4006 789 4071 (aetio)
799 4024 853 4070 quie
893 4008 984 4070 prinus.
997 4011 1054 4057 Non
1066 4009 1185 4072 aulicus,
1198 4011 1240 4059 sed
1250 4011 1282 4059 ud
1294 4014 1400 4075 iniquum

308 4124 313 4155 ζ
348 4093 394 4133 101
411 4080 511 4147 fugerit,
529 4084 569 4132 die
588 4100 644 4151 quo
659 4087 699 4136 eit.
715 4087 755 4135 sic
773 4096 852 4133 eutem
897 4085 1033 4154 detorques.
1048 4090 1115 4135 Pru.
