3054 4772
335 375 406 463 648
653 380 702 448 Μ.
728 380 767 448 Τ.
794 379 1082 450 CICERONIS

335 512 475 585 contra,
505 495 642 596 quibus
666 500 886 571 invitissimis
913 504 1129 598 imperatum
1156 512 1231 587 est;
1253 496 1399 587 dicunt,

335 610 399 706 qui
422 632 468 679 ex
494 610 588 706 agris
612 634 657 680 ex
673 609 731 680 Μ’.
758 606 928 683 Fonteii⁵
952 611 1099 682 decreto
1120 608 1293 680 decedere
1313 625 1400 682 sunt

333 720 469 804 coacti,
490 717 634 808 dicunt,
653 721 717 818 qui
735 745 779 791 ex
795 719 916 808 bello,
937 718 1032 792 caede
1054 733 1091 790 et
1107 716 1192 817 fuga
1208 743 1309 790 nuuc
1323 723 1398 817 pri·

334 850 437 899 mum
467 827 603 900 audent
626 844 752 901 contra
777 828 836 900 Μ’.
857 830 1048 902 Fonteium
1074 829 1252 900 inermem
1278 830 1399 899 consi·

334 953 441 1011 stere.
472 938 569 1030 Quid
591 939 712 1010 coloni
732 939 1013 1013 Narbonenses?
1031 937 1120 1036 quid
1137 937 1290 1009 volunt?
1307 936 1399 1036 quid

334 1036 567 1127 existimant?
589 1053 694 1120 Hunc
715 1073 781 1147 per
797 1047 888 1120 ros⁶
907 1049 1058 1138 volunt3
1080 1072 1118 1119 se
1136 1071 1202 1146 per
1220 1047 1319 1119 hunc
1340 1049 1397 1116 in-

333 1157 493 1235 cotumes
507 1159 712 1231 existimant
734 1182 820 1230 esse.
841 1157 938 1249 Quid
955 1157 1234 1229 Massiliensium
1251 1155 1397 1228 civitas?

321 1268 432 1345 'hunc
455 1283 666 1367 praesentem
689 1271 732 1340 iis
760 1266 882 1341 affecit
905 1266 1129 1355 honoribus,
1153 1292 1246 1366 quos
1270 1266 1397 1339 habuit

333 1378 592 1476 amplissimos;
611 1403 675 1450 vos
696 1393 817 1449 autem
838 1377 968 1450 absens
987 1391 1068 1450 orat
1082 1393 1192 1474 atque
1212 1374 1396 1462 obsecrat,

332 1501 376 1559 ut
397 1512 460 1560 sua
486 1487 630 1583 religio,
657 1486 815 1559 laudatio
829 1499 863 1577 7,
878 1508 880 1512 ’
895 1489 1108 1574 auctoritas,
1133 1485 1272 1583 aliquid
1301 1481 1395 1583 apud

332 1612 471 1670 vestros
497 1601 637 1669 animos
666 1600 842 1682 momenti
860 1597 1040 1669 habuisse
1065 1594 1238 1667 videatur.
1270 1591 1396 1686 Quid?

333 1708 461 1778 civium
488 1731 724 1779 romanorum
742 1734 823 1807 quae
847 1709 1016 1780 voluntas
1038 1709 1115 1788 est?
1138 1711 1256 1779 Nemo
1277 1722 1333 1779 est
1352 1727 1394 1777 ex

332 1830 435 1886 tanto
459 1842 630 1904 numero,
654 1820 743 1916 quin
767 1819 867 1891 hunc
891 1821 1031 1917 optime
1055 1820 1101 1891 de
1122 1819 1323 1917 provincia,
1352 1815 1395 1887 de

336 1929 506 2025 imperio,
524 1927 569 1999 de
586 1931 687 2000 sociis
702 1943 738 2001 ct
754 1931 890 2023 civibus
910 1933 1082 2001 meritum
1099 1955 1177 2007 esse
1189 1928 1391 2001 arbitretur.

382 2039 443 2109 VI.
455 2039 636 2128 Quoniam
645 2037 903 2135 igiturvidetis,
912 2040 1222 2137 quioppugnent*
1236 2037 1291 2113 Μ’.
1304 2043 1393 2108 Fou-

334 2149 446 2219 teium
460 2175 470 2237 ;
490 2151 684 2246 cognostis,
699 2151 764 2248 qui
777 2147 968 2221 defensum
982 2148 1094 2221 velint
1106 2175 1114 2218 :
1126 2150 1273 2219 statuite
1283 2168 1393 2225 nunc,

334 2258 424 2356 quid
453 2274 570 2331 vestra
600 2261 769 2357 aequitas,
798 2258 885 2357 qnid
916 2259 1044 2357 populi
1071 2258 1215 2329 romani
1244 2257 1392 2353 dignitas

239 2374 242 2381 “
335 2370 493 2468 postulet
501 2398 519 2460 3·
533 2385 656 2441 utrum
675 2370 841 2442 colonis²
863 2373 1008 2457 vestris,
1030 2366 1312 2465 negotiatoribus
1334 2388 1392 2432 ve-

334 2483 437 2569 stris,
463 2481 683 2550 amicissimis
702 2494 811 2577 atque
828 2480 1087 2577 antiquissimis
1114 2479 1239 2569 sociis,
1264 2491 1300 2551 et
1320 2496 1392 2551 cre·¹

279 2612 282 2623 ·
335 2589 421 2660 dere
449 2603 486 2660 et
522 2589 710 2660 consulere
741 2590 894 2677 malitis;
922 2589 1059 2675 auiis,
1092 2585 1228 2684 quibus
1256 2606 1390 2682 neque,

335 2711 485 2796 propter
508 2697 746 2786 iracundiam,
765 2697 895 2784 fidem,
917 2722 1055 2795 neque,
1072 2710 1224 2795 pmpter
1245 2692 1391 2766 infideli·

335 2823 446 2881 tatem
459 2805 492 2898 ³,
510 2808 688 2885 bonorem
711 2807 844 2881 habere
863 2807 1014 2880 debetis·
1038 2806 1161 2899 Quid?
1179 2810 1209 2877 si
1226 2805 1390 2902 majorem.

337 2919 530 2991 hominum
549 2923 655 3011 etiam
676 2919 1014 2997 honestissimorum
1029 2918 1170 3015 copiam
1188 2914 1320 3005 affero,
1334 2911 1391 3011 qui

373 3170 397 3217 ⁵.
405 3172 447 3218 Ex
454 3170 500 3218 Mn
511 3168 612 3219 Fonteii.
618 3172 647 3217 In
654 3170 775 3246 plerisque
783 3169 846 3219 Mss
889 3166 1392 3233 mactvtntemnanuireunhudmot‚
1487 3196 1488 3203 κ

338 3259 362 3298 et
371 3247 428 3296 edd.
441 3249 531 3312 legitor
549 3251 613 3297 «Cn.
627 3250 736 3313 Pompeii
747 3249 847 3313 „qood
888 3249 978 3314 saepius
990 3251 1016 3297 in
1029 3252 1101 3299 Verr.
1117 3249 1241 3297 contrario
1253 3264 1324 3297 senen
1337 3245 1391 3295 dixit

337 3326 846 3392 servavitbeck.etSchiit2.etprolectione
889 3329 986 3380 Cicero.

336 3409 382 3455 hec
394 3408 452 3454 fecit
462 3407 531 3470 quod
542 3423 615 3471 snpra
627 3407 658 3455 de
670 3405 735 3454 bello
747 3406 795 3454 boc
808 3406 846 3454 di·
924 3410 969 3456 Ἦ.
981 3424 1001 3460 r.
1010 3408 1093 3470 sni,-
1102 3401 1390 3473 0ppngmmm».-Olim
1487 3414 1488 3449 ἕ

338 3488 463 3545 mmmm,
471 3486 540 3549 qood
549 3486 679 3550 Pompeius
689 3501 733 3550 per
743 3485 847 3534 Galliam
889 3487 960 3555 etism
975 3511 988 3531 ι
997 3489 1144 3552 cognoscitis
1151 3509 1174 3536 ι.
1487 3480 1488 3497 ’

337 3568 384 3614 iter
400 3567 505 3624 faciens,
519 3578 630 3629 gesserat.
649 3566 707 3626 Ejus
723 3566 788 3613 eninr
805 3565 848 3613 ds·
926 3583 952 3615 a.
968 3567 1071 3615 anuis.
1086 3567 1180 3631 Nempe
1190 3562 1389 3614 autom-tto·

339 3638 406 3694 creto
419 3661 494 3710 quum
506 3644 620 3693 nonnulli
632 3645 742 3693 nondum
755 3644 847 3709 perois·
889 3646 1136 3711 -Negon'atoribcs
1143 3645 1246 3694 Civibus
1251 3644 1390 3693 mnsois-

338 3735 431 3783 sent,s
446 3724 492 3773 M’.
506 3726 608 3773 Fonteio
621 3725 700 3772 coacti
717 3734 774 3772 sunt
784 3723 848 3788 agris
887 3725 975 3776 Sociis.
986 3724 1188 3774 Massiliensibus.

339 3803 463 3854 decedere.
928 3805 952 3854 3.
976 3808 1080 3868 Propter
1101 3803 1277 3872 infidelitatem.
1301 3799 1390 3848 seiten

373 3884 398 3929 6.
410 3880 784 3946 Huncpervosnuncavobts
794 3897 845 3928 set·
889 3886 946 3947 quir
962 3883 1019 3931 belli
1035 3884 1089 3943 jure
1108 3883 1225 3931 Romanis
1247 3883 1391 3930 restituam,

337 3961 388 4007 vari
410 3962 550 4024 postulent,
571 3961 614 4026 qui
631 3977 673 4011 eos
694 3978 737 4010 sus
756 3961 846 4009 virtute
888 3962 946 4011 ideo
966 3960 1036 4009 infidi
1053 3961 1168 4009 dicendi?
1187 3961 1281 4009 Eodem
1302 3955 1390 4007 nomint

338 4040 476 4086 servaverit.
888 4042 987 4089 vocavit
995 4041 1112 4088 Horatius
1125 4038 1204 4103 Epod.
1220 4062 1233 4081 n
1242 4034 1390 4088 Nemetas

376 4134 400 4200 7..
410 4115 538 4164 mamete.
545 4117 582 4164 De
590 4117 776 4179 provincialium
785 4118 846 4182 lega-
889 4117 978 4171 infidus
991 4119 1111 4167 Allobrox
1119 4140 1140 4166 ο.
