3016 4774
350 370 546 459 onirto
570 393 677 460 ruo
700 393 742 461 A.
766 392 976 462 unctui.
1126 389 1196 488 529

131 514 266 609 jectum
297 535 374 582 esse
400 512 598 598 Caecinam,
618 512 668 595 is,
693 535 768 608 quo
796 510 906 582 modo
934 535 971 582 se
998 516 1197 587 restituisse

134 624 243 709 dixit,
262 643 407 691 necesse
428 633 483 689 cst
504 618 738 691 malefecerit
759 622 991 718 sponsionem
1002 619 1044 691 δυ

183 732 280 822 Quid
298 745 371 817 est,
394 730 496 801 Piso?
517 730 634 826 placet
654 728 721 800 tibi
743 755 905 827 pugnare
924 730 1065 803 verbis?
1081 733 1198 830 placet

136 868 277 915 causam
304 841 397 937 juris
423 854 460 910 et
486 840 685 936 requitatis,
715 855 770 925 et,
798 865 872 910 non
902 855 1032 911 nostrae
1056 866 1197 939 posses·

135 956 265 1039 sionis,
287 950 355 1022 ¹sed
384 950 535 1022 omuino
561 954 830 1046 possessionum
854 954 1040 1041 omnium,
1062 956 1199 1025 consti·

135 1079 236 1136 tuere
258 1064 295 1132 in
314 1059 455 1132 verbo?
476 1065 573 1157 Ego,
596 1059 701 1157 quod
719 1059 809 1130 mihi
833 1059 1032 1150 videretur,
1053 1063 1153 1159 quod
1179 1089 1200 1135 a

136 1162 334 1268 majoribus
353 1169 570 1258 factitatum,
596 1168 697 1267 quod
716 1169 848 1241 horum
868 1174 1101 1261 auctoritate,
1120 1177 1202 1270 qui·

134 1283 204 1355 bus
223 1280 462 1378 judicandum
487 1294 561 1367 est,
589 1279 739 1378 dignum
763 1297 875 1370 esset,
898 1284 1063 1354 ostendi:
1089 1285 1126 1354 id
1144 1310 1203 1383 ve·

135 1417 237 1479 rum,
254 1391 291 1462 id
306 1413 470 1486 aequum,
485 1388 521 1459 id
538 1389 626 1460 utile
640 1390 810 1463 omnibus
826 1416 921 1479 esse,
940 1395 1117 1490 spectari,
1127 1419 1203 1492 quo

137 1501 287 1575 consilio
302 1514 339 1571 et
354 1524 427 1598 qua
440 1501 637 1586 sententia,
652 1526 746 1586 non,
762 1500 897 1598 quibus
908 1502 1072 1599 quidque
1083 1503 1204 1576 verbis

136 1626 229 1684 esset
246 1613 441 1681 acturuTu
462 1632 522 1679 me
540 1607 750 1679 adverbum
771 1624 920 1699 vocas73
944 1638 1019 1684 non
1039 1629 1121 1685 ante
1141 1640 1202 1687 ve·

137 1722 222 1809 nio,
240 1742 351 1817 quam
370 1711 575 1788 recusare&
598 1712 701 1817 Nego
720 1734 909 1816 oportere,
932 1747 1026 1820 nego
1047 1722 1205 1797 obtineri

138 1840 279 1931 posse9,
298 1852 393 1927 nego
410 1828 520 1900 ullam
540 1854 618 1899 rem
641 1855 739 1918 esse,
756 1856 837 1927 quae
858 1846 920 1901 aut
941 1834 1203 1931 comprehendi

138 1942 240 2043 satis,
259 1953 322 2010 aut
340 1942 475 2025 caveri,
494 1953 557 2009 aut
575 1940 690 2037 excipi
710 1943 822 2039 possit
837 1951 879 2028 ¹⁰,
899 1942 928 2012 si
946 1957 1008 2013 aut
1023 1947 1204 2040 praeterito

138 2051 260 2146 aliquo
278 2046 409 2135 verbo,
426 2063 488 2118 aut
506 2046 675 2146 ambigue
692 2054 828 2146 posito,
847 2055 1023 2122 sententia
1034 2067 1076 2123 et
1091 2077 1130 2123 re
1145 2079 1205 2125 co·

137 2167 252 2264 gnita,
267 2187 343 2234 non
362 2162 420 2252 id,
440 2161 541 2260 quod
554 2162 779 2259 intelligitur,
792 2162 854 2234 sed
869 2163 926 2251 id,
941 2164 1043 2262 quod
1057 2165 1201 2259 dicitur,

137 2275 280 2348 valebit.

185 2388 312 2458 XXIX.
325 2386 505 2474 Quoniam
518 2385 601 2455 satis
610 2387 787 2472 recusavi,
798 2389 909 2457 venio
914 2387 987 2482 jam
998 2413 1074 2493 quo
1083 2414 1201 2462 vocas.

139 2501 272 2589 Quaero
302 2494 366 2566 ahs
392 2508 449 2583 te,
479 2497 595 2565 simne
620 2494 800 2589 dejectus,
826 2521 901 2567 uon
926 2496 971 2568 de
994 2497 1202 2571 Fulciniano

137 2605 255 2678 fundo
272 2604 417 2701 (neque
436 2605 692 2701 enim‘praetor,
710 2609 738 2676 si
753 2632 798 2677 cx
816 2632 861 2678 eo
876 2605 991 2678 fundo
1008 2633 1122 2681 essem
1141 2610 1202 2681 de·

175 2833 201 2880 6.
213 2828 376 2894 Molefeeerit
388 2828 549 2893 sponsionem.
561 2831 649 2877 Porum
692 2832 768 2881 tione.
774 2832 837 2880 Nem
842 2832 1205 2897 rocetussdjodicemeliquem,

140 2921 211 2959 erute
232 2908 378 2972 conceperit.
398 2911 475 2973 Soprs
495 2921 502 2957 ι
525 2931 537 2951 ιι
551 2909 650 2973 Optime
694 2910 714 2960 si
727 2911 840 2975 iniquum
853 2907 906 2971 esi,
922 2923 1023 2959 recusat.
1039 2913 1086 2960 Pro
1099 2913 1204 2963 Flacco:

140 2988 296 3053 sponsionem
307 2988 385 3036 lacae
394 3000 476 3052 posset
485 3010 507 3037 n.
519 2990 592 3037 Retio
605 3004 650 3036 sn·
694 2990 840 3053 «Populum
863 3005 990 3038 romanum
1013 3006 1063 3039 non
1085 3008 1204 3041 recuso».

140 3066 650 3130 iensquittiipeutursxverb0‚renuutos
694 3069 798 3116 Psesss.

141 3159 165 3197 te
177 3146 252 3204 dicis;
264 3161 323 3208 ergo
335 3146 417 3210 aliquo
429 3147 571 3195 restituisse.
586 3148 650 3195 Nus·
730 3162 756 3208 9.
775 3146 845 3211 Nego
860 3145 963 3194 obtineri
972 3163 1053 3211 posse.
1070 3149 1117 3196 Vel
1134 3165 1148 3196 s
1166 3166 1205 3197 me

140 3242 213 3291 quem
232 3225 376 3274 restituisti:
397 3226 472 3289 igitur
492 3226 553 3273 mele
572 3225 650 3273 fecisti
693 3225 813 3280 concedi,
835 3225 876 3273 vel
895 3241 908 3271 s
926 3225 1051 3287 judicibus
1069 3228 1204 3292 impetrari.

141 3305 306 3370 sponsionem.
326 3305 360 3351 At
378 3304 490 3352 AEbutius
508 3303 556 3352 elio
575 3303 650 3352 modo
694 3306 771 3352 insse.
785 3331 821 3342 -
837 3307 898 3369 Quas
910 3317 956 3353 aut
968 3306 1144 3370 comprehendi.
1163 3310 1204 3354 Iu·

141 3384 242 3433 verbnm
252 3383 394 3431 restituendi
402 3383 525 3447 sumebat,
534 3385 651 3447 quinege·
694 3384 761 3432 cludi
770 3385 860 3443 verbo,
873 3398 901 3434 ut
912 3387 1086 3450 complectetur
1100 3387 1149 3433 sim
1159 3386 1205 3432 rei.

141 3464 183 3513 bat
192 3464 292 3511 omnino
303 3462 372 3509 illum
382 3462 502 3524 dejectum
511 3479 569 3510 esse.
583 3464 649 3512 Pses.
694 3466 754 3527 Snp.
767 3485 780 3505 ιι
792 3463 878 3512 Verbis
892 3464 999 3513 edictum
1013 3483 1065 3514 non
1078 3463 1205 3513 concludi-

179 3560 201 3605 7.
210 3544 245 3590 Tu
254 3558 292 3590 nse
299 3541 336 3588 ad
344 3543 413 3591 verb.
421 3558 509 3591 vocas.
519 3543 651 3605 Tamquam
696 3553 735 3590 tur
742 3564 762 3588 n.
777 3544 851 3591 Iussi.

141 3624 172 3672 ad
178 3620 296 3691 judicem.
314 3621 383 3684 Virg.
396 3644 409 3663 u
419 3621 521 3691 Yenism
533 3637 651 3686 quocum·
734 3637 772 3670 ro.
791 3624 844 3669 Aut
860 3622 955 3680 caveri,
971 3633 1017 3669 out
1029 3620 1112 3685 excipi
1119 3619 1207 3685 possit.

142 3720 189 3767 que
202 3702 295 3749 vocaus
304 3723 325 3749 υ.
346 3700 397 3750 Cic.
416 3702 442 3747 in
456 3701 572 3749 Rullum:
586 3724 599 3742 α
606 3704 651 3749 Le·
695 3700 829 3748 Prudenter
840 3712 864 3750 et
873 3700 960 3748 callide
970 3700 1058 3760 scribi,
1067 3711 1110 3748 sut
1120 3699 1205 3747 exclu-

143 3796 211 3829 cesso
227 3797 286 3842 vos,
303 3781 330 3828 in
348 3781 493 3828 concionem
509 3795 603 3829 rocoa.
616 3806 652 3817 -
696 3778 742 3838 di,
761 3790 785 3826 et
807 3778 882 3827 refelli
899 3780 981 3827 verbis
1002 3778 1098 3825 idoneis
1118 3780 1207 3843 possit.

143 3860 218 3910 Multi
228 3859 652 3924 enminterrogatione,«tn....vo-
696 3860 834 3921 Utrumque
859 3868 896 3906 est
916 3858 990 3915 icti,
1013 3868 1037 3905 et
1055 3856 1157 3906 alterum
1176 3858 1208 3905 ad

144 3942 220 3988 east»
233 3941 259 3988 J.
268 3941 301 3989 V.
315 3941 341 3986 L.
697 3948 803 3986 actorem
823 3938 922 4001 proprie
939 3938 1056 3994 refertur,
1077 3937 1145 3997 cujus
1172 3948 1209 3983 est

180 4021 202 4066 8.
222 4019 302 4080 Quam
318 4034 441 4066 recusato.
462 4021 541 4080 Quam
555 4027 655 4065 testatus
698 4034 801 4075 osvero,
817 4033 847 4064 ne
860 4015 921 4066 susle
934 4017 1028 4081 egendo
1041 4032 1113 4064 causo
1125 4016 1211 4073 cedat,

145 4114 199 4155 ero,
211 4096 325 4159 iniquum
337 4112 396 4145 esse.
409 4100 502 4145 Perstet
516 4098 541 4145 in
552 4097 655 4146 trsnsls-
699 4108 727 4144 ut
747 4095 897 4157 defensoris,
920 4096 1063 4162 exceptione
1083 4095 1211 4145 excludere

243 4186 289 4252 n.
317 4199 542 4297 oensem«
1046 4183 1089 4266 34
