3176 4770
330 448 395 492 roo
643 428 691 493 M.
717 428 755 494 T.
783 423 1063 496 CICERONIS

322 543 552 615 adolescens⁶
580 545 700 616 bonus
727 568 767 615 ac
795 545 958 642 pudens,
988 544 1117 641 dignus
1146 542 1210 612 illo
1237 540 1318 611 loco
1343 563 1384 611 ac

324 657 495 725 nomine:
516 669 632 725 vester
654 654 712 724 illo
737 678 828 750 puer
851 665 1114 753 pretextatam,
1136 655 1174 720 in
1197 652 1382 748 provincia

321 765 626 860 quemadmodum
650 764 794 850 fuisset,
820 789 894 834 non
918 759 1110 851 dicerem⁸,
1134 763 1164 830 si
1184 763 1287 858 pueri
1307 782 1384 829 esse

318 874 415 943 illam
427 875 589 971 culpam,
602 899 644 944 ac
656 898 731 943 non
745 874 856 971 patris
869 875 1121 944 existimarem.
1132 876 1254 958 Tune,
1269 859 1383 965 quum

319 998 354 1053 te
373 1006 414 1052 ac
433 998 532 1052 tuam
551 985 660 1051 vitam
683 1006 827 1068 nosses,
844 986 882 1053 in
901 983 1053 1054 Siciliain
1071 996 1190 1051 tecum
1208 978 1381 1076 grandem

319 1105 568 1189 pretextatam
589 1091 704 1161 fllium
720 1090 902 1162 ducebas?
919 1109 978 1177 ut,
996 1091 1134 1162 etiamsi
1152 1102 1280 1158 natura
1295 1110 1384 1182 pue·

315 1227 397 1273 rum
422 1227 442 1271 a
468 1205 626 1299 paternis
652 1203 764 1290 vitiis,
787 1217 896 1299 atque
918 1229 938 1273 a
960 1204 1126 1298 generisa
1148 1194 1382 1269 similitudine

315 1312 510 1383 abduceret
530 1367 539 1399 ‚
572 1311 798 1383 consuetudo
837 1328 959 1384 tamen
992 1337 1077 1399 eum
1121 1324 1157 1381 et
1192 1304 1383 1404 disciplina

318 1412 545 1519 degenerare*
575 1447 650 1493 non
685 1424 841 1494 sineret?
874 1430 943 1493 Fac
969 1424 1065 1493 enim
1096 1420 1205 1490 luisse
1237 1418 1276 1486 in
1313 1418 1383 1485 isto

318 1538 355 1604 C.
379 1533 475 1603 Laelii
493 1545 536 1620 ¹⁰,
565 1539 615 1604 M.
637 1538 785 1604 Catonis
813 1535 1037 1603 materiem²¹
1068 1547 1177 1627 atque
1200 1525 1382 1597 indolemz

317 1642 406 1739 quid
426 1666 470 1713 ex
491 1669 535 1714 oo
558 1642 684 1713 boni¹²
705 1646 840 1741 sperari
857 1659 966 1740 atque
985 1640 1078 1713 effici
1097 1654 1235 1739 potest,
1257 1639 1320 1734 qni
1343 1638 1381 1703 in

319 1753 427 1848 patris
450 1751 590 1824 luxurie
611 1754 662 1823 sic
682 1754 828 1840 vixerit,
855 1768 897 1822 ut
917 1751 1060 1821 nullum
1082 1773 1254 1846 umquam
1274 1747 1382 1844 pudi-

317 1884 400 1930 cum
421 1885 540 1958 neque
560 1860 721 1931 sobrium
741 1862 946 1931 convivium
962 1861 1115 1930 viderit?
1130 1861 1195 1955 qui
1212 1860 1248 1928 in
1266 1860 1382 1955 epulis

317 1970 556 2067 quotidianis,
572 1969 699 2041 'adulta
716 1984 836 2057 aetate,
855 1994 923 2068 per
936 1972 1134 2041 triennium
1152 1971 1246 2039 inter
1261 1970 1380 2067 impu·

318 2085 413 2157 dicas
443 2085 612 2155 mulieres
638 2100 674 2155 et
698 2086 979 2182 intemperantes
1003 2089 1100 2155 viros
1128 2098 1289 2154 versatus
1312 2085 1384 2154 siti

317 2197 409 2266 nihil
435 2219 609 2292 umquam
635 2219 655 2265 a
681 2209 782 2291 patre
805 2195 978 2282 audierit,
1003 2218 1077 2291 quo
1106 2190 1300 2290 pudentior
1320 2208 1382 2264 aut

319 2304 447 2373 melior
473 2306 589 2375 esset?
615 2303 707 2374 nihil
735 2328 907 2400 umquam
938 2319 1077 2402 patrem
1105 2327 1210 2399 agere
1231 2302 1383 2390 viderit,

318 2413 417 2508 quod
436 2438 550 2507 quum
567 2414 726 2483 imitatus
739 2429 846 2501 esset,
860 2439 951 2502 non,
963 2413 1001 2502 id
1017 2411 1119 2510 quod
1132 2414 1381 2508 turpissimum

319 2536 386 2609 est,
405 2525 496 2618 patri
515 2523 638 2593 similis
655 2524 863 2620 putaretur?
905 2582 909 2589 .
1302 2604 1304 2608 Α

364 2636 487 2703 LXIX.
515 2630 658 2722 Quibus
687 2634 724 2702 in
749 2632 878 2703 rebus¹
904 2658 980 2704 non
997 2634 1113 2705 solum
1137 2632 1234 2717 filio,
1254 2658 1380 2703 verum

306 2747 423 2841 ⁴etiam
451 2741 680 2840 reipublicae'
707 2740 821 2813 fecisti
849 2744 1029 2838 injuriam.
1049 2746 1264 2841 susceperas
1283 2745 1380 2811 enim

353 2903 377 2948 6.
387 2902 435 2949 Sed
441 2902 589 2952 adolescens.
596 2906 696 2966 Sumpta
703 2903 752 2963 jum
763 2912 829 2949 veste
911 2911 949 2943 11.
967 2894 1104 2942 Marenem.
1123 2894 1153 2941 Id
1175 2905 1226 2953 est,
1247 2893 1383 2957 praestnntis

319 2980 390 3026 virili.
872 2985 964 3021 naturae
979 2975 1038 3032 vim,
1053 2989 1118 3036 quae,
1132 2973 1153 3020 si
1164 2973 1265 3021 accedat
1274 2972 1382 3037 discipli-

355 3078 378 3120 η.
407 3064 569 3107 Praetextatus
591 3059 680 3109 dicitur
702 3063 745 3122 qui
766 3076 828 3124 pre·
872 3055 1027 3112 rejunctus
1042 3054 1113 3101 effert
1131 3052 1258 3103 mirabiles.

317 3149 406 3184 textam
429 3148 511 3199 togam
529 3135 641 3183 noudum
655 3137 776 3200 deposuit.
789 3138 827 3184 De
909 3149 949 3180 η.
962 3132 1029 3197 Quid
1039 3133 1183 3181 exeobom'.
1194 3133 1289 3180 llaeein
1300 3131 1383 3177 Verris

315 3216 356 3262 illa
371 3225 428 3277 toga
442 3214 547 3260 diximus
557 3214 589 3261 ad
598 3215 640 3261 lib.
656 3218 679 3274 1,
693 3231 746 3278 esp.
759 3225 792 3273 44
802 3228 827 3266 et
871 3211 947 3259 lilium
955 3245 962 3269 ‚
971 3213 1016 3275 qni
1025 3214 1052 3258 in
1059 3211 1155 3271 judicio
1166 3210 1265 3257 sedebat
1274 3225 1329 3256 cnm
1338 3225 1381 3273 pa-

318 3294 358 3339 58.
871 3303 907 3339 tre
921 3301 1024 3347 strutus,
1037 3306 1067 3338 eo
1080 3290 1183 3337 oonsilio
1195 3288 1319 3345 dicuntur,
1338 3305 1381 3344 ne,

351 3373 376 3419 8.
389 3369 444 3416 Nou
457 3369 567 3419 dicerem.
588 3372 652 3435 Quia
667 3374 730 3422 aetati
744 3391 827 3438 poree·
871 3381 899 3417 ut
908 3372 957 3431 jam
973 3368 1079 3415 diximus
1101 3368 1126 3413 in
1145 3366 1259 3429 epilogo,
1281 3375 1309 3411 ut
1329 3381 1383 3412 mos

316 3466 373 3511 rem.
871 3460 935 3509 erat,
950 3447 1084 3510 productus
1104 3446 1134 3492 eb
1157 3445 1303 3502 Hortensio,
1315 3444 1381 3505 judi-

351 3546 376 3591 9.
393 3534 416 3575 A
423 3529 526 3589 generis.
540 3528 648 3579 Suboud.
659 3532 726 3581 vitre.
871 3544 927 3577 com
952 3527 1017 3588 petri
1043 3523 1157 3570 conciliet
1182 3523 1380 3570 misericordium.

354 3626 394 3655 ιο.
412 3609 438 3655 C.
461 3608 542 3669 Laelii,
563 3620 610 3656 ete.
634 3611 683 3672 Qui
707 3613 826 3675 sapientes
871 3609 923 3653 Hac
934 3603 1001 3651 enim
1012 3601 1222 3650 commiseratione
1240 3601 1380 3649 utebantur.

313 3699 337 3734 et
346 3686 423 3733 habiti
434 3697 490 3734 sunt
499 3698 523 3733 et
533 3687 720 3736 fuemnt.Porro
729 3691 825 3748 Ladios,
870 3687 935 3733 Usus
948 3693 983 3730 est
997 3683 1049 3745 ipse
1070 3681 1165 3729 Tullius
1186 3682 1212 3728 in
1231 3679 1383 3727 orationibus

314 3768 335 3812 is
360 3765 390 3812 de
408 3782 458 3829 quo
477 3766 518 3813 liic
536 3767 630 3829 agitur,
650 3777 687 3814 est
703 3769 825 3831 posterior
868 3778 915 3828 pro
928 3762 1007 3821 Solle,
1021 3778 1066 3827 pro
1077 3760 1216 3822 Fleeeo‚et
1232 3759 1293 3806 aliie.

313 3845 382 3903 lnam
394 3844 444 3892 duo
454 3845 547 3907 fuere),
556 3846 659 3893 Minoris
669 3847 778 3893 Africani
788 3846 824 3892 fa·
903 3843 994 3889 Lm.
1011 3859 1033 3890 1.
1048 3839 1137 3903 Quibus
1148 3840 1173 3886 in
1190 3840 1265 3886 rebus.
1278 3842 1332 3887 Hoc
1344 3854 1383 3885 ce-

313 3920 504 3981 milinrissimus,
517 3924 723 3987 quemadmodum
732 3924 825 3986 primus
868 3923 921 3986 pite
934 3921 1028 3985 egregie
1044 3919 1172 3967 disseritur
1189 3918 1219 3965 de
1237 3915 1386 3965 educatione

314 4000 404 4046 Laelius·
422 4002 522 4060 Maioris
536 4005 646 4051 Africani
667 4004 746 4050 lueret
767 4002 825 4051 item
869 3999 1010 4047 liberorum.

312 4077 477 4124 amicissimus.
500 4082 561 4127 Cato
582 4092 661 4128 autem
681 4080 701 4126 is
714 4089 767 4137 est,
783 4082 825 4144 qni
907 4095 930 4127 a.
938 4078 1092 4143 Respublica).
1100 4078 1177 4137 Cujus
1186 4091 1333 4139 magnopere
1344 4077 1382 4122 in-

316 4154 440 4205 censorius
454 4156 598 4221 appellatur.
871 4169 957 4219 teresi,
971 4170 999 4207 ut
1010 4158 1071 4207 felix
1082 4156 1220 4222 floremque
1233 4156 1263 4204 sit
1273 4190 1280 4215 ‚
1294 4155 1383 4204 liberos
