3016 4774
451 425 725 495 EXCURSUS
754 426 866 493 xtlt.
1121 423 1185 498 581

105 563 209 613 esset
219 570 247 629 »ς
259 545 510 626 jurisconsultos
525 546 640 621 inimo
657 568 725 609 nno
744 566 861 634 genere
877 565 1031 632 responsa
1048 543 1191 630 dedisse,

24 642 33 760 l
101 655 243 742 jusque
257 651 472 719 constituisse.
489 682 502 707 α
514 653 598 717 Iuris
617 668 726 717 autem
741 652 847 716 omnis
863 651 1033 740 quaestio»,
1048 670 1086 717 ut
1102 653 1190 719 idem

105 758 197 823 alibi
210 756 365 840 ostendit,
374 786 386 811 κ
396 771 453 821 aut
462 757 638 821 verborum
650 757 862 846 proprietate,
877 772 934 820 aut
949 757 1034 843 sequi
1050 756 1192 847 disputa·
1258 795 1261 799 ·

106 865 226 941 tione,
233 880 289 929 aut
303 862 477 929 voluntatis
494 863 678 945 conjectura
697 861 962 931 continebatur-1:
974 863 1073 926 veluti
1087 887 1190 953 quum
1234 870 1243 879 “

106 971 147 1034 in
164 972 232 1036 hac
243 992 338 1036 causa
351 985 558 1059 quaereretnr,
575 993 614 1034 an
629 970 744 1056 dejecti
755 969 856 1032 verbo
871 969 966 1033 etiam
981 968 1028 1050 is,
1042 970 1098 1057 qui
1114 994 1190 1060 pro·

105 1075 245 1140 hibitus
259 1091 343 1139 esset
357 1073 525 1158 accedere,
541 1075 756 1156 contineatur,
766 1074 905 1138 consulti
914 1073 1091 1161 jurisperiti
1101 1092 1187 1143 sunt.

104 1180 181 1247 Sed
203 1180 343 1245 adrem.
363 1180 411 1245 Ex
428 1178 489 1244 hec
507 1177 726 1268 disputatione
744 1178 836 1243 facile
852 1195 901 1243 est
920 1179 1117 1262 existimare,
1134 1181 1189 1261 ju·

106 1286 283 1374 risperitos
299 1308 318 1347 a
335 1284 458 1348 Gaecinn
477 1285 643 1349 consultos
667 1284 735 1365 ejus
758 1306 886 1351 causam
904 1284 1059 1372 probasse
1066 1309 1081 1367 ;-
1098 1286 1188 1376 quod

108 1392 216 1455 etiam
232 1391 266 1453 in
282 1390 492 1478 peroratione
504 1389 645 1453 ostendit
658 1391 709 1454 his
726 1390 850 1473 verbis,
866 1391 1123 1455 «Auctoritatem
1138 1413 1189 1455 sa·

107 1494 396 1585 pientissimorum
414 1493 587 1562 hominum
604 1494 709 1559 facere
727 1495 897 1559 nobiscum
908 1526 921 1551 υ
934 1517 942 1559 :
955 1495 1084 1583 opinor,
1096 1495 1188 1583 quod

24 1674 28 1697 Ι
109 1600 278 1665 Caecinam
290 1621 505 1689 possessorem
519 1597 735 1685 fuisse,quum
746 1597 948 1681 dejiceretur,
956 1600 1187 1667 existimarent.

24 1700 28 1713 '
110 1705 237 1770 Scribit
248 1705 335 1769 enim
352 1704 483 1768 Paullus
496 1703 531 1766 in
545 1703 566 1767 l.
584 1702 769 1785 Fulcinius,
784 1704 825 1767 D.
845 1702 918 1767 eod.
934 1704 994 1767 «vi
1010 1706 1186 1793 possideri,

110 1826 147 1876 et
165 1811 211 1875 ob
230 1834 301 1876 eam
319 1832 447 1875 causam
460 1807 670 1874 interdictum
686 1824 887 1898 competere,
907 1808 1113 1875 etiamsinon
1126 1811 1186 1876 do·

110 1918 226 1982 minus
245 1917 362 2005 (quum
380 1933 487 1980 tamen
507 1915 705 2005 possideret)
726 1916 762 1980 vi¹
777 1914 919 1997 dejectus
936 1933 1020 1981 esset
1028 1948 1051 1982 ι.
1061 1918 1188 1993 Verum

24 2101 27 2119 ἱ
110 2022 215 2112 igitur
241 2022 393 2087 Pisonem
415 2020 542 2086 AEbntii
565 2037 760 2109 patronum,
785 2043 828 2085 ne
847 2021 986 2085 illorum
1011 2022 1186 2087 auctoritas

24 2130 26 2137 “
108 2125 276 2208 judicibus
288 2148 431 2191 emonem
446 2125 616 2208 objiceret,
629 2125 714 2188 hunc
723 2122 976 2212 disputationem
989 2124 1182 2208 instituisse,

24 2230 25 2245 ³
109 2250 151 2299 ut
177 2232 314 2315 diceret,
339 2256 407 2297 non
435 2253 562 2321 semper
581 2230 886 2312 jurisconsultorum
912 2246 1066 2319 responsa
1088 2232 1180 2323 sequi

24 2426 25 2431 ἵ
111 2354 272 2427 oportere.
289 2335 389 2422 Quod
407 2354 521 2401 eontra
542 2336 654 2400 Cicero
670 2334 780 2399 callide
802 2351 835 2399 et
854 2351 959 2399 astute
983 2333 1179 2419 defendens,

110 2444 165 2525 jus
180 2445 272 2509 civile
290 2443 477 2507 universum
493 2440 669 2523 collaudat,
685 2440 804 2521 eteius
820 2440 1043 2505 summitatem
1059 2440 1179 2507 confir·

24 2532 26 2567 ³
111 2566 189 2632 mat,
198 2571 302 2638 quum
317 2565 430 2612 eontra
442 2569 542 2610 unam
554 2546 640 2610 illius
656 2545 1108 2636 purtem,eamqueinfirmam
1122 2545 1179 2611 nd·

112 2655 270 2720 versarint
295 2652 446 2718 diceret:
468 2650 525 2716 sed
546 2653 611 2716 hoc
632 2651 753 2716 scilicet
775 2651 891 2716 habuit
910 2653 1061 2736 rationis,
1087 2652 1177 2741 quod

24 2772 25 2777 ’
113 2761 221 2825 omnin
233 2760 306 2840 jura
319 2759 421 2823 civilia
432 2781 492 2847 per
498 2757 702 2846 jurisperitos
714 2755 976 2822 describerentur
989 2759 1093 2822 :utin
1108 2760 1178 2822 uni·

24 2880 25 2885 ’
112 2887 204 2931 verso
218 2865 291 2946 jure
305 2865 391 2930 civili
403 2865 663 2953 jurisperitorum
683 2885 811 2929 nomen.
823 2863 929 2941 valere
950 2884 1045 2952 posse
1065 2860 1175 2933 videa-

114 2987 176 3036 tur.
191 2972 295 3035 H'orr.
963 2962 967 2967 ’

155 3075 346 3140 Auctoritati
360 3074 565 3164 obtemperari
575 3098 640 3139 non
655 3090 800 3164 oportere
809 3091 858 3145 est
867 3074 925 3151 Jssss
932 3075 1095 3164 responsis
1105 3097 1176 3138 non

115 3204 180 3248 esse
195 3178 386 3271 parendum.
399 3182 476 3270 Snp.
493 3212 506 3237 «
517 3181 688 3246 consilium
701 3180 901 3270 prudentum
916 3197 949 3246 et
964 3181 1171 3245 auotoritas».

114 3287 192 3352 Vide
207 3287 378 3353 Iustininn.
397 3287 452 3351 lib.
471 3287 487 3351 1
508 3288 651 3352 institut.
670 3285 711 3351 de
731 3287 892 3376 responsis
913 3284 1116 3374 prudentum
1139 3302 1173 3350 et

116 3389 316 3471 sustentate,
328 3386 418 3479 quod
429 3389 502 3469 jura
518 3387 703 3455 condebant
713 3389 873 3478 permissu
891 3389 1034 3454 Ceteris.
1048 3389 1136 3454 Pus.

443 3597 835 3635 &OQ-...-
