3054 4772
447 434 717 505 EXCURSUS
737 438 877 504 XXVI.
1122 438 1189 510 611

131 580 205 648 quae
216 559 343 645 rogavit.
360 557 437 620 Haec
453 577 493 619 eo
506 571 584 619 sunt
599 555 790 646 ableganda,
806 580 873 645 qno
889 557 954 622 huc
968 580 1193 645 pervenerunt.

6 692 7 695 ¹
132 666 219 730 Petri
238 663 332 728 Fabri
354 677 576 726 commentum
596 678 727 726 acutum
747 678 809 743 est,
828 679 864 727 ut
888 679 994 727 cetera
1011 663 1096 729 illius
1112 668 1193 749 viri,

132 768 190 835 eod
213 791 280 833 non
301 766 476 856 expediunt
494 765 631 831 nodum.
647 768 788 833 Restitui
801 767 912 856 itaque
930 786 1076 834 veterum
1093 772 1195 837 libro·

131 897 207 941 rum
216 872 403 953 lectionem,
419 893 485 935 una
500 871 627 936 limata
641 873 820 937 immutata.
833 873 947 938 Verbis
960 898 1032 962 qnoe
1041 878 1126 942 inter
1137 902 1197 968 ap·

132 980 229 1069 posui
246 978 442 1043 asteriscum.
463 976 618 1060 Quaedam
637 979 741 1061 enim,
760 1003 833 1067 quoe
848 979 1077 1067 sequebantur,
1094 982 1196 1048 inter·

133 1085 304 1167 ciderunt,
325 1083 415 1172 quod
438 1083 534 1148 etiam
559 1107 599 1149 ex
622 1085 679 1166 iis,
702 1083 884 1173 dequibus
908 1087 1016 1151 atatim
1040 1086 1198 1176 disputat,

132 1188 240 1256 videre
255 1191 346 1271 lioet,
363 1206 401 1254 ut
417 1188 643 1254 animadvertit
655 1192 908 1256 Hottomannus.
925 1192 1032 1256 Gnnr.

180 1297 222 1362 Ut
235 1299 269 1361 itt
284 1299 408 1373 ceteris,
421 1317 492 1382 quat
504 1300 624 1382 rogavi.
634 1296 751 1379 Vides,
767 1313 832 1361 tam
845 1296 910 1360 boc
920 1320 989 1362 esse
1003 1297 1199 1377 absurdum,

134 1424 233 1490 quam
250 1399 374 1488 reliqua
387 1399 514 1480 omnia,
531 1398 572 1464 de
586 1401 705 1487 quibus
719 1418 750 1466 te
768 1425 864 1490 supra
877 1403 1080 1493 interrogavi.
1096 1407 1123 1470 F
1125 1430 1199 1471 nna.

180 1510 304 1572 Tamen
327 1524 395 1571 erat
417 1529 531 1571 sensus
552 1529 619 1570 non
643 1490 858 1574 inconcinnus
876 1510 911 1573 in
933 1510 1038 1601 Naug.
1060 1513 1200 1578 lectione

136 1636 235 1703 quam
247 1612 352 1677 firmat
369 1612 442 1677 cod.
455 1614 548 1679 Jann.
565 1613 727 1677 Fert-atius
741 1615 785 1677 ita
796 1615 892 1702 legit,
909 1633 947 1680 ut
962 1617 1063 1683 edidit
1077 1621 1113 1685 P.
1130 1621 1202 1684 Ma·

135 1720 249 1784 nutius
273 1740 328 1783 an.
358 1717 460 1799 1540,
487 1733 520 1781 et
542 1716 634 1783 Hott.
657 1719 736 1805 ipse.
770 1719 934 1809 Naugerio
958 1722 1091 1789 adboesit
1117 1748 1202 1814 quo·

137 1848 203 1912 que
227 1823 445 1906 Camerarius,
468 1822 577 1888 addita
594 1825 865 1915 interrogatione,
884 1843 923 1890 ut
948 1828 989 1891 sit
1011 1832 1068 1917 qui
1088 1831 1203 1895 adver·

137 1932 231 1995 bium
245 1953 253 1995 :
267 1930 347 1995 «sed
363 1931 420 2020 qui
437 1931 628 2018 primum...
646 1930 791 1996 deinde..
806 1981 814 1995 .
828 1933 939 1997 civitas
956 1935 1102 2022 possiti»
1119 1934 1202 2002 Gau.

139 2122 963 2142 mmmmmmmmmmmm
968 2123 1193 2145 mmmm

263 2288 767 2432 EXCURSUS
812 2315 1085 2433 XXVII

221 2555 284 2621 AD
311 2551 587 2621 ORATIONEM
609 2553 700 2621 PRO
724 2552 920 2637 CAECINA,
945 2554 1041 2623 CAP.
1070 2551 1127 2623 33.

554 2708 793 2734 -ι-ο--ι

188 2866 225 2930 Si
237 2865 350 2928 civitas
365 2863 469 2927 adimi
487 2886 551 2927 non
561 2866 671 2951 possit.
686 2862 770 2927 Nam
787 2886 919 2946 eorum,
938 2864 995 2951 qui
1011 2867 1044 2930 iu
1064 2869 1207 2939 oolonias

144 2968 401 3047 deducebantur,
420 2968 537 3056 partim
556 2991 665 3032 rerum
683 2967 865 3057 capitalium
879 2966 1022 3033 damnati
1041 2989 1152 3054 erant,
1172 2993 1210 3041 ut

145 3098 222 3139 mox
241 3073 412 3139 dicemus:
430 3096 530 3161 quare
548 3073 639 3138 inriti
658 3072 818 3138 civitatem
839 3073 986 3139 amittere
1006 3075 1208 3146 ridebantur.

147 3181 248 3244 Hom.

190 3285 230 3348 In
251 3283 391 3347 colom'as
417 3282 535 3347 [annas
556 3305 637 3371 soepe
658 3284 759 3347 nostri
778 3285 857 3346 cives
871 3282 1009 3371 profecti
1029 3301 1108 3352 sunt.
1134 3290 1210 3373 Qua

67 3466 73 3473 ¹
147 3388 348 3479 profectione
362 3385 466 3451 media
481 3387 592 3475 capitis
610 3385 785 3452 diminutio
796 3388 1027 3477 contingebat:
1046 3408 1083 3455 ut
1098 3395 1212 3459 scribit

147 3495 301 3561 Boetius:
320 3492 430 3557 civitas
448 3492 535 3557 onim
553 3491 776 3573 amittebatur3
792 3507 831 3556 ut
851 3515 890 3556 ex
910 3493 1005 3572 simili
1026 3495 1099 3560 loco
1115 3498 1212 3564 intel·

148 3601 269 3691 ligitur,
288 3621 385 3687 quem
402 3622 442 3663 ex
458 3613 539 3663 orat.
558 3621 619 3686 pro
637 3598 744 3662 Domo
762 3620 821 3662 sua
833 3597 1075 3665 subscribemus
1096 3625 1104 3666 :
1123 3604 1213 3687 «Qui
1340 3638 1343 3645 »

149 3708 233 3772 cives
249 3729 332 3771 rom.
353 3704 477 3793 inquit,
491 3704 524 3767 in
543 3704 684 3768 colonias
697 3703 810 3767 latinas
830 3701 1128 3792 proficiscebantur,
1143 3707 1211 3773 fieri

28 3832 34 3867 1
149 3833 216 3874 uon
230 3826 381 3901 poterant
396 3808 519 3889 Latini,
538 3808 594 3895 qui
611 3830 679 3872 non
693 3823 786 3871 erant
801 3822 950 3889 auctores
967 3809 1060 3890 facti,
1074 3833 1213 3877 nomen-

19 3948 23 3953 *
150 3939 214 4006 que
231 3914 412 3982 dederant:
434 3914 491 4004 qui
513 3930 605 3978 erant
624 3936 736 3978 rerum
757 3913 941 4001 capitalium
962 3913 1122 3998 damnati,
1146 3943 1214 3985 non

149 4022 239 4111 ptius
250 4021 334 4087 bano
342 4022 503 4087 civitatem
516 4019 722 4100 amittebant,
733 4042 832 4108 quam
843 4036 934 4083 erant
948 4020 981 4085 in
991 4044 1062 4085 eam
1076 4043 1215 4115 reospu,

151 4150 219 4214 quo
234 4126 398 4208 vertendi,
416 4127 480 4194 hoo
495 4144 560 4209 est,
574 4125 721 4193 mutandi
734 4124 794 4192 soli
811 4149 908 4192 rausa
922 4145 1085 4193 venerant
1101 4130 1141 4196 ld
1155 4156 1214 4195 au·

1036 4233 1092 4326 39.
