3054 4772
149 488 1159 513 mmmmm
1163 490 1209 511 Μ

322 685 773 815 EXCURSUS
818 690 1048 813 XXXI

235 939 298 1008 AD
324 939 598 1011 ORATIONEM
621 942 711 1009 PRO
737 939 933 1025 CAECINA‚
955 938 1051 1009 me.
1072 934 1133 1008 36.

193 1280 298 1347 Multo
314 1284 411 1345 etiam
426 1283 529 1343 mmm
543 1282 661 1368 quoeri,
675 1281 717 1344 A.
732 1278 1003 1365 Caecinoefimdm
1015 1284 1075 1361 sit,
1091 1294 1152 1345 eto.
1164 1280 1218 1347 sic

148 1389 228 1467 olim
249 1386 339 1450 hunc
357 1386 467 1450 locum
487 1385 707 1467 restitueram,
728 1385 863 1475 Georgii
880 1385 1085 1467 Buchanani,
1108 1385 1220 1468 Scoti,

11 1536 17 1569 -‚
149 1494 209 1556 viri
219 1514 322 1581 quum
336 1491 427 1556 omni
444 1489 591 1555 doctrina
602 1491 800 1578 praestantis,
815 1508 887 1556 tum
897 1507 1000 1580 poeto
1013 1491 1147 1579 optimi,
1158 1515 1218 1559 au·

149 1600 330 1663 ctoritatem
344 1612 520 1685 sequutus:
533 1626 546 1653 ι
555 1597 663 1662 Multo
678 1596 774 1661 etiarn
793 1599 900 1667 minus
914 1598 1031 1686 quaeri,
1042 1601 1082 1663 A.
1094 1598 1218 1663 Caecina

151 1701 275 1768 fundam
288 1703 347 1785 sit,
364 1717 425 1766 etc.
435 1733 448 1758 a
463 1702 556 1781 cujus
571 1700 669 1766 verba
686 1699 810 1765 edenda
824 1703 954 1768 curavi:
971 1703 1128 1791 sicigitur
1142 1702 1217 1769 ille:

11 1852 13 1859 ›
85 1820 88 1825 '
150 1811 192 1872 In
208 1808 354 1873 oratione
375 1828 437 1896 pro
453 1807 580 1871 Caecina
593 1822 735 1873 extrem
751 1806 796 1871 ita
813 1807 910 1895 vulgo
927 1808 1045 1897 legitur
1061 1831 1070 1873 z
1085 1839 1098 1864 ι
1110 1809 1218 1874 Multo

11 1960 12 1967 κ
149 1915 246 1983 etiam
260 1915 369 1978 minus
381 1912 499 2001 qaam,
512 1914 550 1980 Α.
561 1913 695 1978 Carrinoe
707 1911 831 1977 fundus
841 1914 892 1999 sit,
906 1936 1028 1979 necne:
1042 1937 1095 1978 me
1108 1931 1217 1981 tamen

149 2018 184 2097 id
201 2018 308 2107 ipsum
327 2017 492 2099 docuisse,
508 2016 648 2082 fundum
667 2040 736 2084 esse
753 2019 887 2084 Caecinae
897 2050 920 2083 n.
935 2023 979 2083 At
993 2020 1081 2083 enim
1099 2017 1216 2086 dooere

148 2123 291 2188 fundum
301 2146 379 2195 ‚esse
396 2123 547 2204 Caecina,
560 2146 628 2187 non
650 2144 845 2212 magnopere
864 2121 906 2187 ad
918 2139 1109 2210 praesentem
1126 2146 1217 2211 quaa·

149 2229 289 2292 ationem
305 2226 446 2316 pertinet
465 2250 474 2292 ι
490 2249 552 2290 nec
567 2225 602 2290 id
616 2227 730 2291 Cicero
749 2225 875 2314 uspiam
894 2226 1007 2292 docuit
1026 2249 1034 2291 t
1054 2228 1116 2291 nisi
1131 2228 1216 2295 forte

148 2332 183 2403 id
204 2333 322 2398 docere
344 2333 542 2422 quinaret,
561 2331 652 2420 quod
673 2333 708 2395 in
726 2333 880 2397 orationis
900 2331 1085 2397 narratione
1104 2334 1215 2422 paucis

147 2461 217 2504 rem
230 2439 337 2504 verbis
348 2438 453 2526 attigit
466 2460 474 2502 ε
489 2453 527 2502 ut
543 2439 577 2501 in
594 2459 695 2525 pauca
712 2441 892 2520 conferam,
905 2468 918 2494 ι
929 2452 1120 2505 testamento
1129 2439 1215 2505 facto

148 2545 269 2619 mulier
286 2543 447 2608 moritur:
465 2542 541 2608 iacit
558 2542 711 2608 heredem
725 2566 765 2608 ex
780 2543 906 2609 deunce
923 2560 956 2609 et
970 2544 1134 2609 semuncia
1152 2546 1218 2611 Cae·

148 2649 254 2713 cinam
263 2671 296 2713 n:
311 2647 419 2737 paullo
430 2669 508 2712 vero
523 2648 657 2714 inferius
672 2648 753 2714 adeo
769 2672 804 2714 se
817 2647 851 2713 id
867 2672 935 2714 non
950 2648 1100 2715 docuisse
1113 2664 1217 2715 osten·

148 2752 213 2836 dit,
230 2770 268 2819 ut
285 2753 326 2818 de
342 2753 406 2818 hoc
418 2775 496 2843 agro
509 2769 674 2841 tamquam
692 2770 917 2835 controverso,
931 2770 964 2818 et
979 2752 1123 2843 ambigui
1132 2755 1215 2836 juris

147 2860 309 2946 loquatur,
331 2858 383 2922 bis
406 2859 538 2924 verbis:
564 2861 699 2948 «Atque
724 2860 784 2924 iste
808 2881 923 2923 omnes
951 2859 1120 2936 introitus,
1151 2882 1216 2946 qua

147 2963 228 3035 adiri
250 2979 398 3053 poterat,
414 2986 482 3029 non
497 2965 598 3031 modo
614 2966 649 3029 in
667 2989 743 3030 cnm
760 2964 918 3046 fundum,
942 2963 982 3029 ‹le
1001 2986 1067 3053 quo
1083 2981 1216 3029 contro-

146 3071 250 3134 versia
268 3072 391 3151 fuerat,
410 3068 468 3134 aed
483 3070 579 3134 ctiam
603 3071 637 3134 in
654 3070 746 3135 illum
764 3071 970 3159 proximum,
987 3069 1029 3134 de
1045 3092 1113 3157 quo
1136 3069 1218 3135 nihil

148 3174 384 3263 ambigebatur,
405 3191 545 3239 armatos
568 3176 706 3264 opponit
720 3206 744 3239 ι.
765 3175 882 3257 Vides,
904 3190 942 3239 ut
964 3174 1005 3240 ‹le
1030 3176 1086 3239 illo
1110 3173 1216 3241 fundo

148 3281 366 3347 controversia
383 3280 443 3361 sit,
460 3280 502 3345 de
517 3280 617 3345 altero
632 3281 712 3345 nihil
727 3281 935 3370 ambigatur?
950 3268 1006 3345 ubi
1024 3302 1101 3377 ergp
1120 3278 1217 3345 docet

12 3432 14 3437 .
31 3452 35 3461 ,
149 3386 262 3451 Cicero
279 3384 418 3450 fundum
429 3386 526 3450 fuisse
537 3386 693 3451 Caecinae?
708 3387 790 3452 Nam
808 3388 895 3452 inter
910 3402 1100 3476 argumenta
1114 3408 1217 3452 causta

148 3491 235 3556 nulla
250 3490 291 3555 de
308 3491 369 3555 hac
384 3514 420 3555 re
433 3491 555 3557 mentio
572 3508 636 3575 est,
653 3492 710 3556 ubi
726 3495 864 3558 maxime
882 3491 916 3557 id
932 3494 1079 3581 oportuit
1096 3484 1216 3556 doceri.

147 3598 231 3660 Turn
252 3597 339 3660 enim
356 3620 407 3663 res
428 3613 635 3663 controversa
652 3599 800 3680 docetur,
814 3621 916 3686 quum
938 3599 987 3665 vel
1003 3597 1218 3687 argumentis,

149 3703 198 3768 vel
215 3703 372 3785 testibus,
384 3703 435 3768 vel
450 3703 574 3787 multis,
593 3705 783 3794 magnisque
796 3704 921 3770 indiciis
937 3705 1105 3792 probatur.
1119 3703 1220 3786 Quod
1236 3734 1238 3737 ’

148 3808 175 3872 si
199 3828 360 3896 nusquam
383 3810 497 3876 Cicero
523 3811 614 3888 facit,
644 3811 736 3890 cujus
759 3810 972 3898 improbitatis
994 3826 1043 3876 est
1068 3809 1102 3873 in
1125 3832 1221 3875 causa

147 3917 322 4000 praesertim
345 3916 605 4004 tam-multiplici
628 3938 665 3980 ac
688 3917 856 4006 perplexa,
886 3915 920 3981 id
945 3918 977 3981 in
1004 3914 1132 4004 epilogo
1157 3939 1217 4003 pro

13 4078 36 4109 g
148 4017 339 4087 confirmato
352 4044 544 4105 numerare,
560 4023 653 4103 cujus
667 4046 827 4112 nusquam
842 4024 876 4086 in
894 4038 961 4088 tota
976 4045 1069 4087 causa
1083 4023 1165 4088 facta
1178 4022 1219 4085 sit

21 4116 31 4155 ⁴·
149 4124 295 4189 mentio?
316 4142 372 4191 aut
388 4129 481 4207 cujus
501 4130 703 4218 negligentia
719 4146 783 4212 est,
800 4127 890 4217 quod
907 4130 942 4193 in
962 4126 1134 4195 refutando
1158 4126 1219 4191 suit
