3176 4770
316 384 363 480 96
390 461 397 483 ⁸
644 387 691 451 M.
715 386 753 451 r.
781 385 1065 456 crcnnonrs

289 530 429 585 ‚orani
457 531 478 575 a
507 528 579 590 un,
607 527 654 573 ur
676 528 780 586 Quin
807 527 967 579 rcunruo
988 529 1153 577 nscuuns
1173 533 1373 580 vnnnnnnn.

318 621 395 689 Cur
413 615 531 711 igitur,
553 613 717 698 Metelle,
736 637 811 683 non
836 617 884 683 ita
910 639 1042 712 magno
1064 614 1276 688 vendidisti?
1292 622 1376 716 quia

317 727 473 797 desertas
485 727 683 807 arationes,
698 726 822 794 inanes
835 748 960 821 agros,
974 727 1197 822 provinciam
1210 733 1375 799 miseram

316 835 565 935 perditamque
590 830 738 904 offendi.
771 833 895 924 Quid?
922 833 958 906 id
984 838 1120 933 ipsum,
1141 837 1242 933 quod
1260 853 1375 909 satum

317 959 389 1031 est,
406 967 478 1041 qua
494 944 633 1013 ratione
650 945 861 1040 quisquam,
876 945 940 1040 qui
954 960 1104 1033 sereret,
1120 946 1288 1018 inventus
1304 950 1377 1019 est?

316 1056 436 1126 Recita
455 1052 587 1125 literas.
616 1055 769 1123 Lucan.
792 1054 852 1123 Ait
872 1077 909 1124 se
930 1057 1087 1142 misisse,
1106 1069 1142 1125 et
1164 1072 1376 1152 praesentem

315 1162 567 1248 confirmasse,
594 1186 697 1232 suam
720 1163 977 1260 interposuisse
1002 1167 1273 1237 auctoritatem:
1297 1181 1375 1236 tan-

315 1290 393 1346 tum
411 1272 537 1370 quod⁹
557 1271 757 1343 aratoribus
775 1272 941 1344 Metellus
960 1273 1105 1346 obsides
1120 1299 1194 1345 non
1209 1275 1323 1362 dedit,
1338 1300 1376 1346 se

314 1382 414 1454 nulla
435 1385 473 1452 in
496 1407 535 1452 re
557 1382 660 1451 Verri
682 1382 834 1453 similem
856 1379 1028 1453 futurum.
1048 1387 1095 1454 At
1115 1385 1204 1479 quid
1223 1401 1278 1457 est
1296 1402 1376 1455 tan-

316 1492 418 1579 dem,
435 1494 472 1561 in
488 1515 562 1588 quo
576 1512 613 1563 se
628 1490 808 1562 laborasse
827 1490 941 1562 dicat?
960 1496 1092 1564 Recita.
1113 1497 1161 1564 Ut
1177 1519 1376 1581 Antrones,

315 1628 377 1687 Qui
395 1627 538 1687 nenioui
557 1626 807 1686 autumnans
826 1627 1016 1674 rcnnruuu
1035 1628 1221 1677 sannanim.
1237 1606 1310 1696 Qui
1325 1630 1378 1695 re,

316 1710 430 1807 liqui?
454 1709 545 1808 quid
571 1710 641 1781 hoc
667 1712 743 1781 est?
765 1710 919 1806 reliqui?
940 1737 1015 1807 quo
1042 1738 1086 1784 ex
1105 1712 1222 1785 bello?
1243 1739 1316 1810 qua
1334 1740 1378 1784 ex

316 1822 502 1892 vastitate?
524 1844 688 1916 quaenam
714 1821 752 1889 in
776 1818 890 1889 Sicilia
917 1834 1016 1891 tanta
1037 1820 1175 1909 clades,
1197 1839 1259 1894 aut
1277 1823 1377 1921 quod

315 1931 454 2004 bellum
482 1945 555 2000 tam
581 1928 817 2015 diuturnum,
844 1944 915 1999 tam
943 1930 1208 2021 calamitosum,
1227 1947 1263 2004 te
1286 1957 1376 2030 prae·

317 2057 418 2129 tore,
437 2052 619 2111 versatum
641 2053 713 2123 est,
738 2052 779 2107 ut
797 2041 849 2123 is,
870 2042 933 2136 qui
959 2037 1024 2109 tihi
1042 2043 1274 2129 successerit,
1296 2040 1376 2111 reli-

316 2176 409 2248 quos
430 2163 588 2220 aratores
610 2147 793 2243 collegisse
814 2162 850 2217 et
869 2171 1045 2220 recreasse
1062 2149 1249 2222 videatur?

364 2264 453 2331 LIV.
468 2263 591 2349 Quum
609 2255 712 2328 bellis
725 2268 735 2299 ¹
757 2256 1111 2355 Carthaginiensibus
1124 2258 1240 2330 Sicilia
1252 2274 1377 2331 vexata

317 2383 390 2454 est,
409 2383 446 2439 et
466 2381 549 2465 post
566 2381 691 2473 nostra
708 2380 924 2463 patrumque
941 2374 1116 2439 memoria
1134 2392 1247 2466 quum
1264 2367 1320 2440 bis
1339 2369 1377 2441 in

317 2503 359 2550 ea
392 2476 599 2576 provincia²
633 2499 770 2572 magnae
815 2475 1049 2573 fugitivorum
1081 2482 1193 2575 copiae
1230 2491 1377 2549 versata

316 2601 402 2659 sunt
411 2583 442 2673 ³3
456 2598 576 2654 tamen
589 2598 773 2655 aratorum
785 2578 968 2657 interitiol
983 2586 1074 2659 facta
1087 2588 1186 2659 nulla
1199 2603 1269 2659 est:
1286 2603 1376 2670 tum,

316 2711 476 2770 semente
490 2693 691 2793 prohibita,
707 2710 770 2765 aut
782 2719 897 2767 messe
913 2700 1059 2785 amissa,
1079 2695 1217 2767 fructus
1234 2722 1377 2768 annuus

315 2806 502 2893 interibat3
525 2819 645 2877 tamen
671 2806 863 2877 incolumis
883 2830 1056 2877 numerus
1074 2805 1243 2877 manebat
1260 2807 1377 2878 domi·

314 2940 446 2987 norum
474 2929 583 3012 atque
607 2929 814 2987 aratorum:
835 2930 934 3001 tum,
955 2917 1019 3011 qui
1037 2918 1085 2986 M.
1111 2915 1293 3005 laevino&
1315 2932 1379 2988 aut

351 3112 377 3160 9.
392 3097 496 3142 Tantum
509 3093 583 3157 quod.
596 3079 845 3154 Insolenelooutios
868 3094 967 3143 Florum
973 3129 980 3154 ,
1005 3095 1050 3145 lib.
1070 3097 1119 3155 111,
1141 3113 1196 3162 cap.
1223 3113 1262 3160 ¹9·
1280 3100 1378 3146 Eunnrn

315 3189 363 3239 pro
376 3188 427 3220 non
439 3172 511 3235 louge
522 3171 591 3220 abest
602 3171 662 3236 quin
675 3171 768 3220 dederit
779 3173 823 3221 ob·
868 3174 983 3239 Rupilius
997 3191 1062 3224 enno
1075 3177 1140 3236 621,
1164 3177 1328 3226 Athenionem
1341 3177 1377 3224 M.

316 3251 390 3300 sides.
402 3250 582 3316 Propemodum
596 3249 672 3298 dedit.
867 3254 980 3318 Aquilius
999 3272 1065 3304 anno
1078 3256 1127 3304 651
1147 3255 1246 3303 devicit.

348 3329 824 3392 Ltv.1.Qnumbaztis.Debelltseunicts
905 3336 929 3383 3.
939 3336 1006 3381 Sunt.
1018 3335 1084 3393 Alii,
1095 3333 1150 3380 sint.
1163 3334 1188 3381 J.
1198 3335 1231 3382 V.
1245 3335 1271 3380 L

315 3412 341 3458 in
354 3408 449 3464 Sicilie,
457 3419 482 3455 et
495 3419 604 3472 ternpore
612 3424 662 3472 quo
671 3410 776 3471 primurn
785 3426 823 3457 et·
904 3418 930 3466 4.
952 3411 1069 3459 Interitio.
1087 3412 1127 3458 Sic
1141 3410 1254 3459 nonnulli
1265 3409 1339 3460 codd.
1352 3422 1378 3459 et
1457 3404 1464 3413 ’

313 3505 353 3538 ma
366 3488 434 3536 l‘oeni
447 3486 474 3534 in
486 3486 592 3535 Siciliam
604 3485 753 3545 intulerunt3
767 3488 823 3536 vide
865 3491 920 3553 ipae
928 3489 1025 3538 Nonius
1036 3504 1049 3535 e
1061 3488 1180 3537 Cicerone
1191 3489 1226 3536 ite
1236 3501 1377 3554 usurpatum

313 3568 437 3618 Rollinurn
452 3568 546 3616 Histoe.
563 3577 581 3613 t.
593 3569 613 3616 1.
867 3585 918 3617 esee
933 3567 1030 3632 probet.
1046 3569 1256 3630 Alitintemecio.
1265 3574 1289 3621 J.
1297 3572 1327 3619 V.
1337 3574 1363 3619 L.

349 3664 375 3697 a.
395 3648 437 3695 Bis
452 3646 478 3694 in
490 3662 520 3693 ea
527 3645 663 3710 provincia,
676 3648 752 3710 Syene
765 3649 821 3712 qui·
904 3648 930 3696 5.
947 3646 1012 3695 Olim
1025 3646 1128 3696 buinio.
1140 3648 1239 3712 Pighius
1247 3649 1299 3697 sine
1308 3666 1378 3698 cansa

314 3728 385 3785 dam,
399 3729 481 3775 Eunus
494 3724 643 3784 nomine,ad
655 3724 824 3775 tibernione
866 3726 962 3784 mallet,
971 3726 1154 3790 proconsulibus
1162 3739 1187 3776 et
1191 3739 1264 3792 proet.
1272 3729 1288 3776 J
1290 3766 1296 3777 .
1306 3730 1339 3778 V.
1349 3732 1376 3777 L.

315 3823 379 3856 erma
399 3823 481 3856 servos
503 3806 648 3866 concitavit,
671 3822 736 3854 enno
759 3807 819 3855 ore.
867 3807 963 3854 Ernest.
985 3806 1046 3854 bene
1068 3808 1164 3855 monuit
1177 3824 1262 3855 ornnes
1275 3809 1378 3871 provin-

315 3885 376 3935 Vid.
387 3887 471 3949 Sigon.
483 3885 510 3932 in
525 3887 600 3935 Fastis
607 3887 640 3935 ed
648 3886 714 3935 hunc
723 3901 822 3933 annum.
868 3885 959 3933 cierunt
967 3897 1073 3934 rectores
1082 3889 1206 3934 communi
1213 3888 1310 3935 nornine
1319 3903 1379 3950 prte-

317 3964 376 4011 Post
388 3964 481 4026 aliquot
493 3979 584 4024 ennon,
594 3981 671 4029 quun
680 3966 722 4011 vix
732 3962 824 4010 abellia
869 3959 933 4011 tores
958 3964 1016 4012 diei.
1040 3964 1080 4012 stc
1099 3965 1151 4013 vice
1170 3982 1235 4013 verse
1247 3967 1379 4030 proconsul

317 4043 445 4105 respiraret
465 4042 558 4099 insula,
576 4044 640 4094 Cilix
660 4041 759 4105 quidam
779 4058 823 4105 pe-
869 4043 926 4091 loco
935 4056 1084 4107 propraetor.
1094 4045 1150 4092 Vid.
1165 4047 1231 4092 Suet.
1242 4046 1268 4093 in
1279 4049 1342 4110 Aug.
1352 4048 1378 4105 3,

314 4130 380 4185 ator,
392 4119 510 4179 Athenio,
519 4121 611 4168 bellurn
620 4120 753 4169 renovavit.
761 4121 825 4170 Vide
869 4123 952 4188 ibique
965 4125 1079 4173 Torreat.
1094 4134 1120 4172 et
1130 4126 1223 4173 Ernest.
