<?xml version="1.0" encoding="UTF-8"?>
<!DOCTYPE html PUBLIC "-//W3C//DTD XHTML 1.0 Transitional//EN"
    "http://www.w3.org/TR/xhtml1/DTD/xhtml1-transitional.dtd">
<html xmlns="http://www.w3.org/1999/xhtml" xml:lang="en" lang="en">
 <head>
  <title>
</title>
<meta http-equiv="Content-Type" content="text/html;charset=utf-8" />
  <meta name='ocr-system' content='tesseract 3.04.00' />
  <meta name='ocr-capabilities' content='ocr_page ocr_carea ocr_par ocr_line ocrx_word'/>
</head>
<body>
  <div class='ocr_page' id='page_1' title='image "./mtciceronisquae00bouigoog_0155.png"; bbox 0 0 3176 4770; ppageno 0'>
   <div class='ocr_carea' id='block_1_1' title="bbox 279 406 1354 2380">
    <p class='ocr_par' dir='ltr' id='par_1_1' title="bbox 291 406 1026 496">
     <span class='ocr_line' id='line_1_1' title="bbox 291 406 1026 496; baseline -0.008 -15"><span class='ocrx_word' id='word_1_1' title='bbox 291 412 358 496; x_wconf 72' lang='lat' dir='ltr'><strong>ido</strong></span> <span class='ocrx_word' id='word_1_2' title='bbox 600 409 649 477; x_wconf 80' lang='grc' dir='ltr'><strong>Μ.</strong></span> <span class='ocrx_word' id='word_1_3' title='bbox 674 409 713 477; x_wconf 86' lang='grc' dir='ltr'><strong>Τ.</strong></span> <span class='ocrx_word' id='word_1_4' title='bbox 739 406 1026 479; x_wconf 84' lang='lat' dir='ltr'>CICERONIS</span> 
     </span>
    </p>

    <p class='ocr_par' dir='ltr' id='par_1_2' title="bbox 279 524 1354 2380">
     <span class='ocr_line' id='line_1_2' title="bbox 283 524 1349 623; baseline -0.008 -20"><span class='ocrx_word' id='word_1_5' title='bbox 283 531 440 615; x_wconf 79' lang='lat' dir='ltr'><strong>eutium,</strong></span> <span class='ocrx_word' id='word_1_6' title='bbox 468 528 729 600; x_wconf 85' lang='lat' dir='ltr'><strong>sanctissimum</strong></span> <span class='ocrx_word' id='word_1_7' title='bbox 756 529 876 599; x_wconf 89' lang='lat' dir='ltr'><strong>virum</strong></span> <span class='ocrx_word' id='word_1_8' title='bbox 900 539 1010 623; x_wconf 87' lang='lat' dir='ltr'><strong>atque</strong></span> <span class='ocrx_word' id='word_1_9' title='bbox 1033 524 1349 611; x_wconf 75' lang='lat' dir='ltr'><strong>honestissimum,</strong></span> 
     </span>
     <span class='ocr_line' id='line_1_3' title="bbox 282 635 1354 734; baseline -0.007 -24"><span class='ocrx_word' id='word_1_10' title='bbox 282 642 333 710; x_wconf 83' lang='lat' dir='ltr'><strong>M.</strong></span> <span class='ocrx_word' id='word_1_11' title='bbox 343 638 568 726; x_wconf 77' lang='lat' dir='ltr'><strong>castritium,</strong></span> <span class='ocrx_word' id='word_1_12' title='bbox 578 661 722 709; x_wconf 82' lang='lat' dir='ltr'><strong>summo</strong></span> <span class='ocrx_word' id='word_1_13' title='bbox 733 635 948 734; x_wconf 81' lang='lat' dir='ltr'><strong>splendore,</strong></span> <span class='ocrx_word' id='word_1_14' title='bbox 963 635 1128 732; x_wconf 83' lang='lat' dir='ltr'><strong>ingenio,</strong></span> <span class='ocrx_word' id='word_1_15' title='bbox 1140 636 1254 731; x_wconf 83' lang='lat' dir='ltr'><strong>gratia</strong></span> <span class='ocrx_word' id='word_1_16' title='bbox 1267 657 1354 732; x_wconf 75' lang='lat' dir='ltr'><strong>prae·</strong></span> 
     </span>
     <span class='ocr_line' id='line_1_4' title="bbox 283 742 1351 840; baseline -0.004 -20"><span class='ocrx_word' id='word_1_17' title='bbox 283 747 412 820; x_wconf 92' lang='lat' dir='ltr'><strong>ditum.</strong></span> <span class='ocrx_word' id='word_1_18' title='bbox 433 745 531 840; x_wconf 89' lang='lat' dir='ltr'><strong>Quid</strong></span> <span class='ocrx_word' id='word_1_19' title='bbox 550 746 626 819; x_wconf 82' lang='lat' dir='ltr'><strong>haec</strong></span> <span class='ocrx_word' id='word_1_20' title='bbox 643 742 735 820; x_wconf 82' lang='lat' dir='ltr'><strong>sibi⁸</strong></span> <span class='ocrx_word' id='word_1_21' title='bbox 754 746 888 818; x_wconf 91' lang='lat' dir='ltr'><strong>horum</strong></span> <span class='ocrx_word' id='word_1_22' title='bbox 905 747 1016 817; x_wconf 90' lang='lat' dir='ltr'><strong>trium</strong></span> <span class='ocrx_word' id='word_1_23' title='bbox 1029 745 1163 815; x_wconf 85' lang='lat' dir='ltr'><strong>civium</strong></span> <span class='ocrx_word' id='word_1_24' title='bbox 1180 768 1351 816; x_wconf 90' lang='lat' dir='ltr'><strong>romano·</strong></span> 
     </span>
     <span class='ocr_line' id='line_1_5' title="bbox 282 854 1354 954; baseline -0.002 -26"><span class='ocrx_word' id='word_1_25' title='bbox 282 881 367 928; x_wconf 88' lang='lat' dir='ltr'><strong>rum</strong></span> <span class='ocrx_word' id='word_1_26' title='bbox 380 855 477 929; x_wconf 89' lang='lat' dir='ltr'><strong>dona</strong></span> <span class='ocrx_word' id='word_1_27' title='bbox 489 854 707 928; x_wconf 82' lang='lat' dir='ltr'><strong>voluerunt?</strong></span> <span class='ocrx_word' id='word_1_28' title='bbox 724 855 866 928; x_wconf 88' lang='lat' dir='ltr'><strong>Siculos</strong></span> <span class='ocrx_word' id='word_1_29' title='bbox 881 869 1070 954; x_wconf 68' lang='lat' dir='ltr'><strong>praeterea,</strong></span> <span class='ocrx_word' id='word_1_30' title='bbox 1084 855 1354 953; x_wconf 84' lang='lat' dir='ltr'><strong>potentissimos</strong></span> 
     </span>
     <span class='ocr_line' id='line_1_6' title="bbox 283 962 1352 1062; baseline -0.001 -25"><span class='ocrx_word' id='word_1_31' title='bbox 283 962 618 1062; x_wconf 84' lang='lat' dir='ltr'><strong>nobilissimosque,</strong></span> <span class='ocrx_word' id='word_1_32' title='bbox 640 963 803 1052; x_wconf 83' lang='lat' dir='ltr'><strong>donasti3</strong></span> <span class='ocrx_word' id='word_1_33' title='bbox 829 969 893 1062; x_wconf 92' lang='lat' dir='ltr'><strong>qui</strong></span> <span class='ocrx_word' id='word_1_34' title='bbox 918 989 1015 1052; x_wconf 92' lang='lat' dir='ltr'><strong>non,</strong></span> <span class='ocrx_word' id='word_1_35' title='bbox 1040 962 1352 1061; x_wconf 80' lang='lat' dir='ltr'>quemadmodum</span> 
     </span>
     <span class='ocr_line' id='line_1_7' title="bbox 284 1071 1349 1171; baseline 0.001 -25"><span class='ocrx_word' id='word_1_36' title='bbox 284 1075 446 1171; x_wconf 80' lang='lat' dir='ltr'><strong>sperasti,</strong></span> <span class='ocrx_word' id='word_1_37' title='bbox 458 1073 633 1146; x_wconf 76' lang='lat' dir='ltr'><strong>tardiores</strong></span> <span class='ocrx_word' id='word_1_38' title='bbox 648 1071 812 1163; x_wconf 85' lang='lat' dir='ltr'><strong>fuerunt,</strong></span> <span class='ocrx_word' id='word_1_39' title='bbox 827 1071 890 1146; x_wconf 90' lang='lat' dir='ltr'><strong>sed</strong></span> <span class='ocrx_word' id='word_1_40' title='bbox 904 1075 1123 1145; x_wconf 84' lang='lat' dir='ltr'><strong>omatiores⁹</strong></span> <span class='ocrx_word' id='word_1_41' title='bbox 1137 1088 1202 1145; x_wconf 88' lang='lat' dir='ltr'><strong>tuo</strong></span> <span class='ocrx_word' id='word_1_42' title='bbox 1212 1072 1349 1168; x_wconf 85' lang='lat' dir='ltr'><strong>judicio</strong></span> 
     </span>
     <span class='ocr_line' id='line_1_8' title="bbox 281 1181 1351 1283; baseline -0.003 -26"><span class='ocrx_word' id='word_1_43' title='bbox 281 1181 329 1257; x_wconf 79' lang='lat' dir='ltr'><strong>ad</strong></span> <span class='ocrx_word' id='word_1_44' title='bbox 344 1184 550 1257; x_wconf 87' lang='lat' dir='ltr'><strong>testimonia</strong></span> <span class='ocrx_word' id='word_1_45' title='bbox 570 1181 727 1255; x_wconf 84' lang='lat' dir='ltr'><strong>dicunda</strong></span> <span class='ocrx_word' id='word_1_46' title='bbox 745 1196 939 1255; x_wconf 84' lang='lat' dir='ltr'><strong>venerunt.</strong></span> <span class='ocrx_word' id='word_1_47' title='bbox 956 1181 1101 1283; x_wconf 78' lang='lat' dir='ltr'><strong>Quibus</strong></span> <span class='ocrx_word' id='word_1_48' title='bbox 1124 1207 1170 1254; x_wconf 82' lang='lat' dir='ltr'><strong>ex</strong></span> <span class='ocrx_word' id='word_1_49' title='bbox 1191 1182 1351 1255; x_wconf 84' lang='lat' dir='ltr'><strong>hostium</strong></span> 
     </span>
     <span class='ocr_line' id='line_1_9' title="bbox 281 1291 1352 1393; baseline -0.001 -26"><span class='ocrx_word' id='word_1_50' title='bbox 281 1293 430 1393; x_wconf 83' lang='lat' dir='ltr'><strong>spoliis?</strong></span> <span class='ocrx_word' id='word_1_51' title='bbox 449 1291 585 1391; x_wconf 81' lang='lat' dir='ltr'><strong>deque</strong></span> <span class='ocrx_word' id='word_1_52' title='bbox 599 1292 773 1365; x_wconf 81' lang='lat' dir='ltr'><strong>victoria?</strong></span> <span class='ocrx_word' id='word_1_53' title='bbox 791 1318 927 1391; x_wconf 79' lang='lat' dir='ltr'><strong>quaer</strong></span> <span class='ocrx_word' id='word_1_54' title='bbox 945 1292 1066 1392; x_wconf 78' lang='lat' dir='ltr'><strong>praeda</strong></span> <span class='ocrx_word' id='word_1_55' title='bbox 1088 1307 1151 1366; x_wconf 86' lang='lat' dir='ltr'><strong>aut</strong></span> <span class='ocrx_word' id='word_1_56' title='bbox 1170 1292 1352 1366; x_wconf 88' lang='lat' dir='ltr'><strong>manubiis</strong></span> 
     </span>
     <span class='ocr_line' id='line_1_10' title="bbox 282 1402 1351 1503; baseline 0 -27"><span class='ocrx_word' id='word_1_57' title='bbox 282 1403 360 1476; x_wconf 84' lang='lat' dir='ltr'><strong>baec</strong></span> <span class='ocrx_word' id='word_1_58' title='bbox 375 1402 440 1476; x_wconf 88' lang='lat' dir='ltr'><strong>abs</strong></span> <span class='ocrx_word' id='word_1_59' title='bbox 457 1417 493 1476; x_wconf 90' lang='lat' dir='ltr'><strong>te</strong></span> <span class='ocrx_word' id='word_1_60' title='bbox 504 1404 652 1476; x_wconf 88' lang='lat' dir='ltr'><strong>donatio</strong></span> <span class='ocrx_word' id='word_1_61' title='bbox 661 1406 858 1477; x_wconf 86' lang='lat' dir='ltr'><strong>constituta</strong></span> <span class='ocrx_word' id='word_1_62' title='bbox 869 1402 1157 1502; x_wconf 79' lang='lat' dir='ltr'><strong>estian¹⁰quod,</strong></span> <span class='ocrx_word' id='word_1_63' title='bbox 1170 1415 1242 1477; x_wconf 86' lang='lat' dir='ltr'><strong>¹¹te</strong></span> <span class='ocrx_word' id='word_1_64' title='bbox 1260 1429 1351 1503; x_wconf 84' lang='lat' dir='ltr'><strong>prae·</strong></span> 
     </span>
     <span class='ocr_line' id='line_1_11' title="bbox 280 1512 1351 1614; baseline 0.002 -30"><span class='ocrx_word' id='word_1_65' title='bbox 280 1526 380 1600; x_wconf 90' lang='lat' dir='ltr'><strong>tore,</strong></span> <span class='ocrx_word' id='word_1_66' title='bbox 401 1536 601 1611; x_wconf 88' lang='lat' dir='ltr'><strong>paucorum</strong></span> <span class='ocrx_word' id='word_1_67' title='bbox 625 1512 783 1585; x_wconf 83' lang='lat' dir='ltr'><strong>adventu</strong></span> <span class='ocrx_word' id='word_1_68' title='bbox 809 1538 1100 1614; x_wconf 84' lang='lat' dir='ltr'><strong>myoparonum,</strong></span> <span class='ocrx_word' id='word_1_69' title='bbox 1126 1515 1248 1587; x_wconf 88' lang='lat' dir='ltr'><strong>classis</strong></span> <span class='ocrx_word' id='word_1_70' title='bbox 1268 1513 1351 1614; x_wconf 90' lang='lat' dir='ltr'><strong>pul·</strong></span> 
     </span>
     <span class='ocr_line' id='line_1_12' title="bbox 281 1623 1352 1724; baseline 0.002 -30"><span class='ocrx_word' id='word_1_71' title='bbox 281 1623 475 1713; x_wconf 81' lang='lat' dir='ltr'><strong>cherrima,</strong></span> <span class='ocrx_word' id='word_1_72' title='bbox 487 1623 613 1696; x_wconf 81' lang='lat' dir='ltr'><strong>Siciliae</strong></span> <span class='ocrx_word' id='word_1_73' title='bbox 627 1625 959 1724; x_wconf 83' lang='lat' dir='ltr'><strong>propugnaculum,</strong></span> <span class='ocrx_word' id='word_1_74' title='bbox 976 1623 1257 1723; x_wconf 70' lang='lat' dir='ltr'><strong>praesidiumque</strong></span> <span class='ocrx_word' id='word_1_75' title='bbox 1265 1643 1352 1724; x_wconf 80' lang='lat' dir='ltr'><strong>&#39;pro-</strong></span> 
     </span>
     <span class='ocr_line' id='line_1_13' title="bbox 280 1732 1352 1834; baseline 0.002 -32"><span class='ocrx_word' id='word_1_76' title='bbox 280 1735 423 1824; x_wconf 73' lang='lat' dir='ltr'><strong>vincire,</strong></span> <span class='ocrx_word' id='word_1_77' title='bbox 437 1735 634 1834; x_wconf 81' lang='lat' dir='ltr'><strong>piratarum</strong></span> <span class='ocrx_word' id='word_1_78' title='bbox 648 1733 817 1806; x_wconf 85' lang='lat' dir='ltr'><strong>manibus</strong></span> <span class='ocrx_word' id='word_1_79' title='bbox 834 1735 983 1806; x_wconf 88' lang='lat' dir='ltr'><strong>incensa</strong></span> <span class='ocrx_word' id='word_1_80' title='bbox 996 1734 1072 1806; x_wconf 79' lang='lat' dir='ltr'><strong>est?</strong></span> <span class='ocrx_word' id='word_1_81' title='bbox 1084 1758 1130 1804; x_wconf 92' lang='lat' dir='ltr'><strong>au</strong></span> <span class='ocrx_word' id='word_1_82' title='bbox 1147 1732 1250 1831; x_wconf 94' lang='lat' dir='ltr'><strong>quod</strong></span> <span class='ocrx_word' id='word_1_83' title='bbox 1266 1757 1352 1831; x_wconf 83' lang='lat' dir='ltr'><strong>ager</strong></span> 
     </span>
     <span class='ocr_line' id='line_1_14' title="bbox 280 1842 1352 1942; baseline 0.001 -28"><span class='ocrx_word' id='word_1_84' title='bbox 280 1846 525 1940; x_wconf 85' lang='lat' dir='ltr'><strong>Syracusanus</strong></span> <span class='ocrx_word' id='word_1_85' title='bbox 542 1842 758 1941; x_wconf 64' lang='lat' dir='ltr'><strong>praedonum</strong></span> <span class='ocrx_word' id='word_1_86' title='bbox 779 1842 975 1932; x_wconf 87' lang='lat' dir='ltr'><strong>incendiis,</strong></span> <span class='ocrx_word' id='word_1_87' title='bbox 997 1857 1032 1913; x_wconf 89' lang='lat' dir='ltr'><strong>te</strong></span> <span class='ocrx_word' id='word_1_88' title='bbox 1050 1856 1224 1942; x_wconf 81' lang='lat' dir='ltr'><strong>praetore,</strong></span> <span class='ocrx_word' id='word_1_89' title='bbox 1239 1857 1352 1915; x_wconf 85' lang='lat' dir='ltr'><strong>vasta·</strong></span> 
     </span>
     <span class='ocr_line' id='line_1_15' title="bbox 281 1943 1348 2051; baseline -0.003 -26"><span class='ocrx_word' id='word_1_90' title='bbox 281 1967 340 2025; x_wconf 89' lang='lat' dir='ltr'><strong>tus</strong></span> <span class='ocrx_word' id='word_1_91' title='bbox 357 1954 436 2026; x_wconf 77' lang='lat' dir='ltr'><strong>est?</strong></span> <span class='ocrx_word' id='word_1_92' title='bbox 455 1978 503 2025; x_wconf 84' lang='lat' dir='ltr'><strong>au</strong></span> <span class='ocrx_word' id='word_1_93' title='bbox 520 1952 621 2051; x_wconf 91' lang='lat' dir='ltr'><strong>quod</strong></span> <span class='ocrx_word' id='word_1_94' title='bbox 647 1952 767 2029; x_wconf 87' lang='lat' dir='ltr'><strong>forum</strong></span> <span class='ocrx_word' id='word_1_95' title='bbox 789 1943 1056 2051; x_wconf 80' lang='lat' dir='ltr'><strong>Syracusanum</strong></span> <span class='ocrx_word' id='word_1_96' title='bbox 1081 1951 1348 2023; x_wconf 83' lang='lat' dir='ltr'><strong>navarchorum</strong></span> 
     </span>
     <span class='ocr_line' id='line_1_16' title="bbox 281 2063 1350 2163; baseline -0.003 -27"><span class='ocrx_word' id='word_1_97' title='bbox 281 2065 455 2162; x_wconf 80' lang='lat' dir='ltr'><strong>sanguine</strong></span> <span class='ocrx_word' id='word_1_98' title='bbox 477 2063 716 2138; x_wconf 82' lang='lat' dir='ltr'><strong>redundavit?</strong></span> <span class='ocrx_word' id='word_1_99' title='bbox 741 2088 788 2135; x_wconf 86' lang='lat' dir='ltr'><strong>an</strong></span> <span class='ocrx_word' id='word_1_100' title='bbox 810 2063 910 2161; x_wconf 92' lang='lat' dir='ltr'><strong>quod</strong></span> <span class='ocrx_word' id='word_1_101' title='bbox 937 2069 974 2133; x_wconf 89' lang='lat' dir='ltr'><strong>in</strong></span> <span class='ocrx_word' id='word_1_102' title='bbox 997 2078 1109 2163; x_wconf 89' lang='lat' dir='ltr'><strong>portu</strong></span> <span class='ocrx_word' id='word_1_103' title='bbox 1127 2067 1350 2159; x_wconf 87' lang='lat' dir='ltr'><strong>Syracusano</strong></span> 
     </span>
     <span class='ocr_line' id='line_1_17' title="bbox 279 2172 1350 2275; baseline -0.001 -30"><span class='ocrx_word' id='word_1_104' title='bbox 279 2178 450 2273; x_wconf 88' lang='lat' dir='ltr'><strong>piraticus</strong></span> <span class='ocrx_word' id='word_1_105' title='bbox 467 2199 643 2275; x_wconf 79' lang='lat' dir='ltr'><strong>myoparo</strong></span> <span class='ocrx_word' id='word_1_106' title='bbox 664 2175 869 2274; x_wconf 77' lang='lat' dir='ltr'><strong>navigavit?</strong></span> <span class='ocrx_word' id='word_1_107' title='bbox 888 2172 987 2246; x_wconf 88' lang='lat' dir='ltr'><strong>Nihil</strong></span> <span class='ocrx_word' id='word_1_108' title='bbox 1003 2196 1153 2270; x_wconf 88' lang='lat' dir='ltr'><strong>possum</strong></span> <span class='ocrx_word' id='word_1_109' title='bbox 1169 2173 1350 2272; x_wconf 90' lang='lat' dir='ltr'><strong>reperire,</strong></span> 
     </span>
     <span class='ocr_line' id='line_1_18' title="bbox 279 2280 1348 2380; baseline -0.002 -25"><span class='ocrx_word' id='word_1_110' title='bbox 279 2282 518 2380; x_wconf 87' lang='lat' dir='ltr'><strong>quamobrem</strong></span> <span class='ocrx_word' id='word_1_111' title='bbox 536 2301 572 2357; x_wconf 91' lang='lat' dir='ltr'><strong>te</strong></span> <span class='ocrx_word' id='word_1_112' title='bbox 592 2287 630 2357; x_wconf 91' lang='lat' dir='ltr'><strong>in</strong></span> <span class='ocrx_word' id='word_1_113' title='bbox 649 2287 754 2359; x_wconf 87' lang='lat' dir='ltr'><strong>istam</strong></span> <span class='ocrx_word' id='word_1_114' title='bbox 776 2284 968 2356; x_wconf 86' lang='lat' dir='ltr'><strong>amentiam</strong></span> <span class='ocrx_word' id='word_1_115' title='bbox 987 2282 1155 2353; x_wconf 87' lang='lat' dir='ltr'><strong>incidisse</strong></span> <span class='ocrx_word' id='word_1_116' title='bbox 1172 2280 1348 2353; x_wconf 87' lang='lat' dir='ltr'><strong>arbitrer:</strong></span> 
     </span>
    </p>
   </div>
   <div class='ocr_carea' id='block_1_2' title="bbox 216 2390 1351 3152">
    <p class='ocr_par' dir='ltr' id='par_1_3' title="bbox 216 2390 1351 3152">
     <span class='ocr_line' id='line_1_19' title="bbox 279 2390 1351 2493; baseline 0 -30"><span class='ocrx_word' id='word_1_117' title='bbox 279 2395 348 2465; x_wconf 91' lang='lat' dir='ltr'><strong>uisi</strong></span> <span class='ocrx_word' id='word_1_118' title='bbox 366 2392 461 2465; x_wconf 87' lang='lat' dir='ltr'><strong>forte</strong></span> <span class='ocrx_word' id='word_1_119' title='bbox 479 2394 515 2466; x_wconf 95' lang='lat' dir='ltr'><strong>id</strong></span> <span class='ocrx_word' id='word_1_120' title='bbox 536 2397 653 2493; x_wconf 80' lang='lat' dir='ltr'><strong>egisti,</strong></span> <span class='ocrx_word' id='word_1_121' title='bbox 672 2411 713 2468; x_wconf 93' lang='lat' dir='ltr'><strong>ut</strong></span> <span class='ocrx_word' id='word_1_122' title='bbox 731 2393 947 2493; x_wconf 51' lang='lat' dir='ltr'><strong>hominibus,</strong></span> <span class='ocrx_word' id='word_1_123' title='bbox 960 2418 1007 2464; x_wconf 88' lang='lat' dir='ltr'><strong>ne</strong></span> <span class='ocrx_word' id='word_1_124' title='bbox 1024 2390 1188 2465; x_wconf 84' lang='lat' dir='ltr'><strong>oblivisci</strong></span> <span class='ocrx_word' id='word_1_125' title='bbox 1202 2391 1351 2490; x_wconf 86' lang='lat' dir='ltr'><strong>quidem</strong></span> 
     </span>
     <span class='ocr_line' id='line_1_20' title="bbox 278 2502 1349 2602; baseline -0.002 -28"><span class='ocrx_word' id='word_1_126' title='bbox 278 2526 401 2574; x_wconf 86' lang='lat' dir='ltr'><strong>rerum</strong></span> <span class='ocrx_word' id='word_1_127' title='bbox 414 2515 558 2574; x_wconf 88' lang='lat' dir='ltr'><strong>tuamm</strong></span> <span class='ocrx_word' id='word_1_128' title='bbox 570 2505 663 2576; x_wconf 90' lang='lat' dir='ltr'><strong>male</strong></span> <span class='ocrx_word' id='word_1_129' title='bbox 674 2519 855 2602; x_wconf 84' lang='lat' dir='ltr'><strong>gestarum</strong></span> <span class='ocrx_word' id='word_1_130' title='bbox 866 2504 1001 2575; x_wconf 85' lang='lat' dir='ltr'><strong>liceret.</strong></span> <span class='ocrx_word' id='word_1_131' title='bbox 1014 2502 1162 2574; x_wconf 84' lang='lat' dir='ltr'><strong>Annulo</strong></span> <span class='ocrx_word' id='word_1_132' title='bbox 1174 2517 1228 2573; x_wconf 87' lang='lat' dir='ltr'><strong>est</strong></span> <span class='ocrx_word' id='word_1_133' title='bbox 1238 2525 1349 2573; x_wconf 87' lang='lat' dir='ltr'><strong>aureo</strong></span> 
     </span>
     <span class='ocr_line' id='line_1_21' title="bbox 216 2609 1351 2711; baseline -0.003 -26"><span class='ocrx_word' id='word_1_134' title='bbox 216 2704 218 2711; x_wconf 14' lang='lat' dir='ltr'>y</span> <span class='ocrx_word' id='word_1_135' title='bbox 279 2610 399 2685; x_wconf 87' lang='lat' dir='ltr'><strong>scriba</strong></span> <span class='ocrx_word' id='word_1_136' title='bbox 414 2610 589 2704; x_wconf 89' lang='lat' dir='ltr'><strong>donatus,</strong></span> <span class='ocrx_word' id='word_1_137' title='bbox 607 2629 645 2686; x_wconf 90' lang='lat' dir='ltr'><strong>et</strong></span> <span class='ocrx_word' id='word_1_138' title='bbox 661 2614 705 2687; x_wconf 87' lang='lat' dir='ltr'><strong>ad</strong></span> <span class='ocrx_word' id='word_1_139' title='bbox 726 2640 807 2686; x_wconf 90' lang='lat' dir='ltr'><strong>eam</strong></span> <span class='ocrx_word' id='word_1_140' title='bbox 827 2613 1062 2686; x_wconf 88' lang='lat' dir='ltr'><strong>donationem</strong></span> <span class='ocrx_word' id='word_1_141' title='bbox 1083 2617 1212 2686; x_wconf 90' lang='lat' dir='ltr'><strong>concio</strong></span> <span class='ocrx_word' id='word_1_142' title='bbox 1227 2627 1282 2683; x_wconf 84' lang='lat' dir='ltr'><strong>est</strong></span> <span class='ocrx_word' id='word_1_143' title='bbox 1293 2609 1351 2682; x_wconf 91' lang='lat' dir='ltr'><strong>ad·</strong></span> 
     </span>
     <span class='ocr_line' id='line_1_22' title="bbox 277 2721 1349 2823; baseline 0 -30"><span class='ocrx_word' id='word_1_144' title='bbox 277 2737 413 2796; x_wconf 82' lang='lat' dir='ltr'><strong>vocata.</strong></span> <span class='ocrx_word' id='word_1_145' title='bbox 437 2722 548 2815; x_wconf 87' lang='lat' dir='ltr'><strong>Quod</strong></span> <span class='ocrx_word' id='word_1_146' title='bbox 570 2740 647 2797; x_wconf 90' lang='lat' dir='ltr'><strong>erat</strong></span> <span class='ocrx_word' id='word_1_147' title='bbox 671 2751 713 2797; x_wconf 91' lang='lat' dir='ltr'><strong>os</strong></span> <span class='ocrx_word' id='word_1_148' title='bbox 737 2740 866 2813; x_wconf 89' lang='lat' dir='ltr'><strong>tuum,</strong></span> <span class='ocrx_word' id='word_1_149' title='bbox 887 2749 1004 2823; x_wconf 89' lang='lat' dir='ltr'><strong>quum</strong></span> <span class='ocrx_word' id='word_1_150' title='bbox 1027 2721 1175 2795; x_wconf 83' lang='lat' dir='ltr'><strong>videbas</strong></span> <span class='ocrx_word' id='word_1_151' title='bbox 1198 2725 1237 2793; x_wconf 90' lang='lat' dir='ltr'><strong>iu</strong></span> <span class='ocrx_word' id='word_1_152' title='bbox 1260 2747 1349 2794; x_wconf 91' lang='lat' dir='ltr'><strong>con·</strong></span> 
     </span>
     <span class='ocr_line' id='line_1_23' title="bbox 278 2831 1349 2932; baseline -0.002 -28"><span class='ocrx_word' id='word_1_153' title='bbox 278 2836 384 2905; x_wconf 91' lang='lat' dir='ltr'><strong>cione</strong></span> <span class='ocrx_word' id='word_1_154' title='bbox 409 2858 472 2906; x_wconf 89' lang='lat' dir='ltr'><strong>eos</strong></span> <span class='ocrx_word' id='word_1_155' title='bbox 500 2832 689 2922; x_wconf 90' lang='lat' dir='ltr'><strong>homines,</strong></span> <span class='ocrx_word' id='word_1_156' title='bbox 715 2858 873 2932; x_wconf 89' lang='lat' dir='ltr'><strong>quorum</strong></span> <span class='ocrx_word' id='word_1_157' title='bbox 900 2860 945 2904; x_wconf 86' lang='lat' dir='ltr'><strong>ex</strong></span> <span class='ocrx_word' id='word_1_158' title='bbox 971 2832 1077 2904; x_wconf 92' lang='lat' dir='ltr'><strong>bonis</strong></span> <span class='ocrx_word' id='word_1_159' title='bbox 1099 2836 1165 2919; x_wconf 70' lang='lat' dir='ltr'><strong>iste</strong></span> <span class='ocrx_word' id='word_1_160' title='bbox 1191 2831 1349 2903; x_wconf 84' lang='lat' dir='ltr'><strong>annulus</strong></span> 
     </span>
     <span class='ocr_line' id='line_1_24' title="bbox 280 2943 1349 3044; baseline 0 -31"><span class='ocrx_word' id='word_1_161' title='bbox 280 2967 411 3014; x_wconf 87' lang='lat' dir='ltr'><strong>aureus</strong></span> <span class='ocrx_word' id='word_1_162' title='bbox 429 2943 653 3033; x_wconf 80' lang='lat' dir='ltr'><strong>donabatur,</strong></span> <span class='ocrx_word' id='word_1_163' title='bbox 666 2948 728 3044; x_wconf 91' lang='lat' dir='ltr'><strong>qui</strong></span> <span class='ocrx_word' id='word_1_164' title='bbox 742 2945 812 3043; x_wconf 92' lang='lat' dir='ltr'><strong>ipsi</strong></span> <span class='ocrx_word' id='word_1_165' title='bbox 826 2943 982 3017; x_wconf 87' lang='lat' dir='ltr'><strong>annulos</strong></span> <span class='ocrx_word' id='word_1_166' title='bbox 996 2967 1126 3016; x_wconf 88' lang='lat' dir='ltr'><strong>aureos</strong></span> <span class='ocrx_word' id='word_1_167' title='bbox 1139 2958 1349 3042; x_wconf 88' lang='lat' dir='ltr'><strong>posuerant,</strong></span> 
     </span>
     <span class='ocr_line' id='line_1_25' title="bbox 277 3050 1351 3152; baseline 0.001 -28"><span class='ocrx_word' id='word_1_168' title='bbox 277 3051 785 3152; x_wconf 83' lang='lat' dir='ltr'><strong>liberisquedetraxerant,ut</strong></span> <span class='ocrx_word' id='word_1_169' title='bbox 799 3064 893 3126; x_wconf 87' lang='lat' dir='ltr'><strong>esset</strong></span> <span class='ocrx_word' id='word_1_170' title='bbox 906 3066 949 3141; x_wconf 84' lang='lat'><strong>¹²,</strong></span> <span class='ocrx_word' id='word_1_171' title='bbox 965 3053 1063 3127; x_wconf 88' lang='lat' dir='ltr'><strong>unde</strong></span> <span class='ocrx_word' id='word_1_172' title='bbox 1085 3051 1202 3125; x_wconf 87' lang='lat' dir='ltr'><strong>scriba</strong></span> <span class='ocrx_word' id='word_1_173' title='bbox 1215 3050 1247 3097; x_wconf 76' lang='lat'><strong>¹³</strong></span> <span class='ocrx_word' id='word_1_174' title='bbox 1264 3067 1351 3125; x_wconf 88' lang='lat' dir='ltr'><strong>tuus</strong></span> 
     </span>
    </p>
   </div>
   <div class='ocr_carea' id='block_1_3' title="bbox 271 3250 1400 4189">
    <p class='ocr_par' dir='ltr' id='par_1_4' title="bbox 274 3250 1400 3483">
     <span class='ocr_line' id='line_1_26' title="bbox 313 3250 1349 3318; baseline 0.003 -18"><span class='ocrx_word' id='word_1_175' title='bbox 313 3252 339 3301; x_wconf 78' lang='lat'><strong>8.</strong></span> <span class='ocrx_word' id='word_1_176' title='bbox 356 3250 672 3313; x_wconf 62' lang='lat' dir='ltr'><strong>dehoeesibiednideo</strong></span> <span class='ocrx_word' id='word_1_177' title='bbox 686 3270 728 3303; x_wconf 83' lang='lat' dir='ltr'><strong>eos</strong></span> <span class='ocrx_word' id='word_1_178' title='bbox 741 3253 787 3303; x_wconf 87' lang='lat' dir='ltr'><strong>do·</strong></span> <span class='ocrx_word' id='word_1_179' title='bbox 870 3272 910 3304; x_wconf 87' lang='lat' dir='ltr'><strong>rr.</strong></span> <span class='ocrx_word' id='word_1_180' title='bbox 928 3257 1023 3305; x_wconf 83' lang='lat' dir='ltr'><strong>Ernest.</strong></span> <span class='ocrx_word' id='word_1_181' title='bbox 1045 3256 1136 3304; x_wconf 80' lang='lat' dir='ltr'><strong>addere</strong></span> <span class='ocrx_word' id='word_1_182' title='bbox 1153 3254 1225 3317; x_wconf 81' lang='lat' dir='ltr'><strong>jubet</strong></span> <span class='ocrx_word' id='word_1_183' title='bbox 1247 3253 1349 3318; x_wconf 79' lang='lat' dir='ltr'><strong>quibus,-</strong></span> 
     </span>
     <span class='ocr_line' id='line_1_27' title="bbox 275 3329 1400 3398; baseline -0.001 -20"><span class='ocrx_word' id='word_1_184' title='bbox 275 3330 494 3390; x_wconf 79' lang='lat' dir='ltr'><strong>metimuueribus,</strong></span> <span class='ocrx_word' id='word_1_185' title='bbox 502 3343 568 3381; x_wconf 87' lang='lat' dir='ltr'><strong>utne</strong></span> <span class='ocrx_word' id='word_1_186' title='bbox 576 3344 662 3381; x_wconf 82' lang='lat' dir='ltr'><strong>contre</strong></span> <span class='ocrx_word' id='word_1_187' title='bbox 669 3344 702 3392; x_wconf 88' lang='lat' dir='ltr'><strong>te,</strong></span> <span class='ocrx_word' id='word_1_188' title='bbox 711 3350 787 3398; x_wconf 85' lang='lat' dir='ltr'><strong>quum</strong></span> <span class='ocrx_word' id='word_1_189' title='bbox 832 3333 929 3384; x_wconf 80' lang='lat' dir='ltr'><strong>Schiita.</strong></span> <span class='ocrx_word' id='word_1_190' title='bbox 940 3333 1044 3381; x_wconf 81' lang='lat' dir='ltr'><strong>addidit.</strong></span> <span class='ocrx_word' id='word_1_191' title='bbox 1055 3332 1172 3381; x_wconf 74' lang='lat' dir='ltr'><strong>Amboin</strong></span> <span class='ocrx_word' id='word_1_192' title='bbox 1185 3333 1248 3379; x_wconf 79' lang='lat' dir='ltr'><strong>Mss</strong></span> <span class='ocrx_word' id='word_1_193' title='bbox 1256 3343 1282 3378; x_wconf 86' lang='lat' dir='ltr'><strong>et</strong></span> <span class='ocrx_word' id='word_1_194' title='bbox 1290 3329 1347 3378; x_wconf 89' lang='lat' dir='ltr'><strong>edd.</strong></span> <span class='ocrx_word' id='word_1_195' title='bbox 1396 3348 1400 3355; x_wconf 92' lang='lat'>·</span> 
     </span>
     <span class='ocr_line' id='line_1_28' title="bbox 274 3405 1321 3483; baseline -0.002 -24"><span class='ocrx_word' id='word_1_196' title='bbox 274 3409 659 3469; x_wconf 57' lang='lat' dir='ltr'><strong>nmmfectneuestimonium</strong></span> <span class='ocrx_word' id='word_1_197' title='bbox 666 3412 786 3483; x_wconf 70' lang='lat' dir='ltr'><strong>dicerent?</strong></span> <span class='ocrx_word' id='word_1_198' title='bbox 831 3430 959 3479; x_wconf 78' lang='lat' dir='ltr'><strong>perperam</strong></span> <span class='ocrx_word' id='word_1_199' title='bbox 973 3412 1090 3460; x_wconf 81' lang='lat' dir='ltr'><strong>omissum</strong></span> <span class='ocrx_word' id='word_1_200' title='bbox 1101 3420 1196 3474; x_wconf 82' lang='lat' dir='ltr'><strong>putant.</strong></span> <span class='ocrx_word' id='word_1_201' title='bbox 1206 3411 1231 3458; x_wconf 88' lang='lat' dir='ltr'><strong>J.</strong></span> <span class='ocrx_word' id='word_1_202' title='bbox 1244 3405 1279 3457; x_wconf 86' lang='lat' dir='ltr'><strong>V.</strong></span> <span class='ocrx_word' id='word_1_203' title='bbox 1293 3409 1321 3457; x_wconf 85' lang='lat' dir='ltr'><strong>L.</strong></span> 
     </span>
    </p>

    <p class='ocr_par' dir='ltr' id='par_1_5' title="bbox 274 3487 1348 3864">
     <span class='ocr_line' id='line_1_29' title="bbox 311 3487 1345 3553; baseline -0.001 -17"><span class='ocrx_word' id='word_1_204' title='bbox 311 3505 337 3553; x_wconf 79' lang='lat' dir='ltr'><strong>p.</strong></span> <span class='ocrx_word' id='word_1_205' title='bbox 360 3487 509 3538; x_wconf 71' lang='lat' dir='ltr'><strong>ornatiores.</strong></span> <span class='ocrx_word' id='word_1_206' title='bbox 529 3490 626 3540; x_wconf 81' lang='lat' dir='ltr'><strong>Allndit</strong></span> <span class='ocrx_word' id='word_1_207' title='bbox 643 3491 675 3541; x_wconf 86' lang='lat' dir='ltr'><strong>ad</strong></span> <span class='ocrx_word' id='word_1_208' title='bbox 693 3508 785 3542; x_wconf 86' lang='lat' dir='ltr'><strong>morem</strong></span> <span class='ocrx_word' id='word_1_209' title='bbox 869 3510 909 3541; x_wconf 79' lang='lat' dir='ltr'><strong>ro.</strong></span> <span class='ocrx_word' id='word_1_210' title='bbox 922 3490 989 3539; x_wconf 84' lang='lat' dir='ltr'><strong>Olim</strong></span> <span class='ocrx_word' id='word_1_211' title='bbox 999 3490 1090 3553; x_wconf 68' lang='lat' dir='ltr'><strong>vulgati</strong></span> <span class='ocrx_word' id='word_1_212' title='bbox 1100 3503 1184 3536; x_wconf 86' lang='lat' dir='ltr'><strong>omnes</strong></span> <span class='ocrx_word' id='word_1_213' title='bbox 1193 3487 1250 3535; x_wconf 88' lang='lat' dir='ltr'><strong>libri</strong></span> <span class='ocrx_word' id='word_1_214' title='bbox 1257 3499 1345 3535; x_wconf 81' lang='lat' dir='ltr'><strong>essent.</strong></span> 
     </span>
     <span class='ocr_line' id='line_1_30' title="bbox 275 3565 1348 3632; baseline -0.003 -16"><span class='ocrx_word' id='word_1_215' title='bbox 275 3567 392 3631; x_wconf 80' lang='lat' dir='ltr'><strong>militnm,</strong></span> <span class='ocrx_word' id='word_1_216' title='bbox 402 3568 444 3632; x_wconf 88' lang='lat' dir='ltr'><strong>qui</strong></span> <span class='ocrx_word' id='word_1_217' title='bbox 455 3568 528 3618; x_wconf 81' lang='lat' dir='ltr'><strong>donis</strong></span> <span class='ocrx_word' id='word_1_218' title='bbox 539 3571 682 3619; x_wconf 77' lang='lat' dir='ltr'><strong>militaribus</strong></span> <span class='ocrx_word' id='word_1_219' title='bbox 694 3573 785 3632; x_wconf 80' lang='lat' dir='ltr'><strong>ornati,</strong></span> <span class='ocrx_word' id='word_1_220' title='bbox 830 3571 924 3619; x_wconf 83' lang='lat' dir='ltr'><strong>Primus</strong></span> <span class='ocrx_word' id='word_1_221' title='bbox 938 3570 1049 3616; x_wconf 83' lang='lat' dir='ltr'><strong>Gronov.</strong></span> <span class='ocrx_word' id='word_1_222' title='bbox 1063 3583 1076 3614; x_wconf 92' lang='lat' dir='ltr'><strong>e</strong></span> <span class='ocrx_word' id='word_1_223' title='bbox 1091 3566 1147 3615; x_wconf 91' lang='lat' dir='ltr'><strong>cod.</strong></span> <span class='ocrx_word' id='word_1_224' title='bbox 1171 3570 1256 3615; x_wconf 79' lang='lat' dir='ltr'><strong>Frenc.</strong></span> <span class='ocrx_word' id='word_1_225' title='bbox 1278 3565 1348 3614; x_wconf 87' lang='lat' dir='ltr'><strong>dedit</strong></span> 
     </span>
     <span class='ocr_line' id='line_1_31' title="bbox 275 3643 1348 3717; baseline -0.004 -21"><span class='ocrx_word' id='word_1_226' title='bbox 275 3663 324 3696; x_wconf 81' lang='lat' dir='ltr'><strong>une</strong></span> <span class='ocrx_word' id='word_1_227' title='bbox 332 3665 390 3697; x_wconf 87' lang='lat' dir='ltr'><strong>cnm</strong></span> <span class='ocrx_word' id='word_1_228' title='bbox 399 3643 545 3714; x_wconf 85' lang='lat' dir='ltr'><strong>imperatore</strong></span> <span class='ocrx_word' id='word_1_229' title='bbox 551 3651 786 3717; x_wconf 84' lang='lat' dir='ltr'><strong>mointriumphum</strong></span> <span class='ocrx_word' id='word_1_230' title='bbox 830 3659 904 3705; x_wconf 59' lang='lat' dir='ltr'><strong>essem</strong></span> <span class='ocrx_word' id='word_1_231' title='bbox 915 3662 987 3711; x_wconf 81' lang='lat' dir='ltr'><strong>quem</strong></span> <span class='ocrx_word' id='word_1_232' title='bbox 997 3646 1127 3695; x_wconf 86' lang='lat' dir='ltr'><strong>lectionem</strong></span> <span class='ocrx_word' id='word_1_233' title='bbox 1138 3647 1231 3695; x_wconf 86' lang='lat' dir='ltr'><strong>nemini</strong></span> <span class='ocrx_word' id='word_1_234' title='bbox 1242 3660 1293 3692; x_wconf 89' lang='lat' dir='ltr'><strong>non</strong></span> <span class='ocrx_word' id='word_1_235' title='bbox 1306 3661 1348 3709; x_wconf 79' lang='lat' dir='ltr'><strong>ep·</strong></span> 
     </span>
     <span class='ocr_line' id='line_1_32' title="bbox 274 3726 1078 3796; baseline 0.005 -24"><span class='ocrx_word' id='word_1_236' title='bbox 274 3726 509 3776; x_wconf 73' lang='lat' dir='ltr'><strong>veniebant-Tuo</strong></span> <span class='ocrx_word' id='word_1_237' title='bbox 518 3728 623 3795; x_wconf 73' lang='lat' dir='ltr'><strong>judicio.</strong></span> <span class='ocrx_word' id='word_1_238' title='bbox 637 3731 673 3778; x_wconf 86' lang='lat' dir='ltr'><strong>Te</strong></span> <span class='ocrx_word' id='word_1_239' title='bbox 682 3731 737 3796; x_wconf 82' lang='lat' dir='ltr'><strong>ipso</strong></span> <span class='ocrx_word' id='word_1_240' title='bbox 743 3733 786 3793; x_wconf 78' lang='lat' dir='ltr'><strong>ju·</strong></span> <span class='ocrx_word' id='word_1_241' title='bbox 829 3726 954 3794; x_wconf 79' lang='lat' dir='ltr'><strong>probavit.</strong></span> <span class='ocrx_word' id='word_1_242' title='bbox 964 3728 990 3776; x_wconf 88' lang='lat' dir='ltr'><strong>J.</strong></span> <span class='ocrx_word' id='word_1_243' title='bbox 1003 3728 1036 3773; x_wconf 80' lang='lat' dir='ltr'><strong>V.</strong></span> <span class='ocrx_word' id='word_1_244' title='bbox 1049 3728 1078 3776; x_wconf 75' lang='lat'><strong>11·</strong></span> 
     </span>
     <span class='ocr_line' id='line_1_33' title="bbox 274 3804 1348 3864; baseline -0.002 -11"><span class='ocrx_word' id='word_1_245' title='bbox 274 3804 371 3855; x_wconf 81' lang='lat' dir='ltr'><strong>dicente</strong></span> <span class='ocrx_word' id='word_1_246' title='bbox 382 3806 454 3855; x_wconf 80' lang='lat' dir='ltr'><strong>donis</strong></span> <span class='ocrx_word' id='word_1_247' title='bbox 470 3823 513 3857; x_wconf 83' lang='lat' dir='ltr'><strong>eos</strong></span> <span class='ocrx_word' id='word_1_248' title='bbox 527 3826 578 3857; x_wconf 80' lang='lat' dir='ltr'><strong>esee</strong></span> <span class='ocrx_word' id='word_1_249' title='bbox 596 3810 729 3859; x_wconf 83' lang='lat' dir='ltr'><strong>ornandos.</strong></span> <span class='ocrx_word' id='word_1_250' title='bbox 868 3810 910 3856; x_wconf 76' lang='lat'><strong>1³.</strong></span> <span class='ocrx_word' id='word_1_251' title='bbox 931 3805 1051 3864; x_wconf 76' lang='lat' dir='ltr'><strong>Ut&#39;esset,</strong></span> <span class='ocrx_word' id='word_1_252' title='bbox 1065 3805 1222 3855; x_wconf 81' lang='lat' dir='ltr'><strong>undescriba</strong></span> <span class='ocrx_word' id='word_1_253' title='bbox 1232 3817 1295 3852; x_wconf 78' lang='lat' dir='ltr'><strong>mus.</strong></span> <span class='ocrx_word' id='word_1_254' title='bbox 1315 3804 1348 3851; x_wconf 89' lang='lat' dir='ltr'><strong>Ut</strong></span> 
     </span>
    </p>

    <p class='ocr_par' dir='ltr' id='par_1_6' title="bbox 271 3882 1348 4189">
     <span class='ocr_line' id='line_1_34' title="bbox 312 3882 1347 3954; baseline 0.002 -24"><span class='ocrx_word' id='word_1_255' title='bbox 312 3896 351 3932; x_wconf 87' lang='lat' dir='ltr'><strong>ro.</strong></span> <span class='ocrx_word' id='word_1_256' title='bbox 364 3886 405 3932; x_wconf 79' lang='lat' dir='ltr'><strong>An</strong></span> <span class='ocrx_word' id='word_1_257' title='bbox 415 3886 711 3954; x_wconf 57' lang='lat' dir='ltr'><strong>quodelnopinemm.-</strong></span> <span class='ocrx_word' id='word_1_258' title='bbox 718 3891 786 3936; x_wconf 84' lang='lat' dir='ltr'><strong>Pan·</strong></span> <span class='ocrx_word' id='word_1_259' title='bbox 807 3940 812 3948; x_wconf 58' lang='grc'><em>,</em></span> <span class='ocrx_word' id='word_1_260' title='bbox 830 3903 917 3936; x_wconf 81' lang='lat' dir='ltr'><strong>census</strong></span> <span class='ocrx_word' id='word_1_261' title='bbox 930 3888 1047 3950; x_wconf 75' lang='lat' dir='ltr'><strong>equesuis</strong></span> <span class='ocrx_word' id='word_1_262' title='bbox 1056 3897 1101 3935; x_wconf 88' lang='lat' dir='ltr'><strong>tuo</strong></span> <span class='ocrx_word' id='word_1_263' title='bbox 1111 3887 1199 3935; x_wconf 71' lang='lat' dir='ltr'><strong>scribe</strong></span> <span class='ocrx_word' id='word_1_264' title='bbox 1213 3882 1347 3934; x_wconf 80' lang='lat' dir='ltr'><strong>conficere-</strong></span> 
     </span>
     <span class='ocr_line' id='line_1_35' title="bbox 272 3961 1348 4032; baseline -0.003 -20"><span class='ocrx_word' id='word_1_265' title='bbox 272 3976 363 4011; x_wconf 77' lang='lat' dir='ltr'><strong>comm.</strong></span> <span class='ocrx_word' id='word_1_266' title='bbox 374 3965 498 4029; x_wconf 75' lang='lat' dir='ltr'><strong>Myopem</strong></span> <span class='ocrx_word' id='word_1_267' title='bbox 515 3979 552 4016; x_wconf 78' lang='lat' dir='ltr'><strong>est</strong></span> <span class='ocrx_word' id='word_1_268' title='bbox 568 3967 680 4017; x_wconf 75' lang='lat' dir='ltr'><strong>navicula</strong></span> <span class='ocrx_word' id='word_1_269' title='bbox 696 3968 785 4032; x_wconf 76' lang='lat' dir='ltr'><strong>pirata·</strong></span> <span class='ocrx_word' id='word_1_270' title='bbox 830 3977 883 4023; x_wconf 85' lang='lat' dir='ltr'><strong>tur,</strong></span> <span class='ocrx_word' id='word_1_271' title='bbox 901 3965 968 4015; x_wconf 86' lang='lat' dir='ltr'><strong>nude</strong></span> <span class='ocrx_word' id='word_1_272' title='bbox 987 3967 1028 4028; x_wconf 81' lang='lat' dir='ltr'><strong>jur</strong></span> <span class='ocrx_word' id='word_1_273' title='bbox 1049 3965 1151 4014; x_wconf 86' lang='lat' dir='ltr'><strong>heberet</strong></span> <span class='ocrx_word' id='word_1_274' title='bbox 1170 3963 1257 4012; x_wconf 80' lang='lat' dir='ltr'><strong>annuli</strong></span> <span class='ocrx_word' id='word_1_275' title='bbox 1281 3961 1348 4010; x_wconf 83' lang='lat' dir='ltr'><strong>illius</strong></span> 
     </span>
     <span class='ocr_line' id='line_1_36' title="bbox 271 4034 1346 4111; baseline -0.003 -21"><span class='ocrx_word' id='word_1_276' title='bbox 271 4042 411 4090; x_wconf 73' lang='lat' dir='ltr'><strong>rumlienc</strong></span> <span class='ocrx_word' id='word_1_277' title='bbox 419 4043 513 4093; x_wconf 82' lang='lat' dir='ltr'><strong>cladem</strong></span> <span class='ocrx_word' id='word_1_278' title='bbox 521 4045 600 4093; x_wconf 89' lang='lat' dir='ltr'><strong>multo</strong></span> <span class='ocrx_word' id='word_1_279' title='bbox 609 4046 687 4093; x_wconf 80' lang='lat' dir='ltr'><strong>fusim</strong></span> <span class='ocrx_word' id='word_1_280' title='bbox 696 4044 786 4092; x_wconf 79' lang='lat' dir='ltr'><strong>deseri·</strong></span> <span class='ocrx_word' id='word_1_281' title='bbox 831 4044 956 4111; x_wconf 72' lang='lat' dir='ltr'><strong>gestandi,</strong></span> <span class='ocrx_word' id='word_1_282' title='bbox 969 4047 1012 4111; x_wconf 85' lang='lat' dir='ltr'><strong>qui</strong></span> <span class='ocrx_word' id='word_1_283' title='bbox 1026 4045 1133 4093; x_wconf 85' lang='lat' dir='ltr'><strong>moneris</strong></span> <span class='ocrx_word' id='word_1_284' title='bbox 1144 4034 1173 4091; x_wconf 70' lang='lat' dir='ltr'><strong>rc</strong></span> <span class='ocrx_word' id='word_1_285' title='bbox 1182 4040 1298 4091; x_wconf 83' lang='lat' dir='ltr'><strong>beneficii</strong></span> <span class='ocrx_word' id='word_1_286' title='bbox 1310 4044 1346 4089; x_wconf 84' lang='lat' dir='ltr'><strong>mi</strong></span> 
     </span>
     <span class='ocr_line' id='line_1_37' title="bbox 273 4119 1347 4189; baseline 0 -21"><span class='ocrx_word' id='word_1_287' title='bbox 273 4119 311 4169; x_wconf 82' lang='lat' dir='ltr'><strong>bit</strong></span> <span class='ocrx_word' id='word_1_288' title='bbox 324 4120 386 4169; x_wconf 84' lang='lat' dir='ltr'><strong>int&#39;re</strong></span> <span class='ocrx_word' id='word_1_289' title='bbox 398 4120 440 4169; x_wconf 85' lang='lat' dir='ltr'><strong>lib.</strong></span> <span class='ocrx_word' id='word_1_290' title='bbox 446 4123 479 4180; x_wconf 76' lang='lat' dir='ltr'><strong>V,</strong></span> <span class='ocrx_word' id='word_1_291' title='bbox 491 4138 546 4186; x_wconf 85' lang='lat' dir='ltr'><strong>oep.</strong></span> <span class='ocrx_word' id='word_1_292' title='bbox 559 4124 599 4172; x_wconf 78' lang='lat'><strong>³3.</strong></span> <span class='ocrx_word' id='word_1_293' title='bbox 831 4136 877 4174; x_wconf 81' lang='lat' dir='ltr'><strong>est.</strong></span> <span class='ocrx_word' id='word_1_294' title='bbox 889 4126 981 4173; x_wconf 65' lang='lat' dir='ltr'><strong>&amp;neus</strong></span> <span class='ocrx_word' id='word_1_295' title='bbox 1004 4125 1124 4189; x_wconf 81' lang='lat' dir='ltr'><strong>equestris</strong></span> <span class='ocrx_word' id='word_1_296' title='bbox 1142 4123 1278 4173; x_wconf 72' lang='lat' dir='ltr'><strong>sostenium</strong></span> <span class='ocrx_word' id='word_1_297' title='bbox 1297 4133 1347 4169; x_wconf 82' lang='lat' dir='ltr'><strong>erat</strong></span> 
     </span>
    </p>
   </div>
   <div class='ocr_carea' id='block_1_4' title="bbox 0 0 1592 4770">
    <p class='ocr_par' dir='ltr' id='par_1_7' title="bbox 0 0 1592 4770">
     <span class='ocr_line' id='line_1_38' title="bbox 0 0 1592 4770; baseline 0 2"><span class='ocrx_word' id='word_1_298' title='bbox 0 0 1592 4770; x_wconf 95' lang='lat' dir='ltr'><strong> </strong></span> 
     </span>
    </p>
   </div>
  </div>
 </body>
</html>
