3148 4780
366 421 422 490 ru
446 417 665 488 vennam
689 417 797 486 ior.
823 415 881 501 11,
905 416 998 485 tm.
1021 417 1063 484 ν.
1175 374 1244 510 437

185 542 257 615 hoc
282 539 519 640 providerim,
538 552 582 609 ut
600 538 771 609 varietate
796 536 988 608 criminum
1006 560 1071 608 vos
1090 548 1248 607 attentos

79 640 86 659 “
184 665 364 737 tenerem,
381 645 688 747 quemadmodum
705 645 750 718 de
767 660 866 717 tanta
879 669 919 716 re
936 643 1077 717 dicam?
1095 648 1248 744 Opioor,

184 782 281 830 unus
295 756 441 844 modus,
463 772 574 854 atque
591 780 664 827 una
679 756 771 826 ratio
789 769 852 827 est.
871 759 962 826 Rem
983 755 1021 825 ‘m
1043 753 1162 825 medio
1179 780 1247 852 po·

185 892 287 955 nam,
305 892 386 964 qnae
399 881 540 938 tantum
554 863 666 948 habet
673 867 751 962 ipsa
758 864 955 961 gravitatis,
967 878 1010 935 ut
1019 887 1139 960 neque
1151 887 1245 949 mea,
1302 902 1305 915 ·

187 1002 268 1075 quae
290 977 388 1049 nulla
404 973 497 1063 est⁶,
518 1000 638 1073 neque
663 975 897 1071 cujusquam,
915 971 962 1044 ad
976 971 1250 1043 inflammandos

185 1100 323 1158 vestros
341 1090 495 1174 animos,
508 1086 715 1182 eloquentia
730 1087 946 1181 requiratur.

233 1196 368 1268 Gavius
386 1195 463 1279 hic,
487 1219 597 1291 quem
627 1192 754 1281 dico⁷,
782 1197 963 1280 cosanus,
985 1217 1100 1291 quum
1123 1193 1186 1264 illo
1209 1194 1249 1263 in

185 1328 339 1376 numero
358 1303 405 1375 ab
422 1307 495 1379 isto
513 1306 550 1374 in
570 1303 714 1376 vincula
732 1303 918 1398 conjectus
938 1318 1050 1392 esset,
1074 1316 1110 1375 et
1127 1307 1248 1376 nescio

185 1436 258 1509 qua
277 1415 416 1484 ratione
434 1411 561 1495 clame
578 1412 762 1483 lautumiis
777 1408 1013 1509 prodegisset,
1029 1415 1249 1485 Messanam·

187 1546 260 1618 que
278 1524 454 1607 venisset3
472 1525 539 1618 qui
558 1544 679 1619 prope
690 1521 762 1614 jam
779 1520 917 1592 Italiam
941 1536 985 1593 et*
998 1524 1132 1594 moenia
1153 1523 1248 1594 Rhe·

186 1626 378 1726 ginorum⁸
393 1628 551 1715 videret,
567 1643 663 1701 etex
679 1629 741 1698 illo
759 1643 859 1699 metu
876 1631 1001 1701 mortis
1016 1655 1058 1703 ac
1072 1632 1249 1721 tenebris,

187 1741 291 1836 quasi
304 1738 384 1810 luce
396 1737 589 1826 libertatis,
605 1753 642 1810 et
654 1735 901 1835 odorealiquo
916 1738 1037 1836 legum
1051 1758 1249 1829 recreatus,

186 1849 392 1937 revixisset3
421 1846 526 1943 loqui
540 1852 711 1918 Messanae
727 1850 855 1943 coepit,
878 1861 914 1918 et
933 1851 1058 1945 queri,
1079 1876 1118 1922 se
1135 1854 1250 1924 civem

186 1980 380 2033 romanum
409 1960 447 2026 in
471 1955 707 2030 uincrdaesee
730 1956 934 2061 conjectum
946 1984 961 2045 ;Ι
977 1958 1047 2030 sibi
1069 1975 1165 2031 recta
1182 1965 1252 2041 iter

188 2090 265 2139 esse
285 2072 458 2154 Romam,
483 2066 587 2136 Verri
606 2088 644 2136 se
665 2080 795 2162 praesto
810 2064 1036 2138 advenienti⁹
1050 2067 1224 2141 futurum.

234 2182 341 2257 LXII.
379 2181 464 2249 Non
504 2174 726 2272 intelligebat
761 2176 895 2259 miser,
931 2176 1022 2247 nihil
1053 2179 1251 2267 interesse,

186 2301 311 2360 utrum
332 2286 409 2361 haeo
434 2289 627 2372 Messanae,
655 2309 704 2355 an
726 2281 823 2380 apud
848 2284 964 2381 ipsum
991 2287 1050 2356 ἰιιΣ
1080 2291 1250 2385 praetorio

187 2398 407 2494 loqueretur.
427 2396 538 2482 Nam,
563 2408 608 2465 ut,
625 2407 709 2465 ante
731 2417 796 2463 vos
818 2391 944 2478 docui,
965 2392 1059 2466 hano
1087 2395 1163 2467 sibi.
1183 2401 1250 2468 iste

189 2506 319 2579 urbem
331 2505 532 2601 delegerat,
546 2527 654 2599 quam
669 2501 820 2574 haberet
831 2501 1041 2598 adjutricem
1058 2505 1251 2592 scelerum,

189 2614 369 2689 furtorum
394 2613 648 2712 receptricem,
677 2610 892 2709 flagitiorum
915 2614 1077 2685 omnium
1105 2621 1251 2697 sociam.

190 2731 316 2821 Itaque
337 2724 383 2796 ad
401 2726 646 2820 magistratum
660 2725 915 2794 Mamertinum
927 2725 1046 2795 statim
1059 2724 1252 2798 deducitur

190 2838 349 2924 Gavius,
364 2858 481 2931 eoque
502 2835 583 2932 ipso
603 2831 661 2913 die
677 2855 761 2905 casu
776 2836 976 2905 Messanam
994 2835 1091 2904 venit
1112 2837 1250 2909 Verres.

228 3038 255 3087 6.
277 3039 310 3093 Ut
321 3052 399 3101 neque
411 3053 483 3097 mea,
500 3054 556 3103 quer
567 3036 638 3086 nulla
648 3049 697 3097 est,
742 3039 867 3103 prolude,
888 3054 931 3086 eeu
947 3038 1085 3103 preparatio
1103 3039 1250 3090 animorum.

194 3131 272 3182 neque
289 3115 445 3181 cujusquam,
461 3114 499 3163 ad
513 3115 699 3184 inflammandos
742 3119 797 3165 Jnru
807 3118 895 3181 incipit
907 3116 1023 3165 narratio.
1128 3175 1132 3189 ¹

192 3206 287 3243 vestm
294 3194 402 3253 animos,
411 3193 547 3258 eloquentia
553 3193 698 3257 requiratur.
779 3197 803 3244 d.
812 3195 982 3261 Rheginomm.
992 3197 1063 3246 Civee
1072 3200 1165 3246 romam
1174 3210 1251 3249 erant.

193 3276 225 3324 Et
233 3273 264 3321 ad
274 3273 340 3321 buno
350 3272 435 3320 locum
444 3282 468 3319 et
477 3271 561 3319 adalia
570 3271 622 3319 lora
633 3272 699 3332 eina·
742 3274 796 3322 Lib.
805 3276 850 3336 tv,
858 3291 912 3340 cap.
925 3291 965 3323 rr.
974 3278 1057 3339 ltaque
1065 3277 1164 3337 Garine,
1175 3295 1250 3343 quum

193 3351 262 3403 modi
271 3352 346 3400 multa
356 3352 382 3399 in
393 3352 510 3401 Cicerone
518 3386 526 3411 ,
534 3351 616 3397 animo
625 3359 700 3398 atten·
743 3368 827 3402 eormn
839 3355 928 3402 moenia
939 3353 1050 3414 videret,
1063 3371 1089 3403 ae
1099 3356 1150 3418 jam
1164 3360 1250 3406 Rome

194 3432 253 3481 dant
263 3432 346 3491 velim,
360 3430 404 3494 qni
413 3431 554 3488 Ciceronem
563 3438 591 3476 ut
599 3428 700 3476 nimium
744 3446 795 3481 eaae
806 3433 977 3482 arbitrabatur.

193 3512 233 3560 aui
248 3511 391 3571 iactatorem
403 3520 491 3558 temere
508 3506 699 3572 reprehendunt.
779 3527 803 3574 9.
825 3512 897 3559 Verri
905 3528 931 3560 ee
948 3522 1039 3576 praesto
1052 3511 1198 3567 adrerientr'.
1213 3514 1255 3561 Ad

194 3592 243 3638 Rea
255 3589 376 3654 quidemn
389 3604 414 3637 ae
425 3599 502 3653 gatae
511 3586 700 3636 nonmedioeri·
743 3605 799 3637 enm
815 3590 975 3638 aocnaandum
995 3591 1139 3652 majestatie,
1154 3602 1255 3655 propter

195 3679 232 3716 ter
251 3669 339 3733 rupina
356 3668 489 3735 predicat,
502 3680 527 3717 er
539 3683 589 3715 oon
602 3665 700 3729 quidem
746 3668 898 3730 civitatiajne
908 3669 1037 3726 violatum,
1054 3679 1079 3717 et
1089 3668 1120 3715 ad
1132 3669 1253 3718 eloiaoen·

195 3751 247 3798 n'ne
255 3765 325 3797 eausa
332 3784 339 3806 ‚
346 3760 372 3797 at
381 3748 470 3812 ingenii
480 3748 549 3796 dotet
557 3759 581 3796 et
589 3745 704 3810 eloquen-
747 3747 805 3796 dom
819 3749 918 3808 injuriae
927 3762 982 3795 anae
992 3746 1058 3811 apud
1066 3746 1161 3807 judicer
1172 3762 1220 3813 ope
1229 3761 1254 3800 et

195 3828 254 3875 tiam
266 3842 333 3874 enam
353 3841 473 3889 nmquam
490 3824 638 3886 jaetat‚aed
651 3839 703 3870 eam
747 3825 936 3890 anxiliolegum.

196 3905 279 3968 potine
291 3904 411 3969 deprimit.
419 3903 477 3952 vid
491 3902 596 3965 Quintil.
611 3902 641 3949 de
653 3900 702 3949 hoo
783 3908 860 3954 tht.
876 3922 900 3955 1.
916 3907 945 3952 ln
954 3903 1081 3968 praetonb.
1103 3905 1151 3952 nte
1169 3906 1255 3957 domna

197 3993 339 4045 argomento
350 3984 401 4031 fure
414 3982 585 4039 deserentem,
597 3980 640 4028 lib.
650 3982 703 4042 xl,
745 3985 902 4049 intelligitur,
915 3986 942 4031 in
955 3998 1005 4047 qua
1013 3983 1127 4031 diversari
1140 3999 1255 4050 praetem

199 4076 253 4126 mp-
270 4077 362 4126 ηις.
377 4062 440 4124 673,
451 4061 491 4110 ed.
503 4062 581 4126 capp.
747 4065 874 4129 uolent-5·-
881 4054 977 4112 Utente
985 4079 1033 4112 aros
1045 4063 1125 4111 docui.
1135 4066 1254 4116 Eabraiua

237 4154 261 4201 7.
275 4137 363 4187 Gavius
375 4139 414 4187 tic
426 4156 496 4204 qoem
507 4139 571 4189 dieo.
580 4142 703 4191 Hactenus
747 4144 865 4210 explieata
877 4143 929 4194 rid.
941 4142 985 4192 lib.
996 4145 1039 4202 tv,
1048 4158 1100 4208 rap.
1113 4144 1137 4193 8.
