3176 4770
378 397 433 466 IN
458 395 684 465 VERREM
709 395 819 463 Act.
843 395 900 475 11,
925 396 1023 463 LlB.
1050 397 1121 466 111.
1220 401 1285 485 143

217 542 339 615 neque
372 542 417 589 ex
446 517 557 588 ternis
586 513 740 587 denariis
770 514 929 613 pendere
959 517 1120 604 crimen,
1148 520 1213 592 sed
1239 546 1284 593 ex

218 629 428 701 coauctioue
450 651 604 698 annonae
615 638 644 712 ⁹,
666 641 775 724 atque
795 626 1050 698 aestimationis.

266 741 440 811 Lxxxlt.
459 739 603 809 Etenim
623 736 700 807 hice
723 736 910 807 aestimatio
933 752 1016 808 nata
1036 752 1111 826 est,
1126 738 1284 834 judices,

218 854 342 938 initio,
360 875 436 921 non
454 875 498 920 ex
517 862 712 947 praetorum
735 862 797 918 aut
818 846 1031 931 consulum,
1055 847 1119 919 sed
1140 875 1183 920 ex
1207 876 1286 924 ara·

219 972 339 1031 terum
365 973 475 1057 atque
503 960 687 1030 civitatum
716 955 922 1029 commodo.
949 959 1066 1028 Nemo
1088 960 1185 1030 enim
1216 960 1285 1033 fuit

217 1069 321 1140 initio
346 1085 419 1141 tarn
441 1069 651 1168 impudens,
679 1069 761 1165 qui,
784 1090 897 1163 quum
925 1064 1149 1139 frumentum
1174 1069 1284 1144 dehe-

216 1196 335 1271 retur,
353 1186 546 1280 pecuniam
569 1195 756 1279 posceret:
775 1193 873 1251 certe
892 1178 963 1251 hoc
981 1177 1026 1250 ab
1047 1195 1188 1254 aratore
1208 1189 1283 1281 pri·

214 1316 317 1362 mum
337 1307 392 1363 est
411 1290 633 1390 profectum,
653 1303 716 1361 aut
738 1288 784 1360 ab
806 1313 847 1359 ea
870 1289 1029 1376 civitate,
1053 1291 1112 1362 cui
1132 1295 1285 1391 impera·

214 1400 343 1472 batur¹
357 1430 365 1472 ε
380 1425 495 1499 quum
509 1416 572 1472 aut
585 1398 810 1471 frumentum
820 1396 1053 1485 vendidisset,
1068 1415 1284 1479 autservare

214 1511 341 1598 vellet,
358 1526 420 1583 aut
437 1515 475 1582 in
499 1534 582 1581 eum
602 1510 743 1594 iocum,
765 1533 840 1606 quo
860 1509 1116 1608 imperabatur,
1136 1529 1281 1611 portare

216 1620 346 1708 nollet,
365 1624 491 1720 petivit
509 1623 546 1689 in
562 1617 729 1691 beneficii
749 1619 846 1706 1000,
863 1635 900 1691 et
917 1624 1057 1717 gratiae,
1075 1638 1116 1695 ut
1132 1623 1201 1695 sibi
1217 1650 1283 1723 pro

152 1757 159 1771 ·
214 1727 421 1816 frumento,
437 1730 589 1827 quanti²
605 1727 826 1799 frumentum
846 1745 959 1815 esset,
979 1728 1064 1802 dare
1081 1731 1213 1806 liceret.
1229 1740 1282 1808 Ex

215 1838 424 1934 hujusmodi
438 1841 626 1938 principio,
645 1853 754 1936 atque
773 1864 818 1910 ox
835 1838 1070 1912 liberalitate³
1089 1859 1200 1942 atque
1220 1871 1280 1918 ac·

213 1951 506 2023 commodatiooe
541 1952 836 2047 magistratuum,
870 1951 1097 2024 consuetudo
1128 1959 1281 2027 aestima-

190 2058 193 2063 ’
213 2064 322 2134 tionis
338 2060 545 2133 introducta
560 2073 624 2132 est.
642 2062 792 2156 Sequuti
807 2075 893 2130 sunt
907 2062 1087 2132 avariores
1100 2066 1285 2160 magistra-

213 2188 289 2244 tus:
304 2174 367 2268 qui
380 2187 499 2243 tamen
511 2173 548 2241 in
561 2172 705 2242 avaritia
718 2194 782 2241 sua
796 2194 869 2240 non
885 2172 1003 2241 solum
1019 2175 1116 2242 viam
1126 2188 1283 2269 quaestus

212 2284 448 2366 invenerunt,
470 2281 721 2352 verumetiam
741 2280 877 2351 exitum
900 2303 941 2350 ac
962 2282 1137 2351 rationem
1159 2282 1283 2355 defen·

212 2394 333 2464 sionis.
360 2393 601 2462 Instituerunt
636 2376 778 2487 semper
809 2389 855 2459 ad
880 2389 1031 2461 ultima⁴
1064 2415 1105 2461 ac
1137 2391 1281 2466 difficit-

211 2503 296 2574 lima
318 2502 362 2574 ad
388 2498 634 2601 portandum⁵
654 2500 732 2572 loca
752 2498 976 2571 frumentum
997 2504 1195 2600 imperare,
1216 2521 1280 2593 ut,

209 2628 366 2686 vecturae
387 2611 614 2699 difficultate,
638 2608 684 2681 ad
712 2635 822 2708 quam
849 2611 982 2683 vellent
1006 2616 1280 2688 aestimationem

211 2726 451 2821 pervenirent.
478 2728 521 2793 In
552 2721 623 2794 hoc
648 2745 780 2819 genere
802 2718 940 2792 facilior
964 2737 1019 2792 est
1043 2726 1280 2810 existimatio,

211 2858 321 2931 quam
342 2835 597 2932 reprehensio,
615 2831 719 2921 ideo,
737 2830 840 2930 quod
861 2855 967 2914 eum,
992 2835 1056 2928 qui
1079 2832 1150 2905 hoc
1175 2833 1283 2924 facit,

212 2968 357 3014 avarum
383 2968 574 3042 possumus
605 2943 832 3029 existimare,
858 2941 997 3011 crimen
1017 2943 1054 3011 in
1076 2966 1121 3013 eo
1145 2950 1279 3016 consti-

211 3193 263 3225 nno
277 3177 381 3224 sumitur
392 3177 440 3224 hoc
455 3175 519 3224 ioco.
530 3175 591 3222 Nam
604 3174 662 3223 elias
679 3191 719 3224 re·
800 3176 825 3222 3.
836 3176 878 3221 Ex
895 3174 1052 3223 liberalitate.
1063 3177 1101 3224 Ex
1114 3177 1189 3226 nimia
1200 3178 1279 3226 facili·

211 3272 266 3305 rnrn
276 3259 384 3304 omnium
394 3255 425 3303 ad
438 3254 529 3302 victum
539 3255 721 3318 pertinentium,
764 3264 814 3302 tate
827 3263 972 3317 pratorum,
982 3255 1025 3318 qni
1035 3271 1062 3302 se
1081 3254 1113 3303 ad
1126 3254 1223 3305 illorum
1233 3274 1278 3306 vo·

210 3335 253 3384 ced
267 3335 369 3384 maxime
385 3334 419 3382 rei
432 3334 595 3381 frumentariae
614 3346 721 3397 proven·
763 3331 881 3379 luntatetn
893 3331 1149 3383 accommodaverunt.

209 3427 261 3465 tntn
274 3431 380 3465 annuum
399 3410 526 3479 significat.
800 3419 824 3467 t.
836 3410 880 3458 Ad
891 3409 987 3460 ultima.
1007 3411 1055 3459 Ad«
1064 3423 1171 3462 extrema
1182 3417 1279 3478 proriu-

245 3510 270 3559 9.
284 3498 406 3543 Annona.
424 3495 555 3542 uncum
568 3501 662 3539 veteres
674 3505 721 3554 pro
763 3492 864 3538 &aare
875 3491 929 3538 loon
937 3525 946 3551 ,
955 3500 979 3539 et
986 3506 1037 3555 quo
1048 3491 1199 3542 difficillime
1209 3505 1279 3543 erant

209 3573 255 3623 dea
265 3574 401 3623 coluerunt.
414 3572 526 3620 Declarat
538 3569 667 3636 inscriptio
680 3582 722 3617 re·
763 3569 965 3618 nerum-Ad
974 3571 1133 3634 ponendam.
1146 3572 1181 3620 Ut
1193 3589 1222 3621 ee
1235 3588 1278 3619 ve·

209 3664 249 3701 tus
263 3653 326 3702 dive
339 3656 451 3703 Annona
459 3650 526 3716 apud
532 3650 606 3700 Voss.
619 3650 645 3697 io
656 3650 720 3714 my·
764 3660 841 3697 mnrae
852 3647 999 3698 difficultate
1011 3651 1109 3699 territos
1125 3660 1233 3698 aratore·
1247 3650 1280 3698 ad

208 3734 267 3784 moi.
277 3743 302 3781 et
312 3739 425 3782 Annona
431 3744 521 3781 saneta
537 3730 604 3796 apud
621 3732 720 3780 Gruter.
765 3743 831 3786 um,
847 3744 919 3792 qnam
933 3729 1219 3789 vellent,eonditionem
1229 3730 1282 3779 sire

208 3814 322 3878 paptr.
764 3806 949 3855 aestimnonem
966 3807 1117 3857 adducerent
1137 3823 1145 3856 t
1169 3819 1194 3857 et
1219 3811 1283 3859 unu

241 3891 458 3941 tumaces
467 3889 721 3956 immunesque
763 3885 861 3935 motio·
878 3886 1005 3950 tingnloe,
1024 3886 1110 3950 quanti
1123 3885 1213 3935 vellent
1231 3888 1282 3953 ipsi

207 3972 354 4023 immeritum
371 3971 522 4037 exigebatur.
764 3979 895 4032 pretores,
915 3965 1039 4015 mirarem
1050 3976 1076 4014 et
1088 3967 1247 4017 estimarent.

244 4067 268 4101 2.
283 4050 384 4117 Qiraota
395 4050 501 4100 Tantam
514 4048 720 4116 pecuniam·
801 4048 826 4096 t.
842 4044 1012 4109 stritthem,
1031 4046 1281 4112 Iocandpormdm

210 4130 228 4176 ti
243 4140 300 4179 tunc
315 4131 461 4179 frumentum
472 4126 686 4177 conrumlicerst.
756 4123 795 4188 fr.
807 4125 865 4190 inp.
880 4126 945 4174 m.
958 4126 984 4174 L.
