3186 4772
347 378 418 453 306
667 376 716 445 Μ.
740 376 780 445 Τ.
806 374 1084 445 CICERONIS

341 503 392 575 de
404 507 537 573 Verre:
558 495 632 583 dic,
650 520 793 594 quasso,
813 493 1024 592 quomodo?
1040 496 1148 584 Qnon
1161 517 1276 565 ranna
1292 519 1406 569 nera

342 637 432 685 sorr
453 636 499 680 nn
519 612 560 680 C.
583 611 720 679 Vrsae.
745 603 842 695 Quid
864 619 989 703 postea
1005 606 1181 701 scriptum
1196 605 1271 675 est?
1290 607 1405 695 Qun!

340 744 521 794 snrcsnsr
538 730 658 804 terro,
671 739 790 799 saone
807 737 1031 786 senrmrnu
1047 736 1209 784 nrcsnnr.
1225 713 1322 804 Quid
1335 713 1406 785 boc

340 833 420 904 esti
440 834 529 901 Sons
552 848 722 898 nncrrnn.
744 824 1022 914 Quamobrem?
1043 847 1154 895 nemo
1176 838 1252 894 erat
1273 823 1403 896 volun·

340 934 453 1013 tarius
478 937 643 1010 laudator
664 949 828 1033 praeturae
853 949 941 1021 tuae,
964 931 1135 1005 defensor
1157 933 1404 1031 periculorum

340 1065 511 1132 tuorum,
543 1045 740 1143 praesertim
769 1067 885 1141 quum
910 1045 1002 1113 inire
1026 1066 1046 1112 a
1071 1055 1225 1141 praetore
1253 1043 1404 1138 gratiam

339 1156 484 1258 posset?
495 1179 603 1227 nemo
616 1181 624 1224 :
638 1155 706 1252 ipsi
720 1152 769 1223 illi
783 1156 835 1223 tui
844 1153 1021 1239 convivae,
1031 1150 1240 1239 consiliarii,
1251 1152 1401 1240 conscii,

338 1269 447 1352 socii,
477 1263 631 1335 verbum
661 1261 779 1334 facere
809 1286 886 1334 non
917 1260 1109 1334 audebant.
1137 1266 1178 1332 In
1205 1285 1278 1358 qua
1303 1262 1403 1332 curia

337 1390 454 1448 statua
468 1390 530 1446 tua
546 1370 679 1459 stabat,
692 1387 729 1444 et
743 1371 841 1443 nuda
855 1371 938 1453 filii,
954 1373 992 1443 in
1009 1395 1051 1444 ea
1064 1396 1173 1443 nemo
1186 1369 1273 1458 fuit,
1290 1395 1421 1467 quem.

336 1510 383 1554 ne
402 1482 522 1554 nudus
546 1479 695 1580 quidem
719 1478 841 1553 fitius⁶
864 1483 902 1552 in
920 1480 1018 1553 nuda
1037 1482 1222 1580 provincia
1239 1504 1401 1552 commo·

337 1607 447 1663 reret.

383 1708 500 1799 Atque
518 1704 626 1772 etiam
641 1700 712 1770 boc
724 1723 783 1772 me
799 1698 951 1788 docent,
971 1699 1149 1797 ejusmodi
1169 1715 1400 1773 senatuscon-

335 1811 431 1882 sulto
454 1834 533 1882 sese
559 1809 684 1881 secisse
708 1807 971 1899 laudationem,
992 1826 1034 1882 ut
1056 1833 1184 1881 omnes
1202 1811 1401 1907 intelligere

335 1934 502 2018 possent,
516 1944 592 1991 non
608 1917 872 2006 laudationem,
891 1917 952 1990 sed
969 1921 1091 2017 potius
1107 1920 1310 1989 irrisionem
1324 1942 1401 1991 esse

333 2032 452 2117 illam,
471 2054 552 2127 quae
572 2029 920 2099 commonefacerem
940 2030 1042 2099 istius
1060 2042 1202 2125 turpem
1220 2026 1400 2099 calamito-

333 2164 483 2237 samque
503 2151 706 2236 praeturam.
724 2140 867 2208 Etenim
887 2139 1061 2236 scriptum
1079 2161 1156 2208 esse
1172 2137 1242 2223 ita,
1260 2135 1399 2226 «Quod

332 2248 399 2319 iste
425 2249 534 2345 virgis
559 2250 742 2318 neminem
770 2246 1002 2336 cecidisset»;
1027 2271 1140 2344 aquo
1159 2241 1398 2343 cognoscitis⁸

332 2355 574 2426 nobilissimos
603 2355 771 2428 homines
802 2371 912 2453 atque
942 2357 1257 2427 innocentissimos
1282 2358 1400 2427 securi

331 2488 409 2534 esse
434 2487 646 2560 percussos:
665 2466 805 2554 «Quod
823 2465 1012 2563 vigilanter
1037 2467 1257 2563 provinciam
1282 2465 1398 2537 admi-

334 2573 562 2659 nistrasset»;
587 2573 692 2667 eujus
721 2598 848 2645 omnes
872 2576 1010 2671 vigilias
1034 2579 1072 2645 in
1098 2579 1232 2673 stupris
1259 2592 1399 2648 constat

331 2679 588 2780 adulteriisque
611 2705 688 2753 esse
708 2699 951 2781 consumptas.
978 2691 1056 2756 Hoc
1078 2699 1198 2756 autem
1224 2687 1397 2784 scriptum

332 2793 458 2880 etiam,
486 2790 586 2889 quod
615 2789 776 2889 proferre
804 2817 879 2863 non
907 2793 1056 2866 auderet
1081 2817 1185 2882 reus,
1213 2810 1398 2866 accusator

331 2904 481 2973 recitare
506 2927 582 2971 non
607 2900 804 2986 desineret,
823 2902 963 2990 «Quod
989 2901 1179 2999 praedones
1204 2903 1331 2999 procul
1351 2902 1396 2973 ab

332 3011 448 3081 insula
472 3009 589 3080 Sicilia
611 3008 858 3107 prohibuisset
876 3017 1005 3083 Verres
1016 3039 1053 3098 »3
1068 3037 1162 3110 quos
1181 3015 1288 3083 etiam
1304 3015 1397 3084 intra

332 3124 588 3213 Syracusanam
608 3121 761 3191 insulam
776 3124 978 3220 recepisset.
996 3125 1085 3213 Quae
1103 3130 1338 3220 posteaquam
1353 3148 1397 3194 ex

333 3226 402 3296 illis
425 3230 601 3324 cognovi,
625 3226 769 3301 discessi
792 3255 874 3302 curn
902 3231 1011 3304 fratre
1032 3257 1052 3303 e
1072 3233 1188 3321 curia,
1210 3248 1270 3323 ut,
1290 3230 1397 3305 nobis

332 3334 563 3423 absentibus,
582 3339 611 3408 si
630 3337 719 3434 quid
737 3339 892 3431 vellent,
913 3341 1162 3413 decernerent.

365 3528 392 3576 6.
403 3527 572 3596 Nudnsfilius.
579 3530 634 3577 Jem
640 3529 729 3592 sepius
737 3540 838 3578 otrtnrm
883 3547 934 3579 non
943 3532 1045 3579 Verrem
1054 3532 1141 3580 ceteris
1150 3529 1331 3580 commendaret
1341 3547 1398 3596 gen·

330 3606 840 3673 lllamimpugnavit3bicverolilinuver
883 3609 967 3666 tibus,
988 3609 1032 3657 sed
1051 3620 1079 3658 nt
1098 3621 1173 3659 stam
1195 3621 1395 3668 monumentum,

329 3689 363 3736 ris
374 3689 501 3753 depingit,
513 3699 636 3752 tamqnam
656 3687 723 3735 omni
736 3702 782 3750 ops
795 3685 838 3733 de·
882 3689 1328 3754 quamturpis‚quamquemiseraejns
1337 3705 1396 3753 prae·

330 3769 487 3829 stitntnm‚et
505 3768 641 3816 necessario
658 3766 728 3814 etiam
750 3764 838 3813 vestitu
882 3776 935 3814 tura
948 3767 1045 3827 fuissem
1056 3768 1103 3831 ipsi
1116 3784 1144 3815 ea
1153 3767 1394 3832 adscribendqqno·

330 3857 460 3895 carentem.
473 3847 550 3895 Jocns
564 3846 606 3895 bio
619 3857 748 3909 anquene
767 3843 838 3892 multi
881 3858 935 3891 rum
947 3847 1069 3895 contraria
1083 3846 1239 3911 patravisset.

330 3938 382 3969 non
397 3924 562 3972 acutissimum
572 3924 719 3985 judicavere.
917 3924 944 3971 t.
956 3924 1113 3989 Cognoscitis.
1121 3925 1196 3974 Multi
1204 3923 1296 3972 habent
1304 3939 1396 3990 cogno·

366 4013 391 4054 7.
416 3999 696 4066 commonefaceremus
719 3997 838 4048 laudatio·
880 4001 1394 4067 sceeri,ntpotequnsitsequentiomtiono

329 4087 384 4119 nem
398 4090 466 4121 surm
480 4078 625 4140 Symensrni
638 4078 797 4141 disposuere,
811 4088 838 4127 ut
881 4091 1028 4130 sanaturus.
1044 4081 1092 4129 seu
1109 4092 1168 4132 nou
1181 4082 1233 4142 jam
1249 4079 1393 4142 jndicibus,

1506 2198 1580 2269 ..l

1574 2510 1577 2565 t
