3016 4774
732 294 741 329 l

373 398 879 431 mmmmm

536 631 1041 756 EXCURSUS
1085 634 1271 755 XIII

439 914 512 983 *AD
537 913 815 984 ORAIIONEM
839 911 930 981 PRO
954 910 1152 999 CAECINA,
1177 911 1278 983 CAP.
1301 913 1360 988 23.

779 1105 1016 1132 -θ--ι

404 1303 701 1373 Iurisconsultorum
716 1304 904 1368 auctoritati
914 1304 1121 1394 obtemperari
1137 1327 1201 1370 nott
1217 1322 1369 1396 oportere.
1383 1311 1417 1375 De
1448 1304 1450 1315 '

356 1410 664 1497 jurisconsultorum
677 1410 869 1475 auctoritate
882 1410 1083 1476 lastinianus
1095 1413 1141 1476 sic
1151 1413 1306 1500 loquitur
1326 1416 1362 1481 in
1373 1417 1414 1482 lb.
1441 1496 1448 1509 ,

358 1519 463 1583 Instit.
477 1516 558 1610 juris
574 1517 590 1579 1
604 1538 612 1581 :
629 1518 818 1604 «Responsa
830 1514 1032 1603 prudentum
1046 1533 1123 1581 sunt
1136 1519 1312 1585 numetis
1322 1539 1356 1587 et
1365 1547 1416 1611 op

358 1625 472 1687 niones
488 1643 619 1704 eorum,
638 1621 758 1710 quibus
773 1622 967 1710 permissum
986 1638 1056 1687 erat
1071 1623 1145 1705 jum
1164 1622 1339 1693 condere:
1359 1653 1416 1693 nan
1441 1648 1450 1661 '¹

356 1728 538 1815 antiquitus
555 1729 772 1793 constitutum
789 1743 871 1808 emt,
888 1742 926 1791 ut
941 1744 1051 1792 essent
1069 1724 1126 1815 qui
1141 1729 1215 1809 jura
1231 1731 1369 1818 publice
1381 1736 1417 1797 in·
1441 1766 1450 1799 ε

356 1848 611 1922 terpretarentur
622 1854 631 1895 z
643 1831 763 1919 quibus
774 1853 794 1894 a
807 1832 930 1895 Caesare
940 1831 993 1912 jus
1003 1831 1224 1919 respondendi
1237 1834 1355 1902 datum
1367 1857 1416 1905 est.

355 1940 413 2029 qui
426 1936 648 2020 jurisconsulti
661 1934 924 2024 appellabantur3
940 1959 1083 2024 quorum
1098 1939 1250 2003 omnium
1263 1944 1417 2008 sententie
1449 1964 1450 1971 ¹

356 2062 390 2111 et
403 2045 574 2134 opiniones
587 2065 658 2107 eam
676 2040 902 2106 auctoritatem
915 2042 1087 2125 tenebant,
1106 2061 1144 2107 ut
1158 2043 1262 2124 judici
1281 2048 1417 2113 recedere

354 2175 373 2215 a
392 2172 549 2238 responso
569 2171 683 2214 eorum
705 2170 772 2213 non
792 2144 927 2212 liceret
945 2163 984 2211 ut
1003 2165 1052 2213 est
1073 2150 1323 2215 constitutum·
1340 2155 1417 2218 :mr
1449 2174 1450 2181 ¹

353 2258 417 2321 ille
434 2255 550 2343 Neque
565 2255 630 2318 hoc
644 2253 762 2317 mirum
780 2253 931 2343 cuiquam
947 2252 1049 2316 videri
1068 2252 1215 2338 debet,
1201 2279 1335 2344 quum
1349 2284 1450 2383 pre·
1447 2230 1450 2303 l

354 2360 464 2435 sertim
481 2360 630 2424 homines
647 2357 839 2446 plerumque
866 2357 916 2444 (ut
930 2358 1153 2440 Quintilianus
1172 2363 1305 2451 scribit)
1336 2340 1448 2431 indo·

353 2468 397 2531 cti
406 2486 513 2551 ,saepe
526 2462 622 2527 etiam
633 2462 761 2544 rustici,
770 2461 894 2542 judices
906 2461 1108 2528 darentur·
1099 2482 1174 2548 :,et
1190 2484 1227 2531 ut
1237 2469 1322 2534 alibi
1337 2489 1420 2536 testa

353 2587 418 2650 tur,
431 2600 444 2624 a
453 2590 529 2632 rure
545 2567 640 2631 etiam
653 2567 844 2656 plerumque
858 2585 1098 2634 arcesserentur
1107 2601 1120 2626 ιι
1134 2593 1142 2635 :
1160 2573 1357 2652 cujusmodi
1368 2595 1420 2641 uer

353 2678 406 2742 isti
420 2679 554 2741 fortasse
567 2690 809 2763 recuperatores
823 2675 958 2737 fuerunt
975 2698 983 2738 :
1002 2696 1085 2764 quos
1104 2676 1234 2757 Cicero,
1254 2702 1420 2771 nunquan

281 2853 286 2863 ,
350 2807 428 2849 sane
439 2782 531 2848 valde
547 2778 726 2844 honorilice
736 2779 914 2867 appellavit.
933 2781 950 2844 J
953 2778 1061 2845 udices
1077 2803 1155 2871 ergo
1171 2782 1267 2850 istius
1281 2791 1419 2877 generis.

351 2890 493 2978 imperiti
506 2886 673 2971 homines,
687 2886 753 2947 fere
771 2883 812 2948 ad
824 2884 1075 2964 jurisconsultos
1091 2889 1356 2979 confugiebant,
1374 2894 1421 2982 qui

352 3018 410 3060 sua
427 2995 473 3059 eis
491 3014 646 3081 responsa
661 2990 779 3078 scripta
793 2989 924 3057 (labent.
940 2991 1142 3081 Pomponius
1152 2995 1216 3059 sub
1234 2998 1287 3062 tit.
1302 2999 1349 3064 de
1360 3001 1422 3064 Ori·

351 3100 426 3187 gine
441 3097 543 3179 juris:
558 3098 664 3173 «Ante
675 3111 822 3187 tempora
837 3097 973 3186 Augusti
989 3097 1118 3186 publice
1127 3093 1369 3189 ‘respondendi
1378 3106 1421 3187 jus

349 3227 454 3267 nonu
480 3200 679 3290 principibus
704 3200 841 3267 dabatur
862 3225 870 3268 :
894 3203 951 3267 sed
973 3204 1030 3292 qui
1058 3204 1208 3271 fiduciam
1234 3210 1420 3276 studiorum

348 3329 485 3389 suorum
498 3306 680 3389 habebant,
697 3307 941 3372 consulentibus
957 3309 1197 3397 respondebant
1213 3334 1222 3377 ι
1241 3337 1361 3405 neque
1378 3342 1422 3382 m·

348 3436 466 3503 sponsa
483 3412 596 3500 utique
610 3412 732 3500 signata
744 3408 878 3495 dabant,
892 3412 950 3478 sed
963 3415 1157 3503 plerumque
1162 3416 1342 3496 judicibus
1353 3425 1422 3513 ipsis

347 3520 533 3586 scribebant
552 3534 609 3583 aut
626 3518 837 3600 testabantur,
853 3519 911 3606 qui
929 3519 999 3584 illos
1015 3522 1261 3590 consuluerant„
1288 3528 1423 3593 Primus

317 3631 321 3635 ’
345 3629 387 3691 D.
399 3629 634 3714 Augustus,ut
646 3622 749 3703 major
753 3623 835 3702 juris
847 3624 1021 3689 auctoritas
1032 3626 1218 3709 haberetur,
1228 3635 1424 3709 constituit,

344 3750 383 3797 ut
397 3756 434 3796 ex
451 3729 642 3796 auctoritate
656 3726 726 3807 ejus
739 3724 974 3815 responderent
985 3760 1008 3793 ».
1020 3726 1122 3794 Porro
1133 3747 1247 3797 autem
1263 3752 1305 3799 ut
1319 3754 1425 3802 totam

340 3837 650 3916 jurisconsultorum
663 3832 823 3898 rationem
837 3832 978 3898 breviter
996 3835 1211 3924 explicemus,
1225 3838 1315 3905 illud
1330 3844 1426 3908 intel·

343 3941 399 4029 ligi
418 3958 564 4029 oportet,
578 3972 591 3997 «
601 3963 703 4028 quum
720 3941 773 4021 jus
789 3939 840 4027 (ut
854 3939 940 4004 idern
955 3941 1175 4023 Quintilianus
1189 3946 1325 4034 scribit)
1338 3934 1428 4014 aliud

343 4060 470 4109 certum
488 4060 588 4123 esset,
609 4044 766 4107 nimirum
783 4043 873 4129 quod
891 4046 1014 4133 scripto
1032 4064 1089 4111 aut
1110 4049 1260 4115 moribus
1283 4072 1428 4121 consts-

341 4166 392 4215 ret
413 4171 422 4213 ι
443 4146 532 4212 uliud
551 4146 707 4228 dubium,
732 4145 821 4234 quod
845 4150 1003 4237 requitatis
1028 4155 1139 4242 remila
1157 4158 1428 4228 examinandum
