3116 4774
341 412 410 484 508
658 418 706 484 Μ.
732 418 771 483 Τ.
797 415 1076 485 CICERONIS

339 537 368 605 si
381 535 437 604 via
454 535 499 605 sit
513 535 552 603 in
566 535 713 605 Bruttiis
730 535 938 620 immunita,
954 555 1076 628 agere,
1092 531 1124 602 si
1141 531 1242 619 velit,
1256 533 1410 626 jumen-

338 658 417 713 tum
436 667 501 740 per
518 647 567 713 M.
590 645 715 714 Scauri
735 643 990 714 Tusculanum.
1018 643 1121 712 Actio
1143 654 1198 710 est
1220 641 1258 709 in
1276 655 1411 710 aucto·

339 776 416 823 rem
433 749 669 849 praesentem³
683 752 740 824 his
752 750 886 840 verbis,
903 774 1193 836 Quuuuoouruuu
1205 774 1250 819 uu
1265 774 1308 820 ue
1320 775 1414 820 suun

340 886 532 934 cousruc10.
561 866 634 933 Huc
662 864 802 933 actione
830 867 970 960 Appius
999 860 1058 933 ille
1084 863 1220 932 omousi
1245 860 1304 930 uti
1332 884 1414 930 non

341 984 479 1067 posset,
492 968 538 1041 si⁵
556 985 628 1041 tum
645 995 769 1044 severe
785 971 950 1043 homines
968 970 1077 1042 verba
1094 983 1413 1057 consectarentur,

344 1076 406 1149 ut⁶
424 1104 523 1166 rem,
541 1079 644 1174 eujus
660 1105 766 1152 causa
781 1080 891 1153 verba
911 1094 1016 1170 sunt,
1031 1104 1106 1150 non
1118 1079 1408 1151 considerarent.

341 1192 569 1261 Testamento
594 1192 623 1262 si
647 1193 818 1263 recitatus
844 1189 949 1262 heres
971 1203 1064 1262 esset
1083 1188 1243 1287 pupillus
1264 1194 1410 1260 Corne·

342 1297 447 1387 tius⁷‚
468 1296 572 1396 isque
588 1300 662 1395 jam
681 1323 795 1370 annos
817 1325 865 1371 xx
883 1298 1053 1388 haberet3
1072 1296 1175 1368 vobis
1195 1301 1410 1395 interpreti-

340 1521 426 1575 utque,
444 1522 472 1559 ut
489 1509 576 1560 Strabo
591 1484 689 1570 sei-ibit,
706 1531 720 1552 ι
731 1510 758 1558 in
772 1510 850 1575 ipsius
892 1514 940 1560 rito
962 1508 1118 1559 conturbavit
1137 1508 1292 1556 doctissimos
1318 1508 1408 1555 vitoe:

341 1589 408 1636 urbis
426 1599 560 1652 conspeetu
572 1610 593 1636 n.
611 1590 670 1649 Ejus
686 1604 743 1653 eger
759 1591 850 1637 Tuscu·
892 1601 928 1638 est
941 1589 1005 1638 enim
1018 1587 1087 1635 velde
1099 1598 1257 1652 corruptum
1269 1586 1313 1634 nbi
1325 1597 1411 1634 tumen

340 1666 429 1724 laum
443 1666 469 1716 in
482 1682 547 1731 quo,
558 1678 587 1716 ut
599 1668 659 1716 tlibi
672 1667 793 1729 diximus,
808 1686 849 1717 ro·
892 1685 938 1732 ego
950 1668 1127 1716 viuuminum
1138 1665 1268 1713 literuesse
1279 1668 1366 1713 sentio
1377 1664 1410 1711 ob

1508 1100 1510 1245 t

340 1746 406 1793 meni
420 1746 485 1803 ciues
498 1745 568 1795 rilint
582 1747 704 1796 bubebent
716 1748 850 1796 emoenissi·
892 1746 1076 1796 similitudinem
1092 1748 1115 1791 V
1124 1754 1149 1792 et
1161 1746 1193 1801 A,
1205 1742 1239 1791 ob
1252 1761 1330 1807 quum
1344 1760 1412 1808 ape
1510 1742 1511 1749 ’

341 1841 410 1872 mes:
427 1826 849 1888 iuhisM.Seenrus,M.Cieero,
892 1841 905 1873 ι
923 1825 1028 1875 librariis
1047 1835 1241 1890 peeoetnmsoe
1258 1823 1357 1872 dom:
1375 1823 1410 1871 sie
1510 1850 1511 1859 κ

342 1905 376 1967 Q.
395 1905 553 1966 Hortensius,
571 1909 598 1954 L.
621 1907 749 1968 Lucullus,
766 1918 791 1954 et
808 1907 851 1953 elii
891 1904 966 1967 igitur
976 1905 1285 1954 scribamuSitumvere
1294 1902 1410 1950 homiues

341 1997 414 2046 quem
426 1984 506 2034 multi.
522 1986 599 2034 Porro
614 1995 695 2033 sutem
712 1984 755 2048 qni
769 1985 850 2045 viem,
891 1983 964 2032 verbs
975 1994 1180 2042 consectarentur,
1193 1998 1270 2048 quum
1281 1999 1351 2041 mur,
1365 1997 1409 2029 eu·

272 2106 281 2121 ,
340 2061 389 2111 hoo
408 2073 460 2124 est,
482 2065 622 2114 eervitutssn
648 2064 734 2122 debet,
756 2062 851 2111 munire
889 2063 930 2123 jus
943 2078 1013 2112 oense
1027 2062 1099 2111 verbe
1115 2072 1252 2124 enut,non
1265 2060 1409 2109 oonsidern·

343 2142 407 2190 vium
421 2142 508 2204 debet,
527 2146 692 2210 munitumque
706 2155 731 2192 et
742 2152 850 2208 pentum
893 2152 948 2190 rent
958 2162 970 2183 ι
981 2156 989 2191 :
1001 2140 1042 2189 bio
1051 2155 1111 2188 vere
1122 2139 1408 2202 valetbeue,1ects,ut

341 2221 457 2283 prebere.
468 2224 543 2287 Quod
551 2224 571 2272 si
581 2240 633 2274 nou
643 2225 740 2283 feeerit,
753 2233 805 2270 turn
815 2222 849 2281 ei,
892 2221 985 2271 Grecis
998 2217 1087 2275 ἀληθῶς
1101 2230 1139 2267 est
1151 2216 1235 2284 ὀρθῶς,
1248 2211 1360 2274 δικαίως.
1372 2243 1408 2254 -

244 2286 247 2297 ’
341 2302 382 2349 oui
395 2305 496 2351 servitus
510 2303 620 2362 debetur,
628 2304 667 2353 lex
679 2319 720 2351 ιιι
733 2302 851 2365 nbupo-
893 2299 983 2363 Recepi
1002 2309 1139 2353 auctorem,
1158 2296 1226 2360 quod
1239 2299 1316 2349 miror
1329 2306 1407 2361 repu-

342 2388 451 2428 mutem
470 2381 539 2439 teuit,
558 2397 606 2444 qne
624 2382 683 2429 velit
696 2383 851 2445 jumentum,
894 2379 971 2427 diusse
985 2380 1124 2427 Gruterum.
1142 2376 1182 2423 ste
1199 2375 1263 2423 enim
1278 2375 1368 2438 iegitur
1380 2374 1406 2420 in
1511 2406 1512 2423 i

342 2458 410 2520 quod
420 2457 557 2505 vehiculum
569 2459 657 2516 trehit,
670 2458 747 2523 sger'e.
762 2461 851 2508 Sensus
893 2459 955 2507 MSS
968 2457 1061 2505 Ersurt.
1079 2467 1104 2503 et
1117 2454 1229 2516 anoii,
1248 2455 1273 2500 iu
1286 2452 1407 2502 uediota·

342 2550 401 2596 ergo
418 2545 455 2581 est
473 2535 654 2597 apertissimus:
670 2537 696 2584 Si
710 2536 798 2597 verbe,
815 2540 852 2586 iu·
893 2536 963 2585 neusi
978 2533 1294 2599 antiquissimum,
1306 2544 1331 2581 et
1343 2533 1405 2581 cr·-
1511 2586 1512 2593 ,

343 2611 413 2675 quit,
438 2623 609 2675 sequerentur,
633 2631 687 2679 quse
706 2626 851 2680 potestatem
894 2615 975 2665 tundri
992 2613 1159 2663 editionibus:
1178 2623 1203 2660 et
1220 2613 1256 2659 sie
1272 2611 1318 2674 legi
1331 2610 1404 2672 jubet

342 2689 452 2749 fuciunt,
469 2700 497 2738 ut
510 2707 557 2755 que
574 2693 633 2742 velit
650 2694 672 2742 is
689 2694 731 2743 oui
749 2698 852 2743 servitus
894 2695 972 2753 ratio,
988 2704 1016 2742 ut
1030 2693 1115 2741 doenit
1126 2693 1307 2740 Hottomuuus
1317 2701 1342 2737 et
1356 2692 1403 2736 Fe·

343 2766 454 2830 debetur,
467 2772 488 2819 si
498 2772 536 2819 vie
547 2772 592 2821 ubi
604 2773 646 2822 ills
658 2773 761 2823 debetur
772 2775 852 2822 immi·
893 2773 945 2821 ber.
957 2775 1090 2823 Gustus
1103 2771 1143 2820 stc
1153 2780 1213 2819 vett.
1224 2772 1333 2818 Veneto.

342 2860 403 2897 nutu
415 2863 465 2909 est,
475 2851 612 2912 jumentum
623 2866 694 2919 eget:
712 2869 782 2919 egere
794 2854 852 2902 iice-
931 2860 956 2907 t.
977 2852 1031 2901 Hac
1045 2849 1144 2898 notione
1157 2848 1252 2914 Appius
1269 2848 1311 2897 itte
1327 2863 1407 2896 oaeetts

343 2940 381 2977 ret
404 2931 443 2979 vel
467 2947 511 2996 per
532 2934 719 2982 amoenissimum
742 2933 852 2997 quemvis
894 2930 933 2978 uti
948 2946 998 2978 uou
1011 2940 1103 2995 posset.
1122 2927 1197 2992 Quod
1212 2943 1292 2976 eoeous
1308 2929 1406 2989 injure

342 3025 443 3074 ugrum,
468 3011 546 3075 qualis
563 3023 601 3059 est
617 3028 673 3076 eger
690 3014 726 3061 Μ.
745 3011 849 3061 &suriz
895 3024 946 3057 non
967 3020 1050 3074 posset
1072 3008 1213 3073 conspicere
1232 3005 1404 3054 sdverssriunu

342 3103 415 3151 quum
436 3089 477 3137 iile
501 3090 664 3153 guvissimstu
681 3091 852 3140 contumelium
895 3091 1000 3138 Ptsesu.

343 3165 484 3214 sibit'uctens
494 3169 851 3234 interpretaretur:quumsgro
931 3170 955 3218 5.
973 3168 999 3216 Si
1015 3180 1065 3216 tum
1082 3182 1161 3215 severe
1172 3166 1404 3214 homiues...utrem

343 3242 387 3290 illo
400 3259 445 3291 suo
458 3244 520 3291 nihil
534 3262 613 3308 neque
623 3248 764 3310 jucundius,
774 3265 853 3312 neque
895 3248 963 3310 eujus
985 3263 1061 3296 eausa
1086 3245 1164 3294 uerba
1184 3256 1254 3302 suut,
1278 3255 1328 3293 etc.
1341 3242 1405 3291 Vide

342 3320 441 3368 suavius
453 3320 585 3384 quidquem
601 3323 697 3374 bubest.
711 3327 795 3387 Quum
809 3344 852 3375 uu·
895 3327 997 3376 Excute.
1006 3329 1032 3374 Ι
1042 3325 1074 3374 sd
1084 3324 1174 3372 celeem
1184 3324 1258 3385 hujus
1270 3334 1334 3371 oret.

344 3409 393 3447 tem
406 3398 432 3446 id
445 3399 485 3446 lex
504 3398 693 3464 dioit,dee1'us
705 3403 780 3451 solius
793 3422 852 3470 agro
930 3408 955 3454 6.
963 3404 1054 3454 Weisk.
1062 3400 1404 3467 sewatvulgquamuvu.

343 3479 430 3539 sentit,
448 3477 492 3544 qni
508 3481 648 3529 servitutem
669 3484 716 3531 viae
734 3484 851 3547 debebat,
931 3502 955 3546 7·
966 3484 1143 3533 Testamentosi
1150 3483 1264 3532 recitatus
1273 3482 1405 3531 heresesset

343 3575 414 3625 quum
424 3573 474 3607 uon
486 3558 629 3608 muniverat.
642 3561 762 3614 Horrore.
893 3564 999 3630 pupittus
1013 3562 1146 3612 eor-aetius.
1159 3564 1214 3611 Hoc
1227 3578 1317 3610 nomeu
1327 3576 1406 3609 exem·

379 3635 562 3688 Mutinensis
571 3650 694 3687 auctorem
696 3655 850 3705 praesentem.
896 3644 929 3708 pli
940 3658 1009 3689 ceusu
1019 3651 1080 3705 puto
1087 3640 1198 3706 usurpari
1207 3640 1307 3689 solitum
1316 3638 1405 3703 sjuris·

344 3720 476 3766 Auctorem
488 3727 552 3765 recte
565 3728 687 3781 reponunt
704 3719 745 3768 bio
761 3725 852 3771 Hotto·
896 3720 1027 3778 consultis,
1039 3720 1081 3785 qui
1093 3720 1200 3770 fortussis
1211 3719 1243 3768 ud
1255 3720 1332 3785 Iegem
1345 3718 1404 3766 Cor·

344 3812 464 3855 mmm,
483 3807 508 3845 ⁶1
527 3796 675 3859 lambiunt,
694 3810 718 3847 et
738 3817 767 3850 ex
787 3802 852 3851 notis
896 3801 984 3850 ueiiam
1005 3800 1036 3848 de
1060 3798 1218 3849 Testamentis
1239 3798 1348 3863 exemplu
1365 3796 1405 3844 illu

342 3875 433 3935 Probi,
450 3886 475 3923 et
493 3893 525 3924 ex
543 3876 631 3926 libris:
645 3877 764 3943 signifieat
776 3897 850 3940 enm,
894 3880 1121 3937 accommodsreut,
1145 3889 1172 3927 ut
1191 3879 1216 3925 in
1234 3878 1288 3943 iege
1306 3879 1357 3935 33,
1375 3875 1406 3923 de

343 3953 408 4000 unde
424 3954 446 4002 is
462 3956 505 4018 qni
521 3958 588 4019 egit,
604 3974 675 4006 suum
685 3961 725 4020 jus
743 3971 851 4025 repetere
895 3959 1048 4024 acquirenda
1060 3972 1085 4007 et
1097 3957 1235 4006 amittenda
1244 3956 1405 4022 possessione.

343 4041 438 4098 potest,
447 4032 495 4080 hoe
505 4045 542 4081 est
551 4035 627 4084 [suile.
637 4037 686 4085 Sed
695 4039 763 4101 quod
774 4038 851 4100 sequi·
894 4041 925 4087 Et
941 4040 967 4086 in
979 4040 1031 4103 lege
1045 4054 1070 4099 7,
1080 4054 1126 4102 pro
1142 4049 1255 4103 emptore.
1271 4040 1301 4085 Et
1314 4037 1338 4083 iu
1352 4035 1404 4099 lege

343 4110 569 4168 meusiumvere
578 4114 703 4171 homiues,
717 4127 764 4165 etc,
777 4131 851 4162 »rue-
896 4124 945 4178 49,
968 4117 999 4164 de
1020 4115 1164 4181 etsujntotu,
1190 4127 1218 4164 ut
1238 4117 1332 4165 mittem
1351 4115 1407 4164 elit.
