3176 4770
364 438 417 509 ru
442 436 659 506 vannum
683 432 792 504 scr.
815 435 870 520 11,
894 438 988 504 mn.
1011 438 1086 505 111.
1189 433 1255 533 159

196 557 437 643 consulibus9,
455 553 753 653 imperatoribus,
773 558 823 625 M.
850 556 1047 626 Antonium
1070 555 1253 656 delegisti,

197 682 234 737 et
257 668 335 761 ejus
357 690 470 737 unum
496 663 803 761 improbissimum
828 661 980 752 iactum,
1010 666 1110 762 quod
1135 670 1253 740 imita·

196 777 299 848 rere?
320 780 364 847 Et
386 775 445 846 hic
468 789 591 847 utrum
617 773 706 844 mihi
731 769 877 844 difficile
901 787 955 844 est
976 772 1113 863 dicere,
1133 800 1180 848 au
1197 778 1254 851 his

197 888 418 973 existimare,
432 887 480 955 ita
493 908 531 955 se
543 884 581 953 iu
594 882 657 954 ilio
670 882 810 954 infinito
824 886 978 982 imperio
993 889 1043 955 Μ.
1057 887 1254 959 Antonium

196 998 357 1087 gessisse,
370 1009 412 1066 ut
429 995 545 1065 muito
565 995 625 1064 isti
641 994 876 1091 perniciosius
895 996 941 1065 sit
957 993 1093 1082 dicere,
1114 1021 1151 1071 se
1165 1000 1204 1068 iu
1217 1023 1256 1073 re

195 1102 461 1202 improbissima
479 1102 632 1174 voluisse
651 1104 847 1174 Antonium
867 1105 1017 1189 imitari,
1031 1128 1140 1201 quam
1154 1108 1184 1178 si
1198 1108 1258 1179 de·

195 1212 342 1287 fondere
352 1225 384 1257 ¹⁰
398 1218 526 1311 possit,
545 1212 635 1284 nihii
651 1215 690 1285 iu
705 1215 776 1285 vita
797 1239 836 1286 se
850 1217 898 1285 M.
914 1217 1062 1286 Antonii
1075 1218 1191 1289 simile
1203 1217 1256 1290 ie·

195 1325 305 1395 cisse?
326 1327 499 1396 Homines
522 1326 560 1393 in
580 1323 726 1418 judiciis
747 1322 792 1394 ad
812 1328 947 1399 crimen
969 1323 1258 1413 defendendum,

196 1459 271 1507 arou
282 1487 292 1521 ,
305 1432 395 1531 quid
411 1431 536 1504 fecerit
549 1433 745 1528 quispiam,
764 1430 924 1529 proferre
941 1434 1080 1523 solent,
1093 1434 1156 1506 sed
1168 1436 1258 1532 quid

197 1542 411 1640 probantu.
434 1541 653 1625 Antonium,
671 1565 786 1635 quum
803 1541 916 1612 muita
935 1555 1060 1613 contra
1078 1546 1258 1615 sociorum

196 1653 369 1737 salutem,
385 1649 496 1721 muita
513 1664 640 1721 contra
657 1649 849 1720 utilitatem
864 1652 1129 1746 provinciarum
1149 1667 1185 1724 et
1204 1652 1258 1725 ia·

196 1776 295 1833 neret
320 1774 357 1830 et
380 1761 568 1856 cogitaret,
596 1760 634 1828 in
659 1758 789 1830 mediis
808 1758 886 1853 ejus
903 1759 1044 1855 injuriis
1064 1777 1101 1833 et
1120 1762 1258 1861 cupidi·

197 1869 330 1942 tatibus
353 1894 450 1941 mors
476 1870 667 1966 oppressit.
698 1871 752 1940 Tu
780 1867 889 1956 mihi,
916 1872 1018 1966 quasi
1040 1871 1118 1965 ejus
1136 1874 1259 1945 omnia

195 1979 287 2052 sacta
302 1994 411 2077 atque
428 1979 576 2050 consilia
588 1991 735 2050 senatus
749 1979 982 2076 populusque
994 2004 1166 2053 romanus
1181 1979 1259 2078 [ju-

195 2090 292 2163 dices
305 2088 357 2187 ¹²]
376 2086 720 2185 compmbarintita
732 2092 783 2159 M.
799 2090 946 2160 Antonii
966 2091 1134 2187 exemplo
1157 2092 1259 2162 istius

194 2196 379 2270 audaciam
398 2195 572 2270 defendis.

241 2312 350 2380 XCII.
372 2311 419 2381 At
436 2307 530 2379 idem
548 2304 635 2379 fecit
651 2305 856 2378 Sacerdos¹.
878 2308 1071 2381 Hominem
1084 2311 1258 2384 innocen·

194 2433 316 2490 temet
335 2442 476 2490 summa
494 2416 685 2515 prudentia
700 2414 889 2515 praeditum
904 2419 1086 2489 nominas:
1102 2419 1257 2493 sedtum

194 2527 289 2600 idem
316 2526 441 2601 fecisse
473 2529 541 2599 erit
567 2526 841 2615 existimandus,
867 2529 897 2599 si
921 2527 1077 2601 eodem²
1104 2533 1257 2623 consilio

194 2636 328 2711 iecerit.
353 2644 445 2712 Nam
471 2662 584 2735 genus
608 2638 849 2709 estimationis
877 2639 996 2736 ipsum
1020 2663 1041 2710 a
1065 2665 1124 2711 me
1150 2666 1254 2713 num·

193 2773 303 2843 quam
324 2765 379 2821 est
397 2748 683 2848 reprehensum:
711 2747 775 2819 sed
797 2748 876 2842 ejus
901 2750 1049 2845 aequitas
1072 2764 1255 2822 aratorum

193 2858 387 2931 commodo
412 2874 449 2931 et
472 2858 658 2930 voluntate
679 2857 926 2956 perpenditur.
951 2860 1034 2928 Non
1059 2873 1178 2955 potest
1201 2886 1258 2932 re-

230 3055 255 3101 9.
281 3038 483 3094 Proconsulibus,
505 3037 571 3103 apud
599 3039 700 3087 Gruter.
745 3038 795 3085 rius
818 3038 849 3086 ab
871 3038 982 3087 Antonio
1001 3039 1138 3104 exemplum
1155 3054 1255 3105 petere,

194 3121 275 3167 ὕην.
288 3116 319 3164 si.
332 3132 346 3163 e
357 3115 413 3163 cod.
425 3115 508 3163 Nenn.
744 3132 818 3180 reque
831 3116 898 3163 iilum
910 3117 1030 3166 imitatum
1042 3134 1094 3165 esse
1107 3120 1184 3167 fateri.

232 3214 273 3245 ιο.
286 3196 364 3259 Quam
373 3195 398 3242 σι’
403 3193 542 3259 defendere.
552 3197 631 3243 hone
640 3195 702 3243 mele
783 3210 824 3241 rr.
836 3195 886 3242 Sed
894 3195 957 3260 quid
960 3196 1080 3259 probarit.
1091 3197 1139 3245 Sed
1151 3198 1212 3262 quid
1221 3201 1256 3248 fe-

193 3278 311 3333 aiieotns,
323 3291 354 3322 ex
367 3289 418 3338 quo
431 3274 574 3322 minu-m
586 3274 650 3322 beno
659 3272 703 3321 eii·
744 3274 805 3322 uerit
814 3275 969 3336 hujusmodi,
981 3286 1011 3323 ut
1029 3278 1193 3325 morcinctum
1203 3281 1257 3327 exi-

194 3359 229 3406 oit
242 3355 380 3406 leubinus.
394 3353 464 3402 Verri
483 3352 561 3401 multo
581 3353 705 3418 pernicio·
746 3353 864 3403 edmerm.

192 3438 243 3485 eius
256 3449 293 3485 est
309 3436 378 3484 interi
396 3449 423 3482 ee
441 3436 466 3481 in
486 3448 513 3480 re
525 3432 703 3497 improbissime
785 3433 996 3496 ra.ludioes.Qni
1007 3435 1255 3501 suntjndiees.Qnod

193 3516 298 3564 voluisse
310 3513 448 3563 Antonium
459 3512 564 3574 imitari,
578 3528 651 3577 quem
668 3513 703 3560 fe·
746 3513 826 3576 friget.
843 3516 936 3562 Emere.
950 3517 1078 3579 expunxit.

192 3597 251 3658 ciie,
262 3610 334 3658 qnam
340 3591 456 3658 possibile
463 3591 581 3656 probare,
591 3594 611 3641 si
622 3603 702 3641 nmen
781 3592 863 3642 xcn.
881 3608 905 3641 ι.
920 3594 1044 3643 Sacerdos.
1058 3596 1108 3657 Qui
1125 3607 1217 3659 praetor
1229 3597 1255 3644 in

88 3670 90 3679 ¹
192 3675 342 3741 potestheuo
351 3674 516 3723 defensionem
529 3672 702 3735 tenure,nihil
745 3669 827 3718 Sicilia
841 3670 888 3718 fuit
898 3674 1009 3735 proxime
1022 3683 1079 3720 ante
1090 3675 1201 3722 Verrem.

192 3772 218 3804 ee
228 3756 256 3803 in
267 3756 317 3803 vita
331 3755 369 3803 M.
389 3752 500 3800 Antonio
512 3753 590 3801 simile
607 3752 700 3801 secisse.
781 3763 807 3796 a.
821 3748 914 3796 Eodem
925 3750 1032 3799 consitio.
1053 3752 1095 3798 Uti
1107 3751 1210 3813 Verres,
1226 3766 1256 3803 ut

193 3838 312 3884 Garaton.
324 3843 405 3881 autem
419 3845 426 3880 z
448 3831 498 3878 lies
510 3829 613 3879 Antonii
627 3842 700 3895 gestie
744 3843 775 3874 ex
793 3827 928 3875 aratoribus
939 3828 1099 3891 predaretur.
1121 3831 1178 3877 Non
1191 3832 1254 3880 enim

192 3928 241 3964 tare
250 3914 367 3979 improba
375 3912 487 3969 ionum,
499 3921 528 3958 nt
539 3910 702 3975 perniciosum
746 3906 838 3955 iactum
849 3907 927 3970 ipsum
941 3906 1107 3954 estimationis
1119 3920 1155 3957 est
1166 3910 1257 3979 impro-

193 3997 225 4041 eit
237 3993 380 4049 defendere,
398 4006 425 4038 re
437 3989 498 4037 ninii
511 3989 596 4038 seciam
607 3989 701 4047 simile,
745 3984 816 4042 bum,
834 3984 880 4032 nisi
892 4000 948 4032 cum
960 3996 1083 4033 aratorum
1098 3986 1256 4041 Incommodo

193 4090 269 4135 quum
289 4075 335 4122 hee
347 4072 384 4120 nti
400 4070 542 4118 defensione
558 4068 596 4117 rei
609 4069 699 4133 impro·
744 4081 773 4113 ac
788 4066 934 4114 detrimento
947 4065 1002 4113 fuir.
1022 4066 1180 4130 Nempehreo
1193 4076 1257 4121 esti.

193 4153 286 4201 bissini
304 4153 407 4217 poesim
425 4152 469 4198 Est
483 4160 564 4198 eutem
575 4150 700 4214 pernicio·
745 4146 820 4193 metio
838 4156 894 4194 nata
907 4157 944 4194 est
954 4145 1043 4209 initio,
1058 4162 1110 4194 non
1121 4165 1152 4197 ex
1169 4165 1256 4215 preto·
