3054 4772
304 394 376 470 652
627 396 676 463 M.
702 395 740 463 T.
767 393 1049 467 CICERONIS

303 529 488 603 exactum,
501 515 531 586 sl
546 515 611 613 qui
626 514 887 604 Cobiamacho,
903 516 1080 613 quiricus
1094 511 1385 585 interTolosam
1485 606 1486 615 ἵ

305 641 343 698 ct
362 624 573 697 Narbonem
593 639 663 713 est,
681 625 972 713 deverterentur,
990 644 1111 721 neque
1131 623 1308 698 Tolosam
1329 627 1389 694 ire

305 736 456 824 ¹vellent3
474 730 748 807 Elesiodolum⁵
765 749 908 806 tantum
931 758 1036 806 senos
1056 732 1228 804 denarios
1240 731 1291 803 ab
1308 732 1387 819 his,

305 849 370 943 qui
386 844 430 917 ad
453 842 624 918 hostem6
643 858 858 946 portarent,¹
872 845 1040 941 exegisse.
1063 841 1200 928 Video,
1214 841 1386 939 judices,

304 978 382 1028 esse
401 957 557 1043 crimen,
577 970 614 1027 et
634 979 767 1052 genere
787 957 866 1052 ipso
887 977 1058 1050 magnum
1078 951 1254 1049 (vectigal
1277 955 1385 1023 enim

306 1088 384 1136 esse
405 1067 614 1163 impositum
641 1063 822 1136 fructibus
845 1066 1005 1135 nostris⁷
1029 1061 1180 1149 dicitur,
1204 1076 1242 1134 et
1262 1085 1385 1159 pecu·

305 1175 403 1253 niam
415 1199 645 1273 permagnam
661 1176 726 1245 ista
737 1174 876 1245 ratione
891 1173 971 1268 cogi
984 1173 1147 1270 potuisse
1160 1169 1345 1243 confiteor
1351 1176 1384 1266 )‚

306 1299 345 1356 et
361 1279 542 1356 invidia⁸z
562 1286 618 1357 rel
639 1285 793 1357 maxime
816 1284 913 1353 enim
930 1283 1069 1353 inimici
1084 1281 1180 1353 hanc
1201 1305 1281 1353 rem
1306 1306 1385 1354 ser-.

307 1394 481 1466 monibus
502 1392 686 1493 divulgare
707 1393 913 1464 voluerunt.
935 1391 1005 1463 Sed
1026 1414 1093 1488 ego
1115 1391 1165 1462 ita
1189 1392 1384 1479 existimo,

307 1528 384 1601 qno
405 1506 522 1599 majus
543 1509 680 1575 crimen
695 1505 743 1574 sit
762 1501 816 1590 id,
841 1500 941 1602 quod
960 1500 1196 1573 ostendatur9
1216 1524 1297 1571 esee
1317 1498 1386 1571 fat-

308 1635 406 1700 aum,
421 1612 491 1683 hoc
510 1612 684 1706 majorem
706 1611 752 1683 ab
776 1637 820 1684 eo
837 1611 1007 1707 injuriam
1026 1609 1122 1700 fieri,
1145 1612 1209 1708 qui
1231 1611 1269 1682 id
1287 1634 1384 1681 con·

307 1719 420 1818 fingat
438 1747 446 1790 :
466 1720 544 1791 vult
561 1723 658 1793 enim
681 1720 930 1820 magnitudine
953 1725 1006 1792 rei
1027 1723 1078 1792 sic
1097 1744 1278 1817 occupare
1298 1722 1386 1790 ani·

308 1855 388 1902 mos
408 1856 553 1921 eorum,
571 1836 634 1931 qui
652 1832 824 1921 audiunt,
849 1846 891 1903 ut
914 1829 1071 1903 difficilis
1096 1829 1215 1902 aditus
1234 1829 1383 1900 veritati

308 1941 546 2039 relinquatur.

281 2044 284 2051 ’
359 2055 494 2124 Omnia
511 2050 558 2123 de
579 2057 723 2123 crimine
739 2056 884 2123 vinario
889 2106 901 2139 ,
919 2049 967 2122 de
986 2049 1079 2121 bello
1099 2053 1381 2134 Vocontiorum,

310 2160 358 2232 de
373 2162 609 2259 dispositione
625 2163 873 2249 hibernorum,
893 2161 1024 2233 desunt
1041 2170 1083 2229 ¹⁰.

359 2275 419 2344 IX.
434 2279 479 2343 At
488 2274 559 2345 hoc
570 2274 663 2346 Galli
673 2287 817 2370 negant.
833 2277 878 2344 At
887 2273 979 2343 ratio
986 2295 1109 2343 rerum
1121 2279 1150 2361 ¹,
1164 2284 1200 2341 et
1210 2271 1265 2340 vis
1278 2293 1385 2367 argu-

310 2396 518 2453 mentorum
537 2385 709 2481 coarguit.
731 2387 853 2454 Potest
866 2382 976 2479 igitur
993 2381 1148 2453 testibus
1166 2378 1280 2477 judex
1302 2404 1383 2450 non

313 2490 484 2562 credere?
506 2491 693 2589 Cupidis²‚
711 2507 747 2566 et
766 2494 882 2579 iratis,
899 2506 936 2564 et
951 2493 1168 2587 conjuratum
1187 2504 1224 2561 et
1242 2488 1290 2561 ab
1305 2490 1384 2561 reli-

312 2601 419 2698 gione
430 2605 579 2674 remotis
589 2657 600 2691 ,
609 2628 685 2676 non
696 2605 813 2676 solum
824 2616 961 2701 potest,
972 2600 1036 2673 sed
1049 2605 1156 2673 etiam
1166 2598 1288 2671 debet.
1303 2603 1385 2671 Ete-

313 2711 392 2798 nim
406 2713 452 2801 si,
465 2715 551 2810 quia
561 2714 654 2786 Galli
669 2714 815 2803 dicunt,
830 2713 965 2784 idcirco
980 2710 1040 2780 Μ’.
1057 2710 1227 2781 Fonteius
1242 2732 1384 2779 nocens

312 2863 431 2924 mimi.
443 2864 497 2914 llos
506 2867 600 2915 llmeat.¹
610 2866 741 2931 aequimur.
757 2864 823 2915 Olim
904 2865 929 2913 Β.
943 2861 1049 2911 lendin.
1056 2862 1097 2911 Al.
1106 2859 1241 2909 «invidiam
1249 2880 1269 2906 ι.
1278 2861 1343 2909 Π.
1353 2862 1384 2909 l..

312 2942 437 3006 legebatur
451 2965 464 2987 α
473 2945 500 2993 in
510 2945 548 2994 hia
559 2947 622 2995 locia
630 2947 751 2995 Servaeum
762 2947 823 2994 Cro·
902 2959 928 3006 9.
942 2941 1100 2991 Ostendetur.
1110 2941 1191 2988 Vatiu.
1206 2938 1263 2987 cod.
1278 2949 1305 2986 et
1317 2940 1384 2987 Para·

313 3021 374 3069 duni
384 3032 408 3069 et
416 3022 567 3072 Vulchalone
577 3025 607 3071 ah
617 3023 670 3085 his,
679 3035 726 3073 etc.
737 3022 822 3072 »Olim
865 3021 977 3086 tagathon
990 3043 1003 3063 κ
1012 3021 1155 3069 ostendetur
1166 3041 1190 3070 a.

313 3099 412 3166 Iallem.
437 3123 451 3144 α
468 3104 589 3151 &evaeum
607 3126 620 3146 ι
642 3112 823 3168 expunxerunt.
905 3116 943 3149 ro.
956 3102 1028 3149 Forte
1039 3115 1092 3148 non
1104 3098 1203 3159 derunt,
1220 3099 1264 3148 aed
1279 3097 1313 3146 ab
1325 3099 1385 3163 ipao

312 3177 379 3227 Edit.
397 3183 467 3230 Junt.
480 3181 516 3228 aie
534 3181 608 3230 hahet
623 3202 637 3225 ι
649 3194 731 3230 ternos
743 3181 821 3229 victo·
868 3178 952 3227 Tullio
965 3178 992 3226 in
1010 3178 1128 3227 orationia
1140 3178 1271 3243 aen'ptioue
1283 3177 1387 3225 fuerant

312 3259 388 3307 riatoa
403 3258 430 3305 in
447 3258 485 3306 hia
497 3260 559 3307 loeis
578 3271 604 3308 et
619 3252 771 3310 Vulchalone
790 3260 821 3308 ab
869 3258 991 3321 neglecta,
1000 3257 1206 3322 quemadmodum
1217 3255 1270 3305 lieri
1279 3256 1386 3305 colitura

311 3338 350 3386 hie
362 3337 514 3402 portorium,
525 3348 571 3387 ete.
583 3360 595 3383 ι
870 3354 921 3387 eaae
938 3338 1011 3386 docet
1029 3337 1138 3395 Pliniua,
1155 3338 1228 3402 epist.
1246 3339 1275 3396 Ι,
1291 3352 1345 3394 ao,
1359 3346 1388 3384 et

345 3412 377 3466 ⁴⁵.
396 3416 570 3468 Elesiodolnm.
593 3418 668 3482 Quod
683 3434 773 3467 nomen
785 3428 822 3467 mt
871 3418 931 3467 olim
954 3417 1043 3465 lecerat
1065 3417 1179 3475 Cremna,
1197 3425 1258 3463 teate
1282 3415 1337 3463 Cic.
1357 3416 1387 3462 in

314 3496 441 3545 herbanum
454 3498 527 3545 unius
539 3499 609 3546 eaiia
618 3498 660 3562 qui
671 3498 765 3547 Fonteii
776 3514 823 3545 no·
870 3499 961 3554 Bruto,
975 3513 996 3543 c.
1012 3504 1057 3551 44.
1072 3497 1097 3543 J.
1109 3497 1141 3544 V.
1159 3496 1187 3543 1.
1201 3520 1237 3532 -
1252 3496 1290 3541 Ita
1308 3494 1388 3542 aentit

316 3577 381 3625 mine
393 3576 502 3641 portoria
513 3576 653 3641 exigebant.
666 3577 732 3625 Olim
746 3599 759 3619 κ
770 3576 826 3624 Ele·
869 3575 1021 3624 doctiaaimua
1034 3572 1154 3624 Niebuhr.
1168 3589 1239 3639 quem
1253 3572 1295 3621 adi
1309 3573 1386 3621 inae·

316 3655 466 3706 mentm...
477 3659 593 3722 exegiram
602 3679 624 3706 ι.
870 3665 994 3719 gumento.

352 3736 378 3784 6.
397 3734 442 3783 Ad
454 3734 554 3784 hortem.
570 3734 612 3784 Ad
628 3736 764 3800 Hiapanoa‚
782 3737 825 3798 qui
906 3737 952 3783 tx.
976 3748 999 3782 a.
1018 3732 1091 3781 llario
1106 3747 1196 3780 mum.
1216 3732 1257 3779 Sic
1270 3733 1390 3780 Faerme
1485 3770 1486 3773 ,

317 3828 374 3861 cum
388 3815 496 3864 Sertorio
509 3826 592 3863 contra
611 3815 754 3879 Pompeium
772 3815 826 3863 lde·
871 3813 1017 3861 cod.Vatic.
1028 3810 1205 3868 Olim-actio
1216 3823 1296 3858 mrum
1308 3819 1336 3857 et
1348 3810 1390 3859 ris

317 3891 450 3955 tellumque
459 3895 604 3943 militabant.
652 3932 655 3936 .
872 3903 1006 3957 argument.
1021 3891 1120 3955 coargui
1130 3900 1240 3954 poaeat».

353 3987 377 4031 7.
392 3972 517 4020 Fructibus
530 3973 626 4022 nostn‘s.
641 3973 768 4021 Sociorum
782 3986 827 4020 no-
906 3988 932 4020 a.
952 3970 1057 4035 cupidis.
1080 3969 1136 4018 Sola
1155 3967 1293 4033 cupiditate
1310 3971 1391 4027 actia,

314 4059 434 4105 atrorum,
445 4064 549 4110 quorum
563 4068 594 4100 ex
605 4062 726 4115 proventu
736 4050 768 4098 ad
779 4065 824 4098 not
869 4050 936 4116 quod
944 4051 1037 4116 optime
1043 4049 1129 4113 gallice
1138 4049 1331 4112 interpretamur
1332 4067 1395 4113 pua·

314 4126 440 4192 vectigalia
451 4127 562 4178 redeunt.
574 4130 613 4177 Ol.
625 4129 754 4191 «frugibus
763 4149 785 4177 n.
867 4129 961 4180 siornre.
972 4129 1044 4179 Conl.
1054 4129 1080 4177 in
1091 4131 1163 4178 Verr.
1174 4129 1220 4185 lv,
1229 4127 1272 4175 tt.
1294 4180 1301 4193 ‚
