3148 4780
372 459 425 528 IN
450 458 661 527 VERREM
687 461 793 528 ACT.
814 459 870 545 11,
893 458 984 526 LlB.
1006 461 1044 527 V.
1167 458 1238 544 405

179 581 239 651 illa
259 577 429 676 praeclara
438 588 487 647 ¹0:
505 580 618 649 «Non
637 581 781 651 testium
801 576 911 649 modo
933 592 1238 678 catervas,-qunm

179 704 241 760 tua
253 700 317 760 res·
326 702 509 786 ageretur,
522 686 586 760 sed
599 711 621 758 a
635 688 703 759 diis
718 686 885 759 manibus
899 688 1148 759 innocentium
1160 695 1241 762 Ροε-

179 823 243 869 nas
254 809 297 886 ¹¹,
314 798 643 895 sceleratorumque
661 799 785 869 Furias
800 798 839 868 in
855 812 959 869 tunm
969 796 1145 893 judicium
1162 823 1239 871 esse

180 921 375 997 venturas3
396 930 472 979 sese
500 906 581 979 ideo
606 907 776 980 leviorem
805 932 926 980 casum
953 932 1060 979 suum
1087 906 1240 1005 fingere,

180 1019 281 1116 quod
300 1020 374 1114 jam
392 1033 475 1090 ante
496 1020 609 1090 aciem
627 1023 805 1091 securium
829 1031 993 1105 tuarum,
1008 1019 1239 1115 Sestiique¹²,

180 1133 235 1201 tui
256 1128 451 1218 carnificis,
480 1127 622 1201 vultum
647 1145 683 1202 et
708 1153 856 1200 manum
881 1128 1042 1212 vidisset,
1066 1153 1180 1225 quurn
1201 1132 1239 1200 in

179 1251 362 1310 conventu
381 1238 511 1310 civium
535 1262 770 1310 romanorum
793 1239 895 1334 jussu
920 1253 985 1310 tuo
1007 1241 1125 1310 securi
1147 1243 1241 1310 cives

178 1352 319 1419 romani
325 1346 552 1420 ferirentur».
564 1352 619 1422 Ne
627 1349 757 1437 multa,
768 1348 924 1443 judices;
933 1347 1116 1435 libertate,
1130 1372 1240 1444 quam

178 1479 245 1527 vos
263 1455 369 1527 sociis
382 1454 548 1543 dedistis,
560 1454 628 1526 hac
645 1456 707 1529 ille
721 1460 759 1527 in
775 1457 1007 1531 acerbissimo
1020 1457 1198 1554 supplicio
1208 1454 1240 1501 ¹³
1260 1540 1265 1547 „

180 1565 386 1635 miserrimae
406 1565 586 1636 servitutis
605 1564 740 1636 abusus
757 1579 821 1637 est.
1231 1630 1236 1647 ,

227 1675 350 1744 XLIV.
370 1671 597 1744 Condemnat
611 1697 738 1745 omnes
754 1673 800 1745 de
818 1674 957 1744 consilii
971 1674 1147 1746 sententia
1162 1702 1170 1745 :
1187 1687 1240 1745 ta·

180 1805 264 1853 men
289 1806 408 1878 neque
432 1775 499 1854 iste
524 1785 563 1853 in
587 1796 769 1871 tartare,
796 1796 850 1854 tot
872 1782 1084 1854 hominum¹
1111 1798 1240 1881 totque

179 1893 310 1963 civium
330 1916 454 1980 causa,
478 1897 516 1964 Ρ.
538 1894 700 1964 Vettium
719 1892 765 1965 ad
783 1918 821 1965 se
841 1896 1003 1981 arcessit,
1025 1909 1240 1990 quaestorem

179 2027 306 2088 suum,
333 2003 436 2097 cujus
463 2003 613 2074 consilio
639 2017 825 2091 uteretur3
852 2027 972 2100 neque
991 2006 1030 2073 P.
1055 2005 1241 2087 (lercium,

71 2110 74 2117 ’
179 2111 286 2183 talem
300 2113 419 2183 virum
430 2166 440 2201 ,
452 2111 629 2210 legatum,
646 2114 728 2208 qui,
747 2113 833 2207 quia
848 2110 986 2208 legatus
1002 2113 1071 2180 isto
1088 2124 1241 2208 praetore

178 2221 218 2290 in
235 2221 353 2292 Sicilia
370 2220 455 2309 fuit,
473 2224 612 2320 primus
632 2219 678 2292 ab
698 2223 768 2292 isto
783 2218 895 2315 judex
912 2218 1067 2313 rejectus
1084 2231 1156 2306 est;
1177 2219 1239 2290 sed

179 2329 225 2401 de
238 2329 439 2420 latronum,
451 2330 524 2403 hoc
542 2345 612 2418 est,
628 2328 672 2401 de
686 2332 862 2402 comitum
876 2338 1049 2400 sucrum²
1066 2332 1242 2401 sententia

179 2438 397 2513 condemnat
414 2464 551 2512 omnes.
565 2441 631 2511 Hic
648 2442 770 2512 cuncti
786 2438 910 2528 Siculi,
923 2436 1122 2509 fidelissimi
1135 2453 1241 2535 atque

179 2549 416 2646 antiquissimi
429 2551 536 2637 socii,
549 2548 713 2648 plurimis
729 2547 849 2621 affecti
857 2547 1044 2620 beneficiis
1063 2548 1241 2644 amajori·

178 2655 249 2728 bus
262 2661 410 2747 nostris,
423 2662 578 2756 graviter
591 2675 882 2748 commoventur,
894 2657 984 2731 etde
993 2659 1241 2756 snispericulis

180 2764 410 2864 fortunisque
440 2767 611 2841 omnibus
644 2771 912 2868 pertimescunt
946 2767 1049 2839 Illam
1080 2767 1239 2839 clemen-

180 2876 267 2945 tiam
281 2878 667 2977 mansuetudinemque
680 2881 796 2952 nostri
808 2878 952 2976 imperii
965 2879 1002 2946 in
1017 2890 1153 2947 tantam
1166 2901 1243 2948 cru·

181 2983 361 3057 delitatem
386 2987 791 3087 inhumanitatemque³.
806 3013 881 3060 esse
900 2983 1129 3071 conversam!
1158 3011 1247 3083 conj,

80 3164 88 3207 3
218 3129 690 3198 ro.lami11upmc1ara.Quaiuea·
771 3135 812 3184 13.
835 3136 865 3182 Iu
878 3132 1171 3198 mrbksimosuppir'ea'o.
1186 3133 1243 3181 Vir·

79 3218 99 3228 ’·
181 3209 236 3258 darn
266 3209 380 3275 apologia
409 3211 628 3275 concoquebantur.
654 3239 689 3250 -
733 3211 933 3278 garum,quibuc
944 3211 1010 3260 oculi
1023 3214 1090 3274 qua,
1104 3229 1179 3278 quum
1193 3214 1241 3263 boc

86 3288 102 3357 ’ἱ
182 3292 262 3352 Quum
274 3300 318 3337 cua
328 3299 494 3355 mergeretur.
500 3292 583 3354 Quum
594 3301 617 3337 te
624 3289 691 3352 iudi·
733 3292 837 3353 diceret,
847 3291 1044 3341 verberabantur.
1057 3319 1091 3329 -
1106 3292 1238 3341 Servitutr's.

180 3369 220 3416 cio
229 3380 438 3436 persequerentur.
734 3370 1002 3420 Servorum-Aburi.
1015 3372 1146 3421 Eattoturn
1155 3389 1243 3420 conau-

218 3462 258 3495 η.
270 3449 440 3497 Innocentium
448 3451 544 3496 Poeraas.
556 3450 619 3511 Quas
629 3447 690 3496 cici·
733 3466 811 3509 mare,
821 3450 855 3498 ita
868 3450 965 3499 utnibil
975 3451 1087 3515 supersit.

179 3535 282 3574 acuutur
296 3526 450 3583 iunocenter,
461 3537 545 3575 contra
563 3528 603 3587 jua
615 3527 690 3574 inter-
767 3529 856 3577 mv.
873 3544 895 3579 r.
908 3529 1045 3579 Homimam.
1059 3528 1241 3577 Siculorum.—

180 3604 265 3653 fectoc.
279 3631 314 3643 —
327 3606 413 3653 Furias
434 3607 613 3654 sceleratorum.
627 3607 689 3668 Quae
733 3605 1244 3666 Causa.Subrud.ir.-Vettr'um.Cuiuaao·

181 3682 309 3731 cceleratca
321 3684 415 3748 agitant
422 3700 452 3732 ac
464 3696 688 3749 persequuntur-
733 3702 813 3735 rorem
823 3687 851 3733 iu
861 3687 1017 3736 matrimonio
1026 3690 1114 3734 Verres
1126 3684 1242 3733 habebat.

180 3761 264 3810 lamb.
275 3762 336 3811 male
344 3763 483 3828 ingeniosus
491 3773 528 3811 eat
537 3764 562 3810 iu
571 3763 689 3811 venndia
734 3764 850 3827 -Quia
872 3767 973 3831 legatus.
997 3770 1079 3829 Atque
1091 3764 1149 3813 ideo
1162 3764 1244 3812 omnia

180 3838 220 3887 bia
231 3841 326 3900 verbu,
338 3860 394 3907 quar
407 3843 499 3908 optima
509 3853 573 3890 curat.
586 3845 611 3891 J.
620 3846 651 3892 V.
661 3845 688 3891 b.
733 3846 785 3906 eiua
796 3844 886 3892 acelera
899 3860 1047 3908 cognoscere
1060 3843 1153 3908 potuit.

220 3933 260 3967 ra.
272 3921 397 3986 Scatiique,
413 3922 450 3970 tui
462 3921 592 3989 carnificis.
601 3921 692 3970 Obser-
768 3940 795 3973 a.
811 3925 849 3971 De
860 3923 975 3971 cuminam
986 3938 1092 3970 auorum.
1110 3924 1148 3971 Ex
1158 3920 1241 3970 eaden

181 3995 299 4056 vandum,
309 4014 386 4047 unum
396 3998 558 4049 delictoribus
570 3997 690 4048 carnificis
733 4003 850 4061 cohorte,
860 4018 892 4050 ex
900 4017 948 4066 qna
957 4002 983 4049 in
994 4002 1149 4051 decumarum
1157 4001 1243 4049 litibus

182 4088 270 4123 munna
287 4077 409 4142 praecipue
426 4079 529 4139 obiiace3
544 4095 600 4127 carn
613 4080 639 4127 in
652 4097 690 4128 cc·
733 4091 913 4147 recuperatores
930 4080 1013 4130 dabat.

183 4152 268 4214 quanti
277 4155 367 4220 pactu
376 4157 441 4207 bunc
451 4159 558 4223 appellat
570 4158 688 4209 nem
771 4163 794 4211 3.
809 4158 1026 4209 testamentorum.
1042 4160 1153 4209 vatm
1167 4160 1244 4208 crcrtn
