3054 4772
462 421 733 491 excussos
758 422 877 488 xxv.
1138 420 1211 517 609

151 561 249 611 tatem
265 563 365 607 nemo
380 543 482 630 possit
496 543 616 607 invitus
629 543 776 606 amittere
785 572 809 606 υ.
836 541 878 604 Et
893 562 952 629 pro
971 540 1089 605 Balbo:
1114 543 1212 608 «Jure

151 668 265 717 nostro
286 672 393 737 neque
415 665 540 713 mutare
564 650 724 714 civitatem
753 649 925 736 quisquam
946 647 1067 712 invitus
1090 667 1212 737 potest,

152 778 278 845 neque,
294 755 320 818 si
333 754 429 836 velit,
445 769 570 819 mutare
582 776 650 818 non
665 770 804 843 potest».
821 753 863 816 Et
880 750 990 817 eadem
1006 776 1119 818 rursus
1132 772 1212 820 orat.

153 862 207 926 «0
221 862 294 942 jura
313 858 480 948 pr‘aeclara,
493 875 591 947 atque
607 859 761 923 divinitus
778 859 844 939 jam
862 856 937 923 inde
950 882 969 922 a
982 859 1141 948 principio
1160 884 1215 925 ro·

153 966 242 1030 moni
250 964 392 1031 nominis
405 964 608 1044 amajoribus
620 965 738 1029 nostris
745 980 946 1051 eomparsta3
960 986 1002 1028 ne
1014 965 1087 1052 quis
1096 965 1215 1029 invitus

154 1072 281 1136 civitate
293 1078 449 1154 mutetur,
463 1092 543 1134 neve
560 1070 594 1133 in
610 1071 736 1134 civitate
750 1085 879 1133 maneat
893 1070 1030 1153 invitu33
1047 1070 1116 1134 haec
1129 1071 1216 1134 enim

155 1175 365 1240 fundamenta
383 1174 566 1239 firmissima
580 1191 698 1239 nostre
711 1174 883 1257 libertatis,
898 1174 949 1238 sui
960 1197 1123 1263 quemque
1137 1175 1218 1255 juris

155 1299 189 1346 et
210 1279 391 1362 retinendi,
413 1295 447 1344 et
467 1279 744 1351 dimittendiesse
765 1278 938 1344 dominum
952 1310 975 1344 ι.
997 1281 1040 1345 Et
1061 1279 1162 1346 multa
1184 1281 1218 1344 in

156 1387 242 1451 hanc
260 1385 465 1450 sententiam.
482 1386 583 1449 Horr.

200 1488 323 1551 Erfurt.
345 1488 499 1571 regimen
519 1486 628 1549 Recte.
646 1487 685 1551 In
700 1485 825 1573 legibus
842 1489 929 1551 enim
945 1502 1054 1550 amant
1071 1487 1121 1551 uti
1136 1486 1219 1550 enti·

158 1593 231 1680 quis
245 1590 455 1683 sserionibus,
474 1606 507 1655 et
522 1591 619 1654 etiam
635 1591 770 1655 vocibus
786 1592 949 1658 obsoletis.
962 1593 1070 1658 (ἔω.

206 1696 295 1783 Quid
313 1709 376 1778 est,
396 1695 483 1784 quod
496 1701 608 1783 rogari
609 1696 669 1784 jus
684 1719 748 1759 non
767 1698 817 1760 sit.
837 1698 934 1761 Hunc
954 1698 1064 1763 locum
1086 1698 1132 1762 sic
1151 1718 1220 1761 esse
1272 1738 1275 1745 ·

160 1799 416 1882 restituendum,
432 1801 534 1864 vincit
547 1800 630 1864 ratio
647 1824 655 1865 ε
675 1801 811 1865 vincunt
827 1800 897 1884 ills,
916 1824 987 1889 qun
1002 1800 1220 1867 antecedunt:

161 1940 174 1963 a
187 1908 214 1972 si
230 1905 309 1995 quid
321 1906 374 1986 jus
392 1929 461 1970 non
478 1921 562 1970 esset
577 1906 683 1995 rogari
694 1936 708 1963 ι
728 1929 736 1970 2
753 1907 900 1994 sequitur
916 1905 1087 1996 deinceps,
1103 1939 1116 1964 a
1132 1906 1222 1997 quod

161 2012 302 2101 populus
313 2011 449 2094 jubere,
462 2027 635 2076 autvetare
648 2033 716 2075 non
732 2010 865 2098 posset?
877 2042 890 2069 ι
907 2013 964 2076 ubi
979 2011 1190 2102 repetendum
1205 2034 1223 2074 e

162 2116 327 2205 superiore
348 2115 442 2203 quid,
464 2115 527 2179 hoe
542 2113 643 2179 modo
662 2136 670 2177 ε
693 2145 706 2170 «
716 2114 796 2201 quid
814 2114 904 2202 quod
918 2117 1058 2204 populus
1073 2120 1142 2200 jub.
1167 2142 1225 2190 aut

163 2237 225 2287 set.
242 2244 310 2284 non
326 2220 472 2309 possiti»
486 2237 558 2304 aut,
572 2220 599 2285 si
613 2219 719 2301 malis,
736 2219 999 2309 exprimendum,
1018 2241 1051 2288 et
1065 2248 1226 2314 reponen.

165 2325 266 2409 dum,
285 2324 386 2414 idque
400 2326 482 2391 mihi
498 2327 544 2390 ite
555 2325 692 2391 videtur.
707 2325 809 2390 Ltns.

212 2432 302 2519 Quid
316 2447 363 2496 est
375 2432 464 2521 quod
465 2432 525 2520 jus
536 2454 599 2495 non
612 2434 662 2497 sit.
679 2430 768 2497 Nihil
779 2429 882 2514 addo,
893 2449 1005 2522 repeto
1019 2438 1140 2526 exlege
1155 2463 1228 2506 ver-

165 2538 246 2602 bum
267 2530 384 2624 rogari
397 2552 430 2600 et
453 2536 619 2626 distinguo
644 2537 718 2601 sic:
741 2535 858 2622 «Quid
882 2554 944 2620 est,
972 2539 1062 2626 quod
1084 2544 1137 2624 jus
1161 2568 1229 2611 non

166 2642 232 2707 sit?
242 2641 332 2730 quod
345 2641 486 2730 populus
499 2641 624 2722 jubere,
631 2658 689 2706 aut
702 2657 809 2706 vetere
824 2665 892 2706 non
909 2643 1034 2730 possit?
1045 2677 1058 2701 ι
1070 2648 1152 2714 nihil
1166 2652 1231 2740 pls·

168 2748 252 2811 nius.
270 2738 306 2811 P.
322 2747 442 2810 Fure.

168 2934 1230 2964 mmmmm-mmmmmssssmffl

340 3172 797 3296 EXCURSUS
841 3174 1067 3294 xxvi

254 3408 320 3475 AD
343 3405 614 3475 ORATIONEM
636 3405 726 3474 PRO
751 3403 948 3488 CAEOENA,
972 3404 1067 3472 CAP.
1093 3403 1150 3477 33.

581 3577 821 3602 ...ο-

219 3720 368 3809 Perspieis
382 3720 442 3783 ltoe
458 3719 542 3783 mm
554 3742 636 3801 esse,
649 3731 685 3784 ut
703 3722 738 3782 iu
755 3722 881 3801 caetis,
895 3740 969 3807 quoe
989 3721 1108 3807 rogavi.
1122 3722 1238 3814 Seripti

176 3830 251 3895 libri
263 3851 323 3917 pro
340 3859 354 3885 ι
369 3828 464 3892 Utin
479 3829 631 3910 ceteris»,
648 3844 702 3892 «et
718 3829 876 3908 eatenis,
896 3850 969 3915 quse
988 3828 1103 3894 inter».
1121 3832 1238 3902 Melior

178 3935 292 4021 uliquis
306 3932 500 4022 quarendus
511 3958 520 3998 z
533 3950 566 3999 et
577 3934 731 4021 tantisper
738 3932 879 3998 asterisci
893 3934 1014 3997 notaio
1029 3938 1173 4025 margine
1187 3965 1239 4009 re.

179 4037 364 4128 linquenda.
379 4042 481 4105 Horr.
1153 4040 1161 4053 ’

227 4143 269 4209 Ut
284 4146 319 4209 in
336 4147 460 4227 ceteris,
475 4168 548 4234 quat
568 4152 700 4234 rogavit.
721 4144 872 4233 Rogavit,
890 4167 1007 4235 nempe
1025 4146 1112 4211 Sulla
1130 4172 1138 4213 :
1162 4153 1242 4217 nihil

280 4252 325 4320 ss.
357 4268 402 4313 cte.
410 4273 581 4329 parturienda.
1081 4252 1127 4348 39
