3142 4774
313 365 360 437 se
634 367 683 433 Μ.
709 367 747 437 r.
774 322 1051 437 crcunorns

310 487 389 559 sine
409 498 553 559 senatus
572 484 799 571 auctoritate,
818 484 900 578 jura
921 484 1114 580 provincie
1138 483 1262 557 steiltae
1288 511 1367 558 mu-

311 596 416 681 taris,
433 592 470 667 id
488 591 735 691 reprehendo,
754 590 790 665 id
808 615 950 669 accuso.

357 708 399 778 L.
426 705 576 781 Octavio
601 717 638 777 et
663 707 703 774 C.
728 705 841 775 Cottae
865 698 1097 775 consulibus⁸
1119 717 1263 777 senatus
1285 728 1366 803 per·

309 812 428 901 misit,
451 825 494 883 ut
519 813 594 887 vini
619 824 655 887 et
678 809 748 885 olei
775 808 963 897 decumas,
987 825 1023 882 et
1048 809 1193 908 frugum
1212 815 1367 889 minuta·

308 930 427 1007 ruini),
448 945 537 1018 quas
554 934 636 1005 ante
652 933 687 993 te
706 935 902 1016 quaestores
918 925 957 991 in
974 920 1091 993 Sicilia
1109 920 1366 1003 venderecou·

308 1046 490 1117 suessent,
515 1034 637 1107 Romae
664 1029 881 1116 venderent,
904 1032 1093 1128 legemque
1106 1042 1137 1075 ¹⁰
1160 1032 1215 1105 his
1237 1031 1365 1119 rebus,

307 1150 455 1236 quam¹¹
467 1140 553 1237 ipsis
563 1139 757 1225 videretur,
770 1138 962 1219 edicerent.
974 1144 1099 1231 Quum
1110 1141 1242 1213 locatio
1253 1140 1368 1228 fieret,

306 1248 492 1347 publicani
506 1249 755 1346 postuttrunt,
775 1248 949 1346 quasdam
969 1275 1026 1329 res
1046 1265 1089 1325 ut
1106 1249 1151 1329 ad
1174 1250 1289 1347 legem
1307 1251 1368 1323 ad.

307 1357 455 1447 derent,
474 1383 593 1455 neque
611 1373 730 1433 temen
744 1383 765 1435 a
779 1362 949 1433 censoriis
967 1363 1094 1433 ceteris
1112 1359 1251 1457 legibus
1266 1384 1365 1433 rece·

306 1467 445 1543 derent.
460 1473 594 1540 Contra
610 1468 701 1543 dixit
714 1473 758 1558 is,
775 1473 839 1567 qui
853 1495 938 1543 casu
952 1484 1031 1541 tum
1044 1475 1165 1545 Rome
1181 1470 1266 1556 fnit,
1283 1485 1367 1543 tuus

248 1614 251 1625 ,
307 1577 439 1677 hospes
450 1590 493 1667 ¹²,
506 1583 654 1667 Verres,
671 1578 821 1676 hospes,
837 1580 1002 1676 inquam,
1017 1593 1053 1649 et
1068 1577 1248 1653 familiaris
1263 1592 1365 1664 tuus,

307 1688 477 1761 Sthenius
497 1688 557 1760 hic
577 1688 838 1763 Thermitanus.
864 1688 1040 1763 Consules
1062 1713 1205 1763 causam
1230 1713 1364 1784 cogno·
1454 1708 1467 1726 ⁸

307 1813 457 1869 verunt:
475 1823 590 1895 quum
609 1802 703 1873 viros
724 1798 911 1895 primarius
933 1812 1041 1894 atque
1063 1795 1298 1892 amplissimos
1315 1799 1365 1867 ci-

306 1906 425 1977 vitatis
445 1906 580 1977 multos
606 1908 644 1979 in
670 1906 859 1981 consilium
880 1905 1130 1992 advocassent,
1153 1903 1198 1979 de
1224 1905 1364 1976 consilii

306 2019 484 2088 sententia
512 2019 818 2112 pronuntiarunt,
844 2039 882 2089 se
912 2015 990 2113 lege
1020 2018 1209 2089 Hieronica
1239 2015 1364 2087 vendi·

307 2140 419 2197 turon.

351 2236 446 2307 VIII.
467 2241 569 2309 Itane
587 2234 695 2309 vero?
717 2232 983 2333 prudentissimi
995 2235 1078 2322 viri,
1093 2246 1366 2307 summaaucto-

303 2346 407 2416 ritate
430 2343 587 2443 prediti,
609 2343 743 2441 quibus
765 2336 908 2417 senatus
930 2343 1050 2439 legum
1070 2341 1304 2420 dicendarum
1326 2345 1363 2414 in

305 2452 463 2525 locandis
484 2453 715 2552 vectigalibus
736 2479 880 2526 omnem
899 2468 1114 2551 potestatem
1135 2458 1363 2551 permiserat,

305 2562 536 2660 populusque
557 2586 729 2635 romanus
752 2563 846 2633 idem
865 2565 1035 2659 jusserat,
1053 2563 1173 2637 Siculo
1193 2573 1285 2633 un0¹
1307 2587 1362 2637 re-

305 2688 471 2758 cusante,
489 2670 862 2769 cumamplificatione
874 2671 1123 2769 vectigalium,
1140 2695 1274 2743 nomen
1287 2673 1365 2740 Hie·

303 2786 435 2855 ronicte
463 2782 551 2879 legis
584 2797 723 2863 mutare
757 2781 977 2855 noluerunt:
1003 2795 1063 2867 tu,
1089 2779 1201 2850 homo
1224 2780 1364 2852 minimi

302 2892 463 2979 consilii,
486 2892 618 2963 nullius
637 2891 877 2976 auctoritatis,
901 2892 1040 2986 injussu
1057 2888 1184 2987 populi
1203 2913 1245 2960 ac
1264 2913 1364 2961 sena·

302 3016 378 3089 tus,
399 3014 476 3073 tota
496 3002 614 3075 Sicilia
635 3015 840 3089 recusante,
861 3024 944 3071 cum
967 3001 1124 3073 maximo
1145 2996 1363 3071 detrimento

338 3265 364 3312 8.
376 3262 522 3313 constitus.
531 3264 570 3312 Illi
584 3280 650 3313 snno
661 3265 809 3326 67Soonsn·
855 3282 954 3330 qnoque
976 3266 1027 3313 dno
1048 3266 1110 3312 Mes
1131 3280 1145 3315 e
1166 3263 1256 3311 nostris
1278 3264 1364 3328 regiis,

302 3344 337 3392 les
349 3344 428 3398 fuere,
440 3358 490 3405 qno
504 3355 611 3408 tempore
621 3361 695 3408 qnunt
705 3344 736 3392 sb
744 3359 809 3393 enno
855 3346 943 3395 usitate
956 3344 1064 3408 syllepsi.
1077 3345 1101 3391 J.
1113 3344 1145 3389 V.
1160 3344 1187 3391 t..

303 3423 352 3483 667
365 3421 426 3469 nulli
438 3434 505 3470 srnnt
519 3438 642 3482 censores,
658 3439 741 3472 eorum
754 3439 808 3470 mn·
891 3439 931 3471 ια.
944 3425 1007 3469 Tuus
1016 3419 1111 3482 hospes.
1122 3420 1245 3467 invidiose
1255 3421 1363 3477 iteratim

301 3516 359 3550 nere
369 3500 400 3548 sd
415 3500 527 3548 consules
538 3503 632 3549 fuerent
641 3501 725 3550 delsts.
852 3518 928 3566 qnurn
946 3501 1012 3548 hunc
1025 3515 1096 3548 suurn
1109 3499 1245 3564 hospitem,
1265 3511 1314 3547 tssn
1326 3500 1364 3547 in·

338 3597 363 3644 9.
374 3579 530 3629 nautarum.
540 3580 665 3629 Frumenti
674 3591 699 3627 et
710 3580 810 3644 legumi-
851 3581 932 3644 dIgnis
943 3578 1022 3626 modis
1034 3578 1146 3629 habuerit
1159 3582 1253 3627 Verres.
1271 3579 1363 3628 Confer

304 3660 482 3709 uumxconter
500 3662 609 3708 SerrIurn
623 3658 654 3707 sd
672 3659 765 3709 AEneid.
781 3663 808 3719 1,
853 3661 922 3705 Verr.
936 3660 973 3715 ll,
989 3657 1037 3716 ὄιες
1048 3659 1081 3719 V,
1092 3656 1231 3715 Im-Hic.
1242 3658 1292 3720 Qui
1305 3656 1362 3705 huit

306 3740 363 3800 178.
849 3736 944 3798 jndicio
955 3736 1033 3785 adest.

340 3814 756 3882 integencondninn'enqutbus
765 3816 809 3863 hss
887 3816 958 3863 VIII.
974 3831 995 3873 r.
1013 3814 1093 3862 Siculo
1107 3831 1163 3861 nno.
1179 3816 1272 3879 Nempe
1285 3830 1360 3878 quntn

305 3910 342 3942 res
354 3894 492 3944 venderent.
851 3894 977 3959 publiosni
994 3895 1079 3943 ceteris
1097 3894 1232 3958 provinciis
1252 3892 1359 3940 Siciliam

341 3987 380 4019 tt.
390 3973 454 4021 Olim
463 3991 529 4036 qnoe.
540 3979 622 4025 Grsrr.
630 3986 655 4023 et
669 3977 761 4023 Ernsst.
770 3988 808 4020 re·
851 3988 976 4036 exsequere
987 3983 1146 4032 conarentur,
1161 3972 1248 4021 restitit
1257 3971 1314 4019 hnic
1325 3973 1359 4019 rei

303 4063 419 4098 recerunt
431 4069 505 4115 quam
518 4071 548 4101 ex
557 4053 699 4117 antiq.edd.
711 4051 806 4101 Habent
850 4052 975 4110 Sthenius,
987 4064 1011 4100 et
1021 4051 1136 4116 perricit;
1146 4067 1228 4099 verunt
1238 4051 1360 4108 decumus,
