3148 4780
370 400 428 470 ιιι
453 399 663 468 VERREM
689 401 793 469 scr.
819 400 875 485 n,
901 399 1061 468 stnv
1173 395 1241 493 377

190 520 359 596 omnibus
374 518 681 607 defenderentur,
698 545 815 591 securi
804 517 1065 590 ’.feriebantur
1080 521 1293 610 Quorum

192 658 259 732 ego
279 633 324 704 de
354 631 579 707 acerbissima
606 645 722 703 morte
750 630 1063 727 crudelissimoque
1087 633 1247 702 cruciatu
1335 718 1339 726 Ι

192 741 305 813 dicam
316 765 460 867 ,quom
476 765 559 812 eum
574 740 693 814 locum
711 752 863 813 tractare
886 765 1048 840 coepero3
1071 754 1106 810 et
1123 741 1172 810 ita
1189 740 1245 810 di-

192 875 285 938 cam,
301 866 359 940 ut,
371 853 407 921 si
418 875 474 922 me
484 852 572 920 inea
585 853 829 976 querimonia,
846 874 953 947 quam
969 873 1048 920 sum
1059 834 1247 919 habiturus

192 961 265 1033 (le
256 963 357 1032 istius
380 957 588 1031 crudelitate
609 974 646 1030 et
670 958 714 1030 de
737 962 868 1030 civium
897 982 1129 1030 romanorum
1153 957 1248 1028 indi-

191 1072 357 1167 gnissima
378 1085 512 1155 morte,
541 1092 617 1138 non
636 1068 747 1140 modo
768 1069 881 1156 vires,
904 1091 1031 1139 verum
1052 1070 1157 1137 etiam
1176 1068 1249 1136 vita

191 1178 350 1268 deficiat,
372 1179 409 1250 id
423 1179 511 1250 mihi
529 1178 735 1276 praclarum
751 1193 786 1250 et
798 1179 1000 1275 jucundum
1015 1193 1150 1276 putem.
1165 1182 1248 1247 Haeo

191 1291 322 1387 igitur⁹
342 1303 395 1360 est
416 1302 515 1384 gesta
535 1313 610 1375 res,
631 1286 706 1360 haec
724 1289 871 1359 victoria
889 1288 1055 1384 praeclara
1075 1311 1083 1354 :
1101 1308 1247 1382 myopa-

191 1424 281 1470 rone
293 1401 444 1497 piratico
462 1412 587 1494 capto,
607 1396 682 1491 dux
700 1396 891 1486 liberatus;
913 1395 1158 1495 symphoniaci
1176 1388 1251 1465 Ross

193 1533 288 1580 mam
302 1509 417 1594 missi3
431 1505 579 1576 formosi
597 1505 760 1577 homines
771 1558 781 1594 ,
792 1520 829 1578 et
846 1506 1106 1593 adolescentes,
1118 1518 1156 1575 et
1169 1507 1249 1574 arti·

194 1613 279 1687 fices
300 1616 447 1686 domum
465 1613 633 1702 abducti3
649 1616 687 1684 in
704 1639 831 1685 eorum
847 1614 987 1703 locum,
1006 1614 1105 1686 etad
1124 1634 1251 1684 eorum

194 1748 385 1795 numerum
404 1724 499 1795 cives
516 1727 657 1794 romani
677 1723 881 1794 hostilem
872 1749 909 1794 ιιι
933 1724 1081 1794 modum
1105 1723 1250 1794 cruciati

193 1849 231 1905 et
244 1848 382 1922 necati
400 1856 518 1903 omnis
531 1846 638 1903 vestis
655 1831 793 1921 ablata3
813 1856 921 1905 omne
932 1856 1060 1904 aurum
1073 1846 1110 1903 et
1123 1856 1249 1929 argon

194 1957 271 2013 tum
294 1888 453 2013 ablatum
472 1955 508 2013 et
523 1964 698 2012 aversum.

241 2055 366 2124 XXIX.
371 2048 433 2124 At
454 2050 810 2148 quemadmodum¹'
801 2074 878 2149 ipse
896 2073 973 2121 sese
988 2046 1107 2118 induit
1133 2045 1252 2141 priore

193 2162 358 2249 actione?
370 2162 442 2250 Qui
456 2175 510 2231 tot
528 2159 604 2231 dies
621 2162 830 2245 tacuisset²,
846 2170 995 2255 repente
1008 2158 1047 2225 in
1063 2159 1112 2225 Μ.
1125 2154 1251 2237 Annii,

193 2270 349 2344 hominis
368 2269 663 2369 splendidissimi,
692 2270 914 2356 testimonio,
936 2290 1048 2363 quum
1075 2267 1111 2335 is
1135 2260 1249 2336 cives³

193 2405 362 2452 romanos
376 2380 536 2467 dixisset,
554 2394 590 2451 et
602 2378 850 2476 archipiratam
866 2391 1029 2474 negasset
1045 2376 1161 2448 securi
1176 2398 1252 2446 esse

195 2514 424 2589 percussum,
445 2488 587 2560 exsiluit
604 2490 820 2560 conscientia
837 2488 995 2575 sceleris,
1015 2500 1051 2556 et
1067 2483 1188 2555 furore
1208 2507 1252 2553 ex

195 2598 379 2671 maleficiis
391 2611 567 2697 concepto
582 2599 772 2686 excitatus,
792 2596 902 2684 dixit,
919 2621 976 2684 se,
996 2594 1097 2693 quod
1114 2595 1268 2679 scireti,¹

196 2707 264 2778 sibi
282 2710 423 2779 crimini
439 2708 561 2778 datum
578 2708 634 2797 iri,
655 2710 844 2837 pecuniam
860 2705 1055 2803 accepisse,
1070 2726 1189 2799 neque
1207 2700 1252 2771 de

196 2943 227 2977 ex
236 2928 493 3009 MSeognoseereneur,
499 2931 638 2995 recepitque
647 2932 702 2981 Ger
744 2927 877 2993 quomsgis
889 2925 1008 2991 expedire
1019 2933 1151 2982 cenentur,
1161 2937 1192 2970 eo
1203 2938 1255 2969 uia·

199 3006 343 3071 Stephanus.
745 3005 936 3072 gisimpediuut

233 3101 258 3149 9.
271 3087 329 3132 Hoee
345 3084 427 3149 igilur.
445 3087 512 3133 En'
502 3087 578 3148 igitur
594 3087 704 3151 praeclari
783 3103 807 3134 u.
823 3080 984 3148 Quiletdies
997 3079 1118 3129 meismet.
1138 3082 1192 3128 lum
1202 3079 1255 3128 dixi
1301 3101 1310 3115 ‚

100 3196 102 3199 -
197 3163 348 3227 imperatoris
367 3163 481 3211 bellicum
494 3165 598 3212 lueiuusl
615 3166 653 3212 En
663 3165 703 3212 illu
746 3167 853 3230 priorem
863 3163 992 3211 Actionem
1001 3159 1087 3208 dielns
1098 3173 1186 3207 uorem
1199 3175 1254 3223 per-

198 3259 271 3308 quem
283 3253 409 3307 tantopere
427 3242 542 3307 predicat
558 3244 703 3291 Hortensius
747 3254 825 3292 netem
838 3242 919 3292 luisse.

199 3323 230 3370 de
243 3322 327 3386 piratis
337 3323 451 3371 victorie!
465 3323 566 3369 -Duae
579 3322 701 3370 liberatus.
783 3324 807 3371 3.
823 3321 887 3371 cos.
900 3321 957 3381 Cuj.
969 3319 1042 3367 civem
1054 3333 1191 3366 romanum.
1204 3320 1254 3367 lte·

198 3401 279 3450 lrouiu
291 3403 331 3449 oui
348 3403 398 3449 vim
411 3400 480 3449 addit
495 3400 608 3464 repetitio
625 3401 704 3449 brevis
747 3402 812 3466 oepit
825 3418 880 3451 oum
891 3402 973 3449 Grues.
986 3400 1080 3447 Ernest.
1092 3399 1117 3445 J.
1128 3400 1159 3445 V.
1173 3400 1200 3446 L.

198 3490 224 3528 et
236 3480 355 3529 invidiose
369 3480 529 3545 superiorum.
783 3489 808 3537 4.
820 3481 893 3544 Quod
901 3480 979 3528 sciret.
986 3478 1060 3540 Quod
1070 3492 1121 3524 uon
1133 3475 1254 3523 dubitaret
1284 3523 1287 3527 ,

233 3562 333 3625 mx,
351 3577 373 3609 1.
384 3559 639 3624 Atqnensudnsedom.
650 3559 704 3608 cn·-
748 3561 804 3625 quia
814 3559 935 3625 supplicio
948 3558 1104 3606 subduxisset
1113 3569 1198 3602 verum
1217 3568 1256 3599 ss·

198 3655 254 3687 men
266 3640 411 3701 mejestatis,
426 3639 548 3699 objectum
566 3654 638 3701 supra
648 3654 703 3702 esp.
749 3640 891 3703 chipirutsm
899 3638 946 3686 sibi
953 3637 1076 3697 obiectum
1089 3634 1119 3680 iri
1132 3632 1158 3678 id
1166 3632 1256 3679 suetum

201 3714 415 3781 25,eoulirmatur
425 3717 549 3781 ipsiusmet
557 3718 640 3765 Verris
649 3732 707 3765 eon·
749 3719 823 3768 fuisse
837 3728 939 3783 propter
953 3716 1080 3781 pecuniam
1098 3726 1171 3773 quam
1181 3709 1213 3756 uls
1225 3725 1256 3758 eo

199 3790 338 3847 fessione'et
350 3796 538 3862 amplificatione
550 3796 706 3847 dilaniun-
750 3788 894 3862 recepisset}
909 3797 943 3844 ob
954 3795 1017 3843 haue
1028 3808 1077 3839 rem
1092 3789 1201 3838 eumdem
1218 3804 1255 3835 er-

201 3876 294 3924 Iudur't.
313 3876 342 3924 Id
358 3888 408 3935 est,
421 3875 539 3933 irretivit,
558 3875 708 3939 illaqueavit,
751 3877 892 3941 chipirutnm
905 3891 931 3921 se
951 3873 1018 3922 domi
1032 3886 1082 3918 sun
1093 3868 1125 3916 ed
1136 3868 1255 3929 judicium

202 3955 288 4002 usitata
302 3955 414 4003 Ciceroni
424 3954 563 4019 metaphora
573 3965 667 4020 sumpte
679 3955 709 4003 de
751 3972 823 4005 suum
834 3969 979 4015 reservme,
994 3965 1044 4015 quo
1058 3949 1150 3998 ieoilius
1162 3949 1212 4007 ejus
1226 3957 1259 3994 te-

203 4033 270 4089 leris,
282 4050 336 4097 quse
347 4035 374 4081 in
384 4035 466 4099 plugss
474 4034 519 4082 sibi
530 4050 544 4081 e
557 4034 711 4082 senatoribus
754 4034 869 4083 stimouio
884 4033 976 4083 crimen
993 4029 1146 4080 inimieorum
1163 4026 1255 4076 diluere

202 4112 292 4173 posius
315 4114 387 4162 stulte
413 4115 551 4176 incurrunt,
575 4113 664 4178 quibus
686 4130 712 4162 se
755 4124 843 4179 posset.
