3116 4774
305 409 378 507 476
624 411 672 478 u.
698 412 738 478 r.
764 411 1040 481 ctcuaorus

304 533 374 604 illis
411 526 655 601 difficillimis⁵
692 531 892 604 solutionis.
926 535 1051 624 Quum
1084 543 1253 602 uteretur
1285 529 1375 603 dote

304 644 430 713 uxoris
451 656 658 731 numerata3
677 667 753 738 quo
769 644 912 715 mulieri
930 656 1023 714 esset
1038 665 1095 712 res
1112 637 1291 728 cautior⁶‚
1307 666 1376 712 cu-

306 754 417 839 ravit,
444 765 487 820 ut
514 752 550 820 in
580 775 625 821 e0
655 749 770 823 fundo
801 751 869 823 dos
899 751 1145 823 collocaretur.
1175 748 1375 845 Aliquanto

301 875 405 960 post,
423 860 498 955 jam
518 861 719 957 argentaria
739 860 932 949 dissoluta,
948 860 1132 932 Fulcinius
1153 857 1239 930 huic
1259 855 1375 930 fundo

300 972 426 1041 uxoris
453 970 676 1041 continentia
700 970 866 1066 quaedam
890 969 1022 1067 praedia
1045 958 1154 1064 atque
1178 966 1371 1063 adjuncta⁷

304 1093 495 1150 mercatur.
520 1081 677 1148 Moritur
694 1080 877 1150 Fulcinius
895 1078 1036 1174 (multa
1055 1080 1172 1163 enim,
1191 1092 1374 1173 quaesunt

305 1191 344 1259 in
363 1212 421 1275 re,
438 1190 524 1284 quia
540 1202 679 1258 remota
699 1203 784 1258 sunt
801 1214 820 1259 a
836 1212 960 1274 causa,
975 1179 1309 1285 praetermitmm⁸):
1324 1201 1374 1257 te·

276 1308 481 1368 'stamento
510 1296 596 1368 facit
622 1296 815 1386 heredem,
842 1311 952 1396 quem
972 1295 1129 1368 habehat
1151 1298 1374 1367 e'Caesennia

301 1406 439 1493 filium3
459 1405 727 1478 usumfructum
747 1412 912 1480 omnium
932 1407 1118 1479 bonorum
1135 1429 1289 1476 suorum
1303 1409 1374 1475 Cae·

302 1521 437 1588 senniae
455 1516 571 1612 legat,
591 1531 633 1588 ut
647 1515 828 1589 frueretur
847 1544 919 1590 una
939 1542 1023 1589 cum
1040 1515 1128 1587 filio.
1144 1521 1298 1613 Magnus
1313 1515 1374 1586 ho-

304 1650 372 1697 nos
388 1627 481 1695 viria
496 1626 684 1721 jucundus
701 1629 846 1700 mulieri
860 1627 1003 1715 luisset,
1021 1633 1051 1698 si
1068 1626 1281 1698 diuturnum
1298 1651 1374 1697 esse

304 1734 473 1806 licuisset.
497 1740 691 1808 Frueretur
713 1741 810 1808 enim
833 1736 939 1808 honis
964 1762 1047 1808 cum
1075 1761 1140 1823 eo,
1166 1760 1277 1833 quem
1302 1740 1375 1806 suis

305 1842 417 1916 honis
440 1844 611 1916 heredem
639 1871 716 1916 esse
743 1844 930 1944 cupiebat,
954 1861 1056 1918 etex
1081 1870 1157 1943 quo
1179 1846 1373 1916 maximum

305 1953 466 2026 fructum
491 1958 568 2053 ipsa
596 1953 812 2052 capiebat¹⁰.
838 1954 907 2027 Sed
931 1954 1030 2025 hunc
1054 1954 1211 2026 fructum
1236 1967 1376 2024 mature

308 2063 458 2137 fortuna
491 2064 633 2136 ademit.
662 2068 754 2137 Nam
784 2062 886 2136 brevi
917 2079 1082 2159 tempore
1112 2066 1161 2131 Μ.
1193 2062 1375 2133 Fulcinius

305 2176 517 2248 adolescens
533 2188 695 2246 mortuus
710 2188 764 2246 est
775 2203 785 2263 3
798 2173 968 2247 heredem
981 2177 1018 2243 P.
1034 2174 1261 2245 Caesennium
1272 2169 1375 2258 iecit3

304 2288 412 2358 uxori
436 2284 571 2383 grande
599 2284 744 2382 pondus
768 2287 928 2382 argenti,
946 2285 1126 2380 matrique
1153 2297 1293 2381 partem
1311 2280 1376 2352 bo·

339 2486 523 2550 &Temporibus
532 2482 683 2551 difficillimis
692 2486 817 2534 solutionis
861 2486 910 2536 fide
924 2486 1003 2546 iacta,
1017 2486 1128 2535 venditio
1144 2486 1208 2534 inter
1221 2487 1335 2533 maritum
1349 2494 1375 2533 et

303 2577 356 2625 est,
369 2565 458 2629 quibus
471 2581 504 2612 aes
520 2564 626 2611 alienum
644 2580 737 2612 summa
750 2565 816 2612 diffi—
860 2582 963 2614 nxorsm
987 2566 1066 2625 valet;
1083 2566 1101 2614 l.
1120 2565 1194 2628 Quod
1213 2576 1295 2612 autem
1315 2564 1331 2628 S
1351 2564 1378 2611 sr'

303 2644 393 2694 cultata
407 2643 597 2693 dissolvebatur:
613 2664 624 2686 ι
633 2645 695 2693 Nam
707 2661 781 2708 quum
791 2645 817 2692 in
861 2662 926 2693 naor
938 2661 955 2692 a
966 2644 1066 2702 marito,
1085 2646 1116 2693 D.
1133 2644 1164 2692 de
1178 2644 1229 2693 dot.
1241 2645 1296 2704 jure
1309 2643 1377 2689 inter

304 2725 362 2774 Asia
374 2740 411 2771 res
424 2738 523 2787 magnas
540 2733 589 2770 tam
603 2722 674 2771 multi
687 2724 819 2772 amiserunt
861 2740 920 2772 mar.
932 2734 955 2771 et
969 2740 1013 2771 ux.
1027 2722 1125 2771 Solebat
1144 2735 1225 2772 autem
1243 2722 1316 2769 etiam
1335 2721 1377 2768 in-

304 2804 386 2871 (initio
400 2802 459 2851 belli
475 2800 647 2869 Mithridatici)
662 2805 751 2851 scimus
766 2805 818 2851 1t0-
861 2802 958 2866 terponi
972 2801 1114 2866 stipulatio,
1129 2802 1211 2851 soluto
1224 2802 1376 2867 patrimonio

303 2900 348 2932 mu
366 2883 488 2933 solutione
506 2882 623 2948 impedita
642 2881 715 2931 fidem
734 2883 817 2929 conci·
862 2880 945 2929 dotem
955 2881 1033 2929 reddi.
1042 2883 1139 2930 Passaa.

305 2963 403 3012 disse».
428 2965 458 3011 ln
479 2974 541 3011 orat.
561 2979 607 3027 pro
626 2961 679 3026 legs
702 2960 817 3009 Manilia:
899 2976 922 3020 7.
942 2959 1097 3007 Continentia
1108 2957 1378 3024 utqusudjuncta.Vi·

303 3064 316 3084 a
326 3045 434 3106 Sequuta
451 3051 509 3090 sunt
524 3057 623 3105 quoquc
639 3053 748 3104 tempora
761 3039 818 3088 Sul·
863 3037 917 3085 cina
933 3050 958 3088 et
975 3040 1093 3103 proxima.
1107 3040 1133 3085 ll
1148 3037 1179 3085 ds
1192 3038 1278 3086 Diria.
1295 3059 1306 3081 ι
1318 3035 1379 3085 mari

304 3119 359 3168 lana
370 3118 514 3167 difficillima
528 3129 552 3166 et
563 3120 753 3182 perniciosisima
766 3134 820 3166 mu·
863 3133 904 3164 aer
919 3119 1048 3166 continens
1061 3127 1097 3164 est
1108 3137 1128 3162 a.

304 3197 402 3260 ulcipiis
414 3196 526 3260 plurimis
540 3196 644 3243 ltalia».
662 3199 764 3245 Passan-
783 3223 818 3233 -
898 3198 922 3245 8.
934 3198 999 3261 Quia
1012 3208 1106 3243 remota
1119 3206 1175 3244 sunt
1189 3211 1206 3242 a
1221 3211 1298 3243 cuasa
1309 3210 1376 3257 μνω-

306 3272 392 3323 Mallet
424 3273 555 3321 Lambinus
598 3296 611 3315 ι
627 3272 777 3322 difficillimas
790 3291 818 3336 »3
862 3277 1002 3326 terminans.
1019 3278 1082 3341 Quia
1098 3292 1149 3324 non
1168 3287 1218 3323 tam
1231 3276 1263 3324 ad
1277 3290 1375 3323 causam

303 3355 486 3402 Hottoruannus
500 3367 577 3409 veru,
590 3350 763 3400 «difficillimis
776 3370 818 3403 so·
861 3359 983 3419 pertinent
1010 3356 1148 3420 praeteribo.
1177 3354 1265 3404 Studet
1292 3365 1374 3401 autem

304 3430 466 3480 lutionihusn.
475 3432 500 3478 J.
507 3432 539 3477 V.
553 3432 580 3479 L.
861 3436 1007 3483 narrationis
1021 3435 1141 3484 brevitati.
1148 3437 1253 3483 Passaa.

340 3511 366 3560 6.
389 3510 442 3573 Quo
461 3507 557 3556 mulieri
573 3521 634 3556 esset
655 3511 816 3561 massutior.
898 3530 921 3575 9.
933 3517 1041 3577 Magnus
1051 3513 1127 3561 honos
1136 3513 1195 3562 ariri.
1204 3510 1375 3562 lionorificum

305 3592 340 3639 Ut
362 3589 437 3654 magis
455 3586 510 3637 doti
529 3589 704 3639 consuleretur.
719 3590 758 3638 Sic
771 3608 818 3656 pm
862 3592 936 3639 luisse
949 3591 1042 3655 aliquid
1059 3593 1131 3640 amici
1149 3603 1298 3642 testamento
1310 3591 1376 3639 acci·

306 3671 415 3718 Roscio:
433 3670 482 3716 «lu
496 3684 548 3716 eam
562 3679 655 3732 partem
670 3670 753 3733 potius
767 3686 820 3733 pso
863 3687 934 3735 pere,
949 3670 1040 3718 dictum
1053 3672 1127 3720 estin
1144 3685 1206 3720 orat.
1217 3688 1264 3735 pro
1275 3670 1377 3734 Quintio

307 3760 378 3807 cant,
391 3765 447 3812 quta
463 3758 500 3796 cst
518 3749 642 3807 cautior»,
657 3760 712 3811 est,
731 3750 819 3814 inqua
863 3749 979 3814 copiose;
994 3750 1061 3798 unda
1080 3751 1169 3797 assumi
1183 3760 1378 3815 poteruntque

306 3826 361 3889 plus
372 3839 408 3875 est
421 3829 550 3876 cautionis.
558 3831 626 3894 Soepe
636 3828 700 3877 enim
709 3846 723 3876 a
732 3831 820 3878 marito
863 3828 895 3877 ad
907 3830 973 3877 hunc
986 3829 1069 3877 locum
1080 3829 1201 3894 pertinere
1216 3828 1376 3877 videbuntur.

307 3918 395 3952 uxorea
412 3905 504 3969 praedia
520 3908 618 3971 pignori
638 3908 671 3956 oh
685 3909 768 3957 dotem
780 3924 820 3955 ac·
863 3910 984 3958 Horrora.

306 3980 445 4044 eripiebant,
466 3987 533 4047 quod
556 3989 577 4033 si
599 3988 726 4045 emissent,
747 4000 769 4034 et
792 4004 819 4033 ca
902 4002 940 4036 ιο.
955 3988 1054 4051 Erquo
1065 3986 1199 4033 anaximeni
1202 3983 1312 4048 strictum
1323 3983 1378 4047 r'pm

307 4061 398 4122 eruptio
413 4060 551 4111 donatIunis
564 4080 635 4111 causa
650 4063 821 4112 lactavideba·
864 4068 985 4130 cupiebat.
1011 4066 1108 4116 Alludit
1136 4066 1167 4114 ad
1199 4066 1378 4114 usumfructum

306 4149 356 4200 tur,
369 4138 461 4187 nullius
480 4150 531 4188 erat
550 4143 676 4190 momenti·
696 4143 738 4190 Sin
753 4142 820 4191 bona
865 4143 996 4194 bonorum.
1010 4144 1092 4195 Multo
1101 4145 1230 4205 majorem,
1241 4143 1381 4208 lnquit&
