3200 4768
324 437 393 508 226
641 434 688 501 M.
715 434 753 498 T.
781 431 1059 499 CICERONIS

322 574 468 645 uantur,
480 553 655 626 Mentoris
669 575 798 638 manu,
817 574 959 620 summo
972 548 1141 639 artificio,
1160 551 1262 625 facta.
1276 555 1384 646 Quod

320 676 389 742 iste
411 666 472 739 ubi
493 663 650 748 audivit,
672 664 722 732 sic
749 660 947 758 cupiditate
971 659 1211 734 inflammatus
1233 679 1287 735 est
1309 690 1384 734 non

323 779 441 851 solum
463 772 700 872 inspiciendi,
723 794 849 841 verum
876 774 982 840 etiam
1004 768 1208 859 auferendi,
1235 790 1277 845 ut
1297 777 1386 847 Dio-

324 889 454 960 dorum
475 884 520 956 ad
540 908 578 954 se
596 896 757 968 vocaret,
780 905 820 951 ac
837 894 1012 977 posceret.
1029 881 1112 968 Ille,
1129 885 1192 979 qui
1208 882 1291 954 illa³
1309 911 1385 956 non

325 1002 459 1070 invitus
486 992 655 1079 haberet,
676 989 873 1088 respondet
899 1014 937 1060 se
965 989 1107 1087 Lilybaei
1133 1016 1209 1063 non
1231 993 1385 1081 habere3

308 1087 454 1181 'Melite
471 1103 567 1202 apud
589 1100 780 1199 quemdam
800 1103 1047 1199 propinquum
1066 1127 1171 1173 suum
1190 1106 1386 1202 reliquisse.

324 1227 416 1292 Tum
444 1220 510 1291 iste
538 1215 712 1284 continuo
741 1215 853 1281 mittit
878 1210 1044 1281 homines
1071 1227 1188 1283 certos
1208 1215 1386 1302 Melitam

326 1329 451 1402 scribit
478 1323 523 1396 ad
549 1322 725 1420 quosdam
753 1319 979 1406 Melitenses,
1004 1335 1046 1390 ut
1072 1344 1112 1390 ea
1136 1346 1218 1393 vasa
1240 1327 1387 1421 perqui-

325 1453 426 1523 rant,
442 1449 544 1532 rogat
553 1432 775 1515 Diodorum,
788 1444 830 1500 ut
842 1428 887 1500 ad
900 1429 1002 1500 illum
1017 1455 1123 1502 suurn
1138 1436 1388 1531 propinquum

327 1547 390 1618 det
407 1545 548 1616 literas:
568 1541 656 1612 nihil
674 1543 706 1611 ei
730 1540 874 1636 longius
894 1538 1095 1626 videbatur,
1116 1567 1226 1640 quam
1248 1544 1335 1615 dum
1351 1545 1391 1615 il·

327 1656 390 1728 lud
413 1653 548 1725 rideret
566 1665 765 1748 argentum.
782 1647 986 1737 Diodorus,
1008 1649 1117 1722 homo
1138 1650 1233 1750 frugi
1253 1678 1294 1725 ac
1315 1654 1391 1724 dili·

328 1774 434 1864 gens,
455 1766 518 1860 qui
537 1786 602 1833 sua
617 1783 758 1832 servare
778 1757 905 1843 vellet,
930 1761 1140 1858 propinquo
1161 1786 1228 1834 suo
1251 1763 1391 1849 scribit,

327 1892 371 1947 ut
388 1880 450 1962 iis,
471 1877 536 1971 qui
557 1897 578 1941 a
599 1876 711 1940 Verre
732 1868 935 1952 venissent,
954 1868 1208 1965 responderet,
1228 1871 1318 1943 illud
1335 1897 1393 1944 arm

329 2000 479 2084 gentum
497 2007 535 2053 se
556 1981 678 2079 paucis
697 1979 766 2049 illis
789 1974 915 2047 diebus
937 1978 1072 2049 misisse
1088 1979 1295 2075 Lilybaeum.
1311 1988 1393 2079 Ipse

329 2101 467 2168 interea
490 2088 650 2163 recedit:
673 2087 795 2159 abesse
820 2085 866 2156 ab
890 2085 1000 2156 domo
1025 2087 1222 2186 paullisper
1244 2090 1392 2176 maluit,

330 2231 439 2305 quam
466 2225 621 2301 praesens
645 2198 734 2269 illud
759 2200 898 2294 optime
922 2193 1056 2296 factum
1078 2213 1267 2294 argeutum
1287 2201 1392 2269 amit-

330 2333 419 2388 tere.
444 2312 551 2403 Quod
571 2309 635 2381 ubi
654 2306 789 2383 audivit
806 2309 890 2392 iste,
909 2329 1025 2403 usque
1041 2331 1086 2379 eo
1102 2324 1156 2379 est
1175 2324 1392 2396 commotus,

328 2441 370 2495 ut
388 2425 464 2494 sine
487 2421 560 2491 ulla
580 2417 804 2489 dubitatione
827 2417 984 2489 insanire
1008 2416 1196 2505 omnibus,
1217 2444 1259 2491 ac
1274 2418 1394 2492 furere

336 2532 528 2604 videretur.
559 2529 655 2619 Quia
692 2551 768 2597 non
799 2534 968 2623 potuerat
1005 2543 1194 2626 argentum
1236 2534 1395 2628 eripere,

335 2648 413 2742 ipse
433 2667 452 2712 a
472 2638 636 2711 Diodoro
657 2650 781 2734 erepta
798 2636 867 2707 sibi
881 2660 962 2707 vasa
979 2640 1118 2735 optime
1130 2637 1221 2710 facta
1235 2639 1396 2727 dicebat3

335 2754 491 2826 minitari
511 2748 651 2821 absenti
670 2744 852 2833 Diodoro;
871 2746 1057 2819 vociferari
1071 2751 1208 2847 palam3
1226 2752 1398 2848 lacrymas

334 2860 516 2936 interdum
540 2860 597 2929 vix
619 2872 752 2929 tenere.
773 2855 981 2952 Eriphylam
999 2861 1200 2956 accepimus
1216 2862 1253 2930 iu
1270 2861 1398 2932 fabulis

336 2999 378 3045 ea
399 2969 611 3069 cupiditate,
635 2981 693 3053 ut,
717 2987 831 3060 quum
851 2965 996 3038 vidisset
1017 2969 1172 3059 monile,
1193 2986 1236 3042 ut
1256 2973 1398 3069 opinor,
1455 3046 1459 3057 ,

337 3106 381 3153 ex
395 3103 483 3151 auro
501 3090 537 3147 et
552 3078 721 3172 gemmis,
741 3072 1012 3170 pulchritudine
1030 3078 1110 3173 ejus
1126 3081 1290 3169 incensa,
1310 3081 1399 3153 salu-

337 3205 412 3260 tem
427 3187 494 3256 viri
508 3183 716 3282 proderem.
732 3182 863 3254 Similis
875 3185 977 3257 istius
991 3189 1169 3286 cupiditas
1183 3221 1190 3267 :
1209 3193 1280 3264 hoc
1294 3197 1400 3266 etiarn

339 3382 414 3438 ganto
433 3371 527 3417 vitrove
545 3376 639 3421 meent,
652 3365 777 3414 Therieleo
791 3380 848 3416 sunt
892 3371 1061 3420 cclebcrrlmus
1071 3374 1200 3422 miiaiin
1213 3378 1275 3422 vacis
1286 3376 1400 3424 celandis

340 3451 475 3501 nominata.
491 3447 530 3497 cf.
545 3446 608 3494 Plin.
620 3446 691 3503 XIV,
702 3452 747 3501 4ο,
760 3457 784 3492 et
803 3448 848 3493 Ca·
891 3450 985 3498 artilex.
998 3450 1037 3498 Cf.
1049 3450 1113 3498 Ptin.
1127 3453 1256 3509 mm,
1270 3454 1312 3499 35.

339 3529 408 3583 nub.
422 3527 454 3576 ad
464 3526 553 3575 Athen.
562 3525 614 3582 xl,
626 3532 684 3584 470.
705 3524 769 3570 Olim
782 3523 848 3587 lege·
927 3531 951 3577 3.
959 3529 1017 3577 Illo.
1028 3529 1114 3578 Ernest
1123 3530 1196 3577 deleri
1212 3531 1321 3594 volebat,
1333 3534 1401 3596 quod

339 3613 412 3662 batur
421 3606 554 3662 Heraclea,
562 3603 629 3669 quod
640 3602 848 3651 delenditTurne·
891 3599 952 3646 mule
961 3608 1032 3645 sonat
1039 3599 1081 3646 ille
1090 3599 1135 3662 qni
1142 3600 1196 3648 tlh.
1207 3599 1306 3651 Schiia.
1317 3605 1402 3650 rescu-

340 3685 530 3752 bnsmcmpaab
539 3682 848 3743 Hereule‚cnjusinnsnm
892 3678 942 3740 psit
950 3693 990 3725 ea.

341 3770 431 3819 fuerint
450 3763 571 3829 ejusmodi
594 3777 649 3809 vata
670 3777 771 3826 magna,
795 3776 850 3824 qnae
931 3748 1069 3803 ttalutem
1078 3749 1132 3798 viri
1130 3751 1254 3815 proderat.
1261 3749 1402 3816 Amphiarai

342 3848 404 3896 tanti
414 3846 496 3895 herois
506 3845 571 3893 sitim
583 3842 731 3906 mtingnere
743 3849 850 3904 pomam,
894 3828 971 3886 vatic,
990 3844 1061 3892 qoem
1073 3828 1201 3887 latentem,
1214 3846 1246 3877 ne
1260 3829 1292 3877 ad
1312 3830 1402 3879 bellum

342 3927 390 3975 &tl
406 3942 448 3985 οι,
462 3935 491 3973 ut
509 3935 573 3971 recte
591 3922 794 3970 monuitfflmt,
811 3917 851 3964 di.
894 3907 1036 3956 Thebanum
1045 3908 1132 3968 iret,in
1139 3926 1189 3974 quo
1198 3909 1244 3955 sibi
1252 3911 1403 3973 pereundum

343 4001 619 4065 cuntur-amagnitudlne
627 3995 853 4057 ,hicautemagitur
895 4005 945 4037 ease
954 4005 983 4037 ex
993 3990 1099 4052 auguriis
1109 4000 1223 4047 noverat,
1233 4005 1306 4037 aureo
1317 3990 1403 4037 monili

344 4079 375 4127 de
386 4078 484 4141 poculis
495 4078 526 4124 ad
539 4077 640 4124 modum
653 4075 749 4121 illorum
763 4072 849 4129 factis,
893 4066 1086 4134 corruptnjuxor
1103 4068 1215 4132 Polynici
1228 4068 1347 4133 prodidit.
1361 4070 1400 4119 Cf.

342 4172 398 4222 qu·
407 4154 530 4202 Thedclcs
538 4151 851 4200 fabricaverat-Mentor
893 4150 989 4199 Servius
998 4147 1029 4194 ad
1042 4146 1136 4195 AEneid.
1148 4146 1196 4206 Vl,
1211 4149 1270 4204 445.
