3200 4768
368 363 432 431 r80
760 366 1026 434 EXCURSUS

404 486 435 549 6.
455 487 573 572 Legem
585 483 767 546 Terentiam
787 501 862 572 post
879 485 1002 573 aliquot
1020 506 1140 566 annos,
1157 486 1177 548 i.
1195 508 1224 551 e.
1242 505 1330 551 anno
1346 490 1424 575 691,

358 592 483 679 excepit
509 591 824 653 senatusconsultum
852 592 1086 671 Catonianum;
1110 591 1155 655 sic
1179 591 1322 674 dictum,
1346 597 1423 681 quia

355 698 478 760 factum
495 696 528 758 in
545 695 677 759 Catonis
693 712 742 759 est
757 697 961 761 senteutiam.
985 697 1091 761 Suasit
1111 698 1160 761 rir
1176 698 1228 761 ille
1248 697 1288 762 ad
1307 698 1425 763 distur-

355 800 462 867 banda
477 801 654 890 perniciosa
670 802 802 865 cesaris
818 801 969 884 consilia,
983 818 1040 884 ut,
1055 802 1188 890 quando
1202 805 1423 894 superioribus

354 909 446 973 annis
464 907 681 971 frumentariae
706 908 882 996 largitionis
900 901 1058 972 beneficio
1077 907 1229 974 discussae
1246 911 1367 993 turbae,
1389 927 1423 975 et

353 1013 566 1101 tranquillitas
596 1013 780 1101 reipublice
811 1013 937 1079 reddita
964 1015 1098 1097 fuisset,
1128 1015 1242 1080 eodem
1274 998 1419 1081 remedio

353 1119 483 1184 Caesaris
509 1119 680 1184 conatibus
702 1119 830 1183 obviarn
852 1121 971 1199 iretur;
991 1121 1205 1209 occupatique
1222 1123 1322 1185 animi
1341 1145 1422 1210 pau·

254 1294 259 1303 ,
352 1225 518 1313 periorum
540 1224 604 1290 hoc
627 1247 762 1289 munere
782 1226 906 1290 senatui
927 1227 1230 1291 reconciliarentur:
1251 1250 1317 1315 quo
1335 1229 1421 1292 facto

353 1331 491 1394 Caesaris
503 1353 576 1419 spes
592 1332 626 1393 in
644 1348 757 1396 ventos
774 1332 899 1413 abiere,
920 1355 980 1396 nec
1003 1332 1109 1396 molin'
1126 1331 1304 1420 quidquam
1322 1356 1421 1397 ausus

350 1453 408 1501 est.
435 1436 653 1501 Distributum
677 1455 725 1501 est
749 1460 827 1527 ergo
857 1437 944 1526 plebi
967 1438 1169 1502 frumentum
1197 1455 1419 1520 menstruum3

350 1565 423 1630 quae
440 1543 580 1606 accessio
599 1542 661 1606 fuit
676 1541 717 1606 ad
733 1544 875 1631 reliquos
893 1560 1044 1632 sumptus
1060 1543 1243 1633 reipublicae
1258 1545 1418 1633 quingen-

350 1664 457 1710 tarum
474 1648 709 1736 quinquaginta
727 1646 932 1737 myriadum,
948 1648 1057 1736 inquit
1075 1649 1286 1729 Plutarchus,
1302 1650 1335 1713 in
1353 1652 1420 1713 Cae·

351 1775 439 1835 sare,
466 1772 523 1816 seu
546 1751 712 1817 ducenties
737 1753 833 1817 ricles
860 1754 1062 1836 sestertium,
1086 1754 1157 1842 gall.
1182 1758 1358 1836 4,141,ooo
1380 1758 1418 1818 fr.

351 1858 401 1922 vel
412 1857 549 1921 millium
566 1857 785 1922 ducentomm
801 1857 1040 1946 quinquaginta
1053 1858 1270 1940 talentorum,
1287 1883 1345 1923 seu
1356 1876 1420 1924 tre·

349 1964 471 2029 centies
489 1964 673 2028 sestertium
702 1962 795 2051 (gall.
815 1961 992 2045 6,150,ooo
1009 1963 1086 2052 fr),
1102 1979 1138 2026 ut
1154 1961 1241 2026 idem
1258 1963 1369 2028 scribit
1384 1966 1417 2027 in
1502 1988 1511 1997 ·

347 2071 417 2137 Cat.
434 2094 528 2153 nam,
552 2086 590 2134 ut
607 2070 722 2158 saepius
738 2067 826 2157 apud
844 2068 997 2135 eumdem
1014 2068 1143 2150 accidit,
1167 2069 1269 2132 variat
1288 2068 1416 2133 Plutar-

348 2177 430 2241 chus
446 2179 479 2241 in
497 2200 634 2242 summa.

291 2292 298 2313 '
391 2283 497 2363 Hujus
524 2282 571 2346 rei
598 2284 726 2371 culpam
752 2281 786 2347 in
813 2284 960 2349 librarios
989 2284 1110 2348 derivat
1142 2281 1308 2363 Rualdus,
1339 2283 1420 2346 Ani-

350 2386 455 2451 madv.
471 2390 585 2470 XXII,
597 2405 630 2453 et
639 2389 748 2469 jubet,
762 2400 845 2454 utet
861 2395 1082 2471 Gontarcnus,
1099 2389 1163 2453 illie
1176 2388 1239 2477 legi
1253 2398 1417 2469 ίπτακὸσιαι,

347 2498 570 2582 sepn'ngentoe,
597 2516 656 2581 pro
679 2510 714 2574 τῷ
743 2505 923 2569 πεντακόσιαι,
947 2498 1146 2583 qur'ngentoe,
1184 2490 1273 2580 quod
1300 2507 1347 2555 est
1382 2492 1416 2555 in

347 2600 496 2690 vulgatis.
524 2598 615 2664 Idem
648 2599 794 2665 Rualdus
821 2601 900 2665 dum
929 2600 1139 2664 Plutarchum
1165 2598 1242 2663 ibid.
1272 2599 1416 2662 criminis

347 2709 447 2771 unius
470 2706 626 2787 absolvit,
653 2706 804 2771 eumdem
830 2707 961 2770 alterius
983 2706 1144 2794 postulat,
1174 2703 1342 2792 imperitiae
1366 2704 1417 2766 ni·

348 2813 488 2895 mirum,
509 2813 560 2876 rel
583 2813 695 2876 saltem
720 2811 930 2902 negligentia.
960 2812 1009 2874 Ex
1027 2833 1066 2873 eo
1092 2811 1179 2874 enim
1199 2809 1290 2898 quod
1311 2832 1416 2874 anno·
1460 2885 1471 2893 μ
1569 2812 1570 2829 ’

347 2920 427 2983 narii
449 2919 546 2999 hujus
567 2917 840 2983 senatusconsulti
858 2915 952 3005 plane
976 2939 1041 2980 non
1072 2916 1220 2980 meminit
1238 2915 1415 2995 Asconius,

256 3015 259 3022 ¹
348 3027 381 3089 in
401 3027 510 3091 Pison.
537 3024 593 3089 sed
619 3048 637 3089 a
665 3025 850 3089 Gracchana
869 3024 938 3113 lege
957 3022 1063 3088 desilit
1081 3025 1188 3088 statim
1207 3023 1248 3088 ad
1270 3020 1440 3087 Clodiam.

344 3130 608 3209 frumentariam,
635 3128 807 3193 contendit
831 3145 945 3194 contra
970 3129 1179 3194 Plutarchum
1202 3130 1251 3192 vir
1269 3122 1415 3191 eruditus

346 3234 426 3299 illud
444 3257 510 3297 non
526 3233 682 3322 riguisse,
701 3233 759 3298 sed
778 3235 893 3301 eodem
908 3237 999 3324 quasi
1017 3251 1184 3300 momento
1198 3249 1230 3297 et
1246 3233 1367 3297 factum
1384 3249 1416 3297 et

345 3341 537 3429 abrogatum
556 3339 664 3404 fuisse.
683 3340 911 3429 Respondetur
926 3338 1051 3404 Rualdo
1070 3362 1137 3402 non
1159 3337 1270 3403 itidem
1292 3360 1415 3402 memo·

346 3447 409 3511 rari
430 3445 470 3509 ab
491 3446 630 3509 Asconio
651 3447 737 3534 leges
761 3446 945 3523 Octaviam,
970 3442 1161 3529 Apuleiam,
1180 3458 1215 3506 et
1236 3438 1310 3505 alias
1334 3466 1414 3530 quas

344 3576 440 3643 supra
464 3551 688 3633 recitavimus3
713 3572 785 3639 quoe
814 3547 1026 3613 nihilominus
1044 3547 1173 3635 perlatae
1194 3563 1280 3611 sunt.
1307 3548 1414 3636 Atque

344 3661 419 3726 ideo
442 3675 671 3748 argumentum
696 3680 735 3721 cx
761 3655 889 3720 rlsconii
912 3652 1040 3717 silentio
1064 3669 1177 3717 contra
1203 3668 1413 3717 senatuscon-

344 3770 466 3831 sultum
483 3766 698 3829 Catonianum
711 3785 777 3826 non
794 3776 880 3824 recte
894 3761 1024 3824 assumi.
1039 3759 1197 3824 Praeterea
1211 3760 1286 3823 satis
1299 3758 1414 3824 habuit

345 3873 507 3934 Asconius
526 3871 567 3934 ad
587 3894 653 3934 rem
671 3882 863 3956 praesentem
879 3865 995 3929 afferre
1018 3866 1120 3954 legem
1138 3864 1333 3953 principem,
1350 3865 1414 3929 hoe

345 3992 411 4055 est,
429 3975 665 4054 Gracchanum,
685 3997 703 4035 a
722 3994 802 4058 qua,
820 3994 879 4036 eeu
895 3970 1007 4052 fonte,
1027 3970 1178 4058 deinceps
1195 3971 1413 4034 frumentariae

345 4079 428 4168 leges
441 4078 578 4141 maxime
593 4077 763 4165 populares
775 4075 923 4140 derivatae
938 4094 1032 4157 sunt,
1051 4093 1087 4139 ut
1103 4075 1305 4159 ostenderet,
1319 4076 1411 4164 qnasi
