3148 4780
365 445 419 516 trt
442 445 658 515 vnnnnn
680 448 788 516 tur.
813 449 868 532 11,
891 448 985 518 ern.
1010 450 1053 518 v,
1101 436 1105 444 '
1153 449 1224 538 435

167 572 304 642 civem²
322 588 529 654 romanum,
547 567 611 663 qni
631 566 803 638 omnibus
821 568 858 639 in
874 568 935 638 illo
956 585 1137 644 conventu
1158 597 1227 647 no·

166 693 243 765 tus,
263 678 326 774 qui
344 679 523 773 Syracusis
538 690 644 747 natus
666 691 777 764 esset,
794 701 815 748 a
835 691 871 748 te
884 678 1001 748 securi
1019 702 1226 775 percussum

167 812 245 863 esse
267 785 368 857 dixit.
492 766 499 787 ⁸

215 901 298 968 Post
315 896 408 968 banc
422 894 567 967 illorum
587 893 902 983 vociferationem,
925 910 1008 994 post
1028 888 1121 969 banc
1135 923 1230 971 com·

169 1031 316 1079 munem
343 1005 473 1076 famam
498 1018 607 1100 atque
635 1007 915 1101 querimoniam,
941 1030 1015 1076 non
1044 1007 1166 1079 mitior
1191 1012 1230 1081 in

168 1116 361 1215 supplicio,
380 1114 443 1187 sed
463 1113 670 1211 diligentior
689 1137 764 1186 esse
783 1116 904 1211 coepit.
929 1114 1114 1212 Capitibus
1132 1118 1232 1190 invo-

168 1225 252 1297 lutis
274 1226 369 1297 cives
388 1247 558 1295 romanos
587 1222 632 1295 ad
662 1249 789 1295 necem
822 1222 1022 1321 producere
1049 1226 1230 1299 instituit:

168 1360 261 1432 quos
279 1347 399 1406 tamen
418 1331 551 1404 idcirco
570 1332 722 1404 necabat
740 1334 876 1430 palam,
898 1333 999 1431 quod
1017 1333 1181 1407 homines
1195 1338 1234 1408 in

169 1459 368 1529 conventu,
387 1441 424 1513 id
447 1441 549 1538 quod
568 1456 672 1511 antea
693 1438 890 1531 diximus³,
907 1444 1059 1513 nimium
1080 1442 1232 1542 diligen·

170 1569 226 1625 ter
250 1550 461 1649 praedonum
478 1570 671 1619 numerum
688 1547 932 1644 requirebant.
952 1551 1116 1622 Haecine
1135 1553 1235 1651 plebi

171 1686 345 1747 romana,
371 1674 407 1731 te
433 1671 611 1756 praetore,
641 1672 697 1729 est
723 1661 918 1729 constituta
947 1660 1132 1732 conditio?
1158 1663 1236 1736 haee

173 1771 307 1868 negotii
325 1768 473 1866 gerendi
489 1767 614 1865 spesi?
627 1766 697 1838 hoc
710 1767 836 1864 capitis
850 1767 1004 1864 vitaeque
1020 1768 1237 1843 discrimen?

173 1885 350 1953 Parumne
365 1875 480 1948 multa
493 1875 753 1948 mercatoribus
765 1889 851 1946 sunt
864 1881 1066 1955 necessario
1078 1881 1237 1976 pericula

174 1986 364 2061 subeunda
375 1984 546 2073 fortunae,
559 1986 626 2056 nisi
639 1989 747 2081 'etiam
760 1985 816 2056 bae
828 1985 1037 2056 formidines
1049 1987 1094 2058 ab
1107 1995 1239 2063 nostris

174 2094 454 2194 magistratibus,
475 2109 584 2192 atque
607 2097 646 2164 in
670 2095 804 2165 nostris
833 2097 1028 2192 provinciis
1048 2099 1239 2194 impende·

174 2206 292 2279 bunt?
307 2205 361 2277 Ad
378 2229 504 2276 eamne
522 2228 601 2275 rem
618 2200 687 2273 fuit
705 2202 781 2273 baec
802 2202 1033 2292 suburbana,
1058 2230 1100 2277 ac
1122 2205 1238 2282 fidelis

176 2316 358 2414 provincia
376 2314 512 2401 Sicilia,
530 2313 638 2410 plena
656 2314 879 2410 optimorum
897 2314 1097 2404 sociorum,
1122 2314 1239 2391 hone-

177 2427 486 2519 stissimorumque
496 2423 643 2507 civium,
654 2446 735 2519 quae
745 2425 840 2493 cives
852 2446 1020 2493 romanos
1034 2447 1159 2497 omnes
1167 2430 1242 2500 suis

177 2537 253 2634 ipsa
285 2533 431 2611 sedibus
467 2530 701 2603 libentissime
732 2555 875 2630 semper
909 2533 1066 2629 accepit,
1087 2548 1149 2622 ut,
1175 2538 1241 2634 qui

153 2687 155 2691 <
179 2670 294 2741 usque
309 2669 353 2715 ex
366 2643 489 2713 ultima
506 2637 625 2738 Syria⁵
637 2655 747 2739 atque
760 2646 914 2740 AEgypto
930 2645 1157 2739 navigarent,
1176 2649 1242 2743 qui

180 2752 276 2850 apud
309 2750 501 2839 barbaros,
532 2765 682 2848 propter
707 2765 798 2851 togae
827 2747 1006 2841 nomenl,
1039 2751 1241 2827 inhonore

180 2863 302 2957 aliquo
316 2860 465 2934 fuissent
474 2916 484 2946 ‚
494 2862 559 2958 qui
571 2886 612 2933 ex
624 2860 837 2958 praedonum
851 2859 1004 2945 insidiis,
1016 2864 1081 2956 qui
1095 2886 1140 2935 ea
1153 2878 1242 2935 tem·
1341 2876 1343 2887 '

181 2986 360 3070 pestutum
382 2973 551 3069 periculis
568 2970 827 3069 profugissent,
842 2975 880 3040 in
894 2969 1011 3040 Sicilia
1024 2973 1142 3041 securi
1155 2972 1241 3047 feri·

217 3227 242 3261 a.
252 3210 368 3259 Maiam
379 3207 459 3258 er'eaae
472 3207 591 3256 Eundem
599 3209 690 3257 Lila-
732 3202 787 3253 raia.
797 3201 1035 3266 Gauaaproeti'eota.
1045 3200 1075 3249 ld
1084 3213 1130 3261 eat,
1141 3219 1244 3272 propre„

182 3290 294 3341 sennim
309 3288 426 3352 intellige.
733 3295 822 3328 nomen
833 3282 1014 3341 Romanorum,
1025 3295 1131 3344 quonam
1140 3289 1241 3350 propria

219 3372 245 3420 3.
258 3368 412 3433 Quodnam
422 3364 538 3415 dicebam.
550 3364 605 3413 vid.
619 3380 692 3428 snpra
733 3359 808 3407 vastia
824 3370 875 3407 erat
889 3369 958 3423 toga,
975 3360 1014 3409 uti
1030 3360 1172 3411 Gmooram
1185 3381 1245 3429 pro·

183 3466 238 3514 up.
248 3450 293 3499 28.
736 3439 818 3503 prim
831 3438 877 3487 fult
886 3438 993 3503 pallium·
1002 3439 1070 3487 Hinc
1082 3442 1151 3506 Virg.
1159 3447 1213 3494 AEu,
1224 3450 1247 3510 Ι,

220 3539 245 3586 t.
259 3530 320 3576 Hoea
330 3524 423 3591 negotii
430 3522 533 3590 pmii
542 3528 610 3588 spes?
620 3522 659 3572 en
667 3522 695 3568 in
739 3518 880 3576 2⁸6,th
891 3520 1025 3579 Romanu,
1031 3535 1112 3568 ternu
1123 3521 1245 3586 dominor,

183 3609 247 3658 banc
257 3625 327 3674 apem
334 3616 492 3655 mercaturam
500 3604 605 3662 lanium,
612 3617 645 3650 an
652 3617 691 3649 ca·
737 3607 899 3661 egentemque
907 3608 1013 3662 togatam
1022 3598 1121 3646 mllivea
1132 3615 1246 3654 romano.

184 3689 243 3754 pitia
254 3689 358 3752 viteque
371 3686 502 3734 ‹lnerimen
510 3694 573 3731 tarra
585 3683 693 3746 marique
737 3686 819 3739 tossm
830 3675 857 3722 in
870 3675 1109 3740 provinciiegeetare
1123 3678 1187 3741 leges
1203 3684 1244 3744 ju.

184 3768 302 3826 anbeunt,
321 3778 350 3816 ut
369 3766 469 3815 domum
481 3764 570 3810 reveni
588 3772 645 3825 post
655 3769 694 3808 tot
737 3754 843 3814 namn,
856 3756 900 3818 qni
916 3758 966 3803 non
986 3754 1125 3817 flatabant,
1142 3760 1247 3811 eivitatia

184 3846 292 3905 laboaea,
302 3845 462 3909 expilentnaa
473 3842 563 3889 noenia
571 3840 695 3904 magistra·
734 3835 776 3895 jna
793 3831 982 3890 imminuebant,
995 3843 1023 3881 nt
1033 3849 1065 3880 ex
1079 3836 1188 3886 oration
1199 3857 1246 3904 pm

185 3925 254 3973 tibna
266 3936 290 3973 et
301 3924 379 3972 securi
393 3920 528 3971 feriantur?
737 3913 863 3962 ramniu
875 3910 1027 3974 intelligitus.
1038 3914 1073 3960 At
1085 3914 1175 3977 quibua
1185 3935 1247 3985 aqu.

223 4004 247 4052 5.
261 4006 302 4052 Ea
313 4002 399 4052 ultima
410 4000 489 4065 Syria.
509 3998 573 4050 Gall.
588 3995 698 4062 defend
738 4004 763 4042 et
773 3990 1250 4058 ignemtardioebatnrfiistogasjmffi.

185 4082 254 4135 dela
267 4084 343 4144 Syrie.
739 4072 863 4131 uebatur,
882 4069 1087 4135 quenadmodum
1109 4074 1200 4128 Pliniu,
1223 4083 1249 4132 fi,

222 4163 248 4209 6.
262 4164 362 4225 Propter
381 4173 446 4224 tegre
468 4175 564 4212 minen.
577 4159 696 4221 Metony·
739 4152 783 4201 lib.
795 4153 831 4201 tv
841 4152 998 4217 epiaaolaenm
1014 4161 1122 4201 aenam.
1260 4178 1265 4185 ·

1077 4237 1134 4308 28.
