3186 4772
388 427 440 495 IN
465 425 677 493 VERREM
701 424 811 493 ACT.
837 426 891 509 II,
915 424 1008 492 LIB.
1034 426 1099 493 lV.
1201 423 1270 521 273
1321 422 1324 437 ’

214 549 353 619 violatae
379 547 580 643 religionis,
601 572 808 645 nomenque
828 551 865 616 P.
891 547 1086 642 Scipionis,
1102 549 1271 645 reliquit:
1350 628 1353 632 y

216 657 375 728 hostium
403 657 532 754 spolia,
559 670 793 727 monumenta
821 657 1113 752 imperatorum9,
1144 659 1275 730 decora

216 782 325 862 atque
345 780 555 837 ornamenta
574 763 738 837 fanorum
762 764 931 863 posthac,
949 763 1003 834 his
1022 766 1196 861 praeclaris
1212 794 1276 839 no-

216 874 374 946 minibus
387 877 540 962 amissis,
556 877 594 945 in
608 878 849 946 instrumento
863 898 904 945 ac
917 872 1128 971 supellectili
1141 881 1179 946 C.
1196 882 1277 949 Ver-

216 987 265 1056 ris
283 986 572 1056 numerabuntur
585 996 627 1057 ¹⁰.
1320 975 1325 983 ¹

263 1100 318 1166 Tu
334 1094 498 1167 videlicet
512 1094 609 1166 solus
629 1097 721 1166 vasis
740 1094 936 1166 Corinthiis
950 1093 1159 1165 delectaris?
1176 1110 1216 1165 tu
1232 1094 1274 1165 il-

215 1205 284 1276 lius
302 1209 379 1276 aeris
397 1210 714 1303 temperationem¹
724 1214 751 1293 ¹,
766 1221 804 1276 tu
823 1230 976 1304 operum
990 1204 1206 1275 lineamenta
1219 1230 1278 1299 so-

216 1312 403 1385 lertissime
423 1314 614 1411 perspicis?
633 1312 707 1385 haec
726 1316 844 1411 Scipio
864 1314 924 1385 illc
943 1340 1018 1385 non
1038 1313 1278 1409 intelligebat,

45 1496 49 1501 ,
215 1421 327 1493 homo
340 1422 566 1492 doctissimus
579 1437 686 1517 atque
699 1422 977 1494 humanissimus
987 1424 1043 1493 1²?
1061 1437 1100 1492 tu
1114 1425 1191 1493 sine
1204 1423 1277 1495 ulla

69 1516 73 1521 ’
173 1618 176 1623 θ
216 1528 313 1600 bona
328 1543 423 1616 arte,
440 1530 517 1599 sine
531 1530 864 1616 humanitate,sine
878 1533 1137 1627 ingeni0,sine
1151 1531 1279 1628 literis,
1383 1612 1388 1619 ὴ

216 1637 385 1733 intelligis
408 1653 445 1708 et
462 1637 620 1731 judicas?
638 1638 747 1725 Vide,
768 1664 814 1708 ne
836 1639 895 1709 ille
914 1664 992 1710 non
1012 1638 1129 1710 solum
1143 1654 1279 1739 tempe·

216 1747 352 1833 rantia,
371 1746 434 1817 sed
451 1749 556 1818 etiam
572 1747 806 1842 intelligentia
826 1762 879 1833 te,
901 1762 1010 1844 atque
1031 1753 1135 1835 istos,
1156 1756 1277 1846 quise

219 1856 398 1952 elegantes
425 1856 495 1927 dici
517 1857 661 1943 volunt,
677 1858 812 1927 vicerit.
836 1859 926 1927 Nam
946 1860 1048 1953 quia,
1069 1883 1175 1954 quam
1196 1860 1277 1955 pul-

218 1965 304 2036 chra
322 1982 455 2054 essent,
473 1965 711 2063 intelligebat,
728 1966 861 2037 idcirco
877 1968 1122 2052 existimabat,
1143 1992 1184 2039 ea
1204 1993 1279 2039 non

218 2074 262 2145 ad
283 2074 470 2145 hominum
493 2075 693 2163 luxuriem,
713 2074 775 2146 sed
792 2076 838 2145 ad
855 2092 1023 2145 ornatum
1041 2073 1208 2145 fanorum
1227 2092 1278 2147 at·

217 2209 290 2281 que
308 2183 526 2282 oppidorum
542 2209 619 2255 esse
637 2183 748 2269 facta,
771 2198 812 2253 ut
830 2185 981 2280 posteris
1001 2186 1132 2255 nostris
1150 2208 1278 2255 monu-

217 2308 338 2364 menta
358 2295 521 2389 religiosa
533 2291 565 2337 ¹³
589 2317 665 2364 esse
683 2291 883 2363 videantur.

265 2407 373 2474 XLV.
393 2404 522 2476 Audite
544 2405 672 2475 etiam¹
695 2401 912 2501 singularem
929 2400 1025 2496 ejuS,
1043 2400 1198 2496 judices,
1219 2430 1279 2476 cu·

217 2511 423 2610 piditatcm,
449 2515 656 2601 audaciam,
688 2517 900 2598 amentiam,
931 2512 969 2580 in
996 2510 1053 2583 his
1083 2516 1279 2609 pracsertim

219 2625 327 2693 sacris
354 2623 577 2721 polluendis,
605 2648 684 2721 quae
712 2649 788 2695 non
812 2622 922 2692 modo
944 2620 1111 2693 manibus
1134 2626 1280 2720 attingi,

221 2731 344 2804 sedne
358 2726 571 2830 cogitatione
587 2733 757 2831 quidem²
777 2732 901 2803 violari
919 2730 971 2802 las
987 2730 1065 2802 fuit.
1082 2735 1281 2804 Sacrarium

220 2933 254 2979 rie
267 2931 373 2981 audacior
386 2932 559 2998 diripuerunt,
571 2937 663 3000 quippe
671 2935 727 3000 qui·
809 2952 850 2985 1².
859 2932 1061 2983 Humanirsimus,
1071 2935 1153 2981 Homo
1163 2934 1230 2981 omui
1241 2952 1281 2983 ur·

220 3009 267 3058 hue
276 3011 418 3076 inscriptum
432 3029 519 3061 nomen
533 3015 653 3078 Scipionis
661 3032 728 3062 men·
770 3014 886 3063 buuitutis
897 3013 957 3061 flore
968 3013 1099 3070 excellens,
1111 3023 1136 3060 et
1154 3023 1203 3061 tam
1212 3015 1278 3062 acuti

221 3089 362 3152 aerit,quod
372 3092 479 3140 simulet
491 3093 574 3139 dutum
582 3109 596 3140 ι
605 3093 728 3156 Scipione,
768 3092 864 3156 judicii.

221 3178 246 3217 et
257 3168 363 3216 ablutum
375 3171 473 3218 aVerre
486 3171 582 3233 signum
591 3169 728 3233 profitetur.
811 3173 849 3221 13.
861 3170 991 3236 Religiora.
1003 3171 1032 3219 Id
1041 3182 1089 3227 eet,
1098 3171 1210 3236 religioni
1223 3173 1279 3220 diis·

256 3263 280 3311 9.
294 3250 483 3312 Imperatorum.
504 3248 555 3309 Qui
566 3248 636 3296 victis
653 3249 729 3296 hosti·
772 3266 819 3314 que
833 3251 924 3311 dicatu,
935 3251 1070 3314 quaeigitur
1081 3251 1205 3311 homiues,
1218 3263 1279 3301 tum-

221 3326 279 3385 bua,
295 3327 335 3374 illu
352 3327 438 3375 Siculis
448 3338 625 3375 concesseruut.
635 3353 670 3363 -
679 3328 730 3373 No·
773 3345 844 3393 quum
858 3340 996 3377 consecratu
1007 3330 1083 3393 longo
1096 3346 1220 3380 sacrorum
1235 3349 1279 3381 utu

221 3405 323 3453 urinibus
334 3405 435 3454 umissr's.
448 3406 511 3454 Nam
524 3407 623 3454 nomina
640 3405 730 3453 ducum
773 3407 887 3456 deberent
898 3408 1015 3454 venerari.

221 3488 264 3548 qui
276 3496 365 3533 statues
380 3485 447 3533 douo
459 3485 575 3534 dederuut
585 3484 730 3533 bueiiuscri-
808 3488 885 3537 XLV.
903 3502 923 3533 r.
938 3486 1027 3533 Audire
1038 3486 1119 3536 etium
1132 3487 1232 3535 Novum
1238 3489 1279 3537 hie

221 3576 263 3629 pta
273 3567 360 3612 Verres
373 3565 508 3627 reliquerat.
517 3568 727 3612 —Imtntmeuto
772 3565 909 3628 aggreditur
919 3574 1001 3611 orator
1014 3567 1096 3611 Verris
1107 3565 1199 3612 lucinus
1206 3601 1215 3623 ,
1229 3583 1281 3628 quo

221 3643 278 3690 Plus
287 3643 472 3691 instrumentum
481 3642 728 3706 eet,quurueupellex;
773 3643 832 3691 deos
844 3659 909 3689 nuuc
931 3644 1003 3691 etiam
1017 3643 1110 3706 duplici
1122 3645 1210 3690 scelere
1223 3645 1280 3693 vio·

221 3721 262 3768 illu
272 3722 337 3769 enim
346 3721 394 3769 hoe
408 3723 555 3770 continetur.
719 3777 722 3783 Ι
772 3722 843 3781 lavit,
854 3722 959 3783 primum
972 3721 1087 3783 quonium
1105 3737 1118 3766 a
1129 3721 1191 3784 signi
1204 3721 1281 3785 ipsius

260 3817 300 3849 ιο.
310 3802 519 3850 Numerubuutur.
533 3803 595 3864 Reg.
607 3804 692 3850 quc.
706 3813 731 3850 et
773 3809 874 3863 aspectu
886 3799 932 3844 viri
949 3799 1107 3856 arcebantur,
1121 3797 1209 3847 deiude
1224 3802 1282 3863 quia

223 3881 315 3928 Veneta
330 3881 530 3931 nominabuntur.
774 3876 984 3927 violentas'munue
996 3875 1096 3923 deorum
1106 3876 1234 3927 simulacro
1244 3880 1282 3928 iu·

262 3974 302 4007 11.
314 3960 530 4023 Temperatrouem.
541 3960 674 4007 Mixtururu
683 3962 731 4007 sci·
773 3957 867 4019 jecerit.
875 3954 1008 4012 -Sacris,
1022 3954 1046 4002 h.
1059 3972 1080 4002 e.
1090 3956 1195 4020 negotiis
1208 3956 1281 4023 longa

224 4036 282 4083 licet
298 4054 329 4085 ex
346 4053 406 4085 auro
416 4049 565 4102 argentoque
581 4049 606 4086 et
619 4054 676 4089 rere.
690 4040 730 4089 Cf.
775 4037 923 4101 populorum
933 4035 1086 4083 veneratione
1098 4037 1252 4086 consecratis.

224 4114 257 4162 ad
270 4114 315 4162 hoc
325 4117 386 4163 Pliu.
395 4102 439 4165 tib.
452 4119 573 4175 mir,
588 4135 642 4181 cup.
652 4120 678 4165 3.
813 4133 837 4164 u.
861 4115 900 4165 Νι·
920 4113 1066 4180 cogitatione
1088 4114 1193 4179 quidem.
1212 4119 1284 4165 Sacra

322 4200 365 4267 ll.
387 4217 432 4261 Cic.
445 4232 501 4278 pars
513 4216 616 4261 secund«.
1147 4200 1186 4266 18
