3016 4774
482 461 751 534 excussus
776 462 842 531 tx.
1121 457 1186 558 57·

125 584 172 649 rei
189 597 307 648 menna
320 580 493 651 auctoritas
509 596 617 646 eston
628 581 715 665 hnc,
731 583 860 672 opinor,
877 580 1037 645 sententis
1053 579 1115 646 snb
1129 580 1191 647 iilis

126 689 232 755 serbis
249 687 392 769 subjecta
410 702 475 771 est,
491 687 548 751 «in
566 710 635 752 rem
652 689 802 754 furtivam
816 688 870 771 jus
893 685 1019 752 domini
1035 701 1192 751 aeternum

127 817 214 876 esse,
238 792 346 882 neque
368 791 433 856 ulla
449 792 580 857 alterius
596 794 742 881 quamvis
763 793 917 860 diuturna
932 791 1136 880 possessione
1151 792 1195 856 la·

127 901 277 969 besamari
294 921 430 990 possen:
447 914 480 963 et
493 897 574 962 illud
590 899 625 963 in
643 899 835 965 Officiorum
856 899 980 988 primo,
1003 895 1193 963 «Adversus

127 1007 258 1071 hostem
271 1023 389 1071 esterna
404 1005 580 1070 auctoritas
596 1022 706 1090 eston,
728 1007 762 1071 id
785 1022 851 1089 est,
874 1020 913 1069 ut
937 1026 980 1078 ne
1004 1003 1194 1093 peregrinus

130 1111 208 1175 civis
224 1111 352 1174 romsni
372 1109 460 1175 bona
482 1112 690 1197 quantumvis
713 1109 868 1175 diuturna
891 1118 955 1174 usu
979 1106 1145 1196 acquirere
1163 1123 1196 1172 et

129 1237 308 1305 usucapere
325 1214 427 1303 possit
446 1236 455 1278 t
481 1213 539 1279 sed
558 1215 611 1295 jus
627 1215 764 1281 dominii
779 1216 944 1306 integrum
961 1227 994 1278 et
1008 1211 1198 1276 inviolatum

128 1342 259 1410 semper
282 1335 479 1408 permaneat.
503 1319 642 1386 Scaevola
667 1321 813 1387 similiter
837 1323 871 1385 in
901 1321 923 1386 Ι.
946 1318 1076 1399 ultima,
1096 1319 1136 1381 D.
1154 1315 1197 1381 de

126 1426 192 1514 pig.
215 1441 278 1490 not.
300 1425 435 1507 «Quum
456 1428 675 1491 controversia
693 1427 734 1493 de
754 1426 926 1491 latitudine
948 1424 978 1488 ei
1000 1438 1197 1504 moveretur,

128 1533 218 1620 quod
231 1532 307 1598 alias
322 1533 460 1621 probare
474 1552 544 1595 non
557 1547 693 1620 poterat,
709 1535 790 1622 petit
803 1556 822 1597 a
837 1531 1014 1614 creditore,
1030 1549 1069 1597 ut
1079 1533 1197 1611 instru-

129 1655 276 1703 mentum
296 1662 315 1703 a
340 1661 375 1703 se
399 1637 553 1704 traditum
570 1638 769 1703 auctoritatis
788 1640 989 1705 exhiberet».
1011 1640 1058 1705 Ex
1077 1638 1196 1727 quibus

127 1743 225 1825 iocis,
241 1759 274 1808 et
288 1744 356 1808 aliis
373 1761 526 1833 preterea
542 1744 723 1809 innumeris
739 1744 825 1808 benc
836 1766 906 1809 esse
920 1744 1017 1826 hujus
1033 1746 1130 1836 legis,
1154 1741 1196 1809 de

129 1872 194 1939 qna
219 1850 368 1923 meminit
393 1850 523 1933 Cicero,
548 1850 741 1915 sententiam
768 1851 1006 1934 existimamus,
1032 1868 1070 1916 ut
1092 1872 1197 1939 quum

130 1954 265 2019 aliarum
282 1978 391 2020 rerum
407 1978 486 2020 usus
505 1978 634 2020 annuus
649 1956 892 2038 auctoritatem,
915 1955 949 2020 id
968 1971 1035 2037 est,
1057 1956 1111 2035 jus
1136 1954 1199 2019 do·

134 2060 227 2124 minii
249 2060 337 2125 bona
359 2058 422 2126 fide
445 2060 623 2151 possidenti
646 2062 773 2138 afferat,
797 2061 892 2126 fundi
915 2061 1049 2125 nonnisi
1073 2060 1200 2125 biennis

129 2187 209 2230 usus
226 2164 342 2230 afferre
358 2166 477 2255 possit3
495 2182 532 2231 ut
548 2165 630 2230 mihi
647 2164 782 2254 quidem
798 2165 864 2229 boc
882 2166 916 2229 in
933 2165 1007 2230 loco
1023 2187 1091 2229 non
1110 2165 1198 2229 bien·

128 2274 215 2334 nium
222 2320 233 2352 ,
253 2270 310 2336 sed
335 2273 476 2336 biennem
503 2272 614 2361 potius
636 2270 812 2359 legendum
838 2293 907 2335 esse
928 2269 1086 2354 ¹videatur,
1108 2285 1141 2335 et
1163 2271 1198 2333 in

128 2375 185 2441 ilio
200 2378 401 2467 Topicorum
419 2378 594 2466 persimili,
618 2378 758 2441 burensi:
784 2377 875 2465 quasi
896 2374 930 2440 in
953 2378 1024 2467 lege
1041 2376 1198 2464 scripturn

129 2480 194 2547 boc
211 2482 312 2547 modo
330 2482 466 2547 fuisset:
491 2484 614 2565 «Usus,
642 2483 815 2547 auctoritas
840 2481 953 2562 fundi,
971 2482 1098 2546 biennis
1117 2497 1197 2545 esto,

129 2588 318 2653 Ceterarum
330 2609 458 2668 rerum,
472 2609 601 2651 annuus
614 2604 714 2652 esto»,
729 2587 880 2670 Quorum
893 2587 1067 2652 verborum
1083 2606 1198 2652 sensus

130 2691 185 2756 hic
207 2708 257 2757 est
271 2688 511 2781 apertissimus:
536 2693 622 2758 Usus
646 2694 773 2758 biennis
796 2710 865 2758 esto
887 2694 1060 2781 auctoritas
1084 2692 1196 2774 fundi,

128 2812 307 2861 ceterarum
326 2802 454 2877 rerum,
473 2822 619 2865 annuus:
633 2816 673 2865 ut
688 2800 714 2863 si
732 2814 904 2887 queratur,
926 2798 1015 2885 quod
1028 2798 1082 2877 jus
1102 2798 1197 2861 sitin

129 2923 200 2966 eam
216 2924 286 2966 rem
301 2904 501 2992 possessori:
524 2919 574 2987 et,
594 2920 632 2969 ut
649 2904 750 2968 modo
772 2904 948 2991 loquimur,
965 2903 1038 2989 quis
1058 2902 1195 2968 titulus:

130 3006 327 3095 respondere
341 3009 456 3095 possit,
473 3010 549 3096 quia
565 3009 652 3074 bone
667 3007 732 3072 fide
746 3030 870 3073 annum
894 3021 950 3071 aut
968 3006 1137 3070 biennium
1162 3028 1199 3071 en

130 3134 167 3176 rc
185 3134 265 3176 usus
282 3113 336 3194 sit3
351 3135 449 3201 quam
470 3114 689 3194 conjecturam
706 3112 854 3179 Venuleii
871 3112 969 3177 verba
985 3110 1197 3196 confirmant,

131 3218 186 3307 qui
213 3219 408 3282 auctoritatis
429 3216 549 3301 verbo,
577 3241 638 3307 pro
661 3219 734 3299 jure
760 3241 799 3284 ex
824 3218 1021 3307 usucapione
1044 3219 1198 3306 quoesito,

130 3323 300 3413 perspicue
309 3345 388 3388 usus
402 3340 451 3389 est
467 3326 501 3388 in
518 3326 539 3388 l.
556 3325 615 3388 ult.
630 3326 670 3388 D.
689 3322 730 3388 dc
745 3324 978 3390 evictionibus:
994 3324 1048 3388 «st
1061 3325 1197 3390 alienam

129 3448 198 3493 rem
231 3428 312 3492 mibi
336 3427 521 3511 tradideris,
540 3445 573 3493 et
598 3428 744 3514 eamdem
768 3450 829 3518 pro
857 3428 1008 3495 derelicta
1031 3429 1197 3511 habuero,

130 3533 235 3598 amitti
264 3534 490 3599 auctoritatem
521 3533 657 3622 planet».
683 3535 726 3598 Et
757 3529 923 3599 Ciceronis
951 3532 1060 3623 paullo
1090 3534 1196 3598 infiat

23 3722 31 3729 η
131 3641 257 3727 «Aquae
276 3637 409 3722 ductus,
428 3639 580 3720 haustus,
601 3639 674 3721 iter,
693 3654 799 3720 actam,
818 3662 835 3703 a
852 3656 958 3728 patre:
976 3638 1034 3702 sed
1053 3655 1121 3703 ratu
1135 3660 1195 3703 au·

131 3745 261 3809 meritas
284 3732 401 3809 irarum
423 3766 533 3809 rerum
555 3745 704 3811 omnium
728 3746 839 3825 ajune
855 3744 940 3810 civili
956 3744 1131 3808 sumitur».
1154 3745 1197 3809 Et

131 3849 208 3914 item
226 3851 261 3914 in
277 3867 356 3916 orat
374 3872 435 3940 pro
451 3848 559 3914 Domo
578 3871 656 3914 suat
676 3880 689 3906 ι
703 3848 814 3915 Multae
833 3866 911 3915 sunt
933 3848 1052 3914 domus
1074 3849 1107 3913 in
1133 3849 1202 3915 bac

134 3956 233 4037 urbe,
255 3974 354 4046 atque
368 3957 457 4021 haud
474 3957 559 4039 scio,
575 3978 616 4021 an
635 3976 726 4046 paene
745 3972 871 4021 cuncus
888 3957 960 4037 J'uru
978 3954 1118 4044 optimo,
1136 3955 1195 4025 sed

130 4063 203 4141 jure
218 4062 357 4152 privato,
369 4065 442 4145 jure
453 4061 662 4146 hereditario,
673 4064 747 4144 jure
758 4062 972 4144 auctoritatis,
988 4062 1060 4142 jum
1077 4063 1194 4127 manci·

133 4168 197 4256 pii,
212 4168 284 4248 jure
307 4171 413 4235 nexi».
432 4172 515 4236 Nam
537 4172 737 4235 auctoritatis
758 4169 895 4234 verbum
916 4171 987 4259 ipsc
1009 4169 1103 4234 etiam
1128 4171 1193 4232 Bu·
