3200 4768
215 442 1265 472 ἪΜἏδΜΜΜΜΜΜΜΜΜῚΜΜΜΜΜΜᾺΏΜΜ

446 662 1011 805 insultaturum

207 1011 360 1086 Postquam
381 1027 495 1066 omnem
509 1007 612 1064 Verris
628 1005 830 1083 ignominiam,
854 1005 1062 1086 latrocinioque
1083 1012 1177 1072 tribus
1196 1035 1266 1076 ora-

246 1105 372 1164 tionibus
385 1106 487 1163 Cicero
500 1102 650 1181 explicuit,
654 1101 713 1178 jam
725 1102 803 1159 illam
813 1102 957 1160 furtorum
966 1117 1078 1182 partem
1090 1111 1263 1185 aggreditur,

245 1223 303 1280 qua
326 1217 433 1280 praetor
454 1220 564 1260 summa
581 1199 774 1277 impudentia,
799 1219 965 1278 summaque
983 1201 1102 1261 audacia
1117 1205 1146 1263 in
1163 1209 1266 1269 Siciliae

245 1299 401 1376 perniciem
417 1316 486 1355 usus
499 1310 550 1355 est.
566 1296 646 1356 Nihil
659 1296 712 1353 hac
726 1296 857 1354 oratione
868 1297 1007 1370 vividius,
1019 1319 1084 1376 quae
1096 1321 1206 1363 summa
1219 1327 1267 1364 re-

245 1416 310 1454 rum
325 1408 355 1453 et
370 1395 542 1471 eloquentiae
555 1393 694 1457 varietate
708 1392 935 1452 commendatur.
948 1395 992 1453 Ne
1004 1397 1177 1458 continuate
1192 1402 1268 1461 enirn

84 1554 88 1565 ι
245 1492 425 1550 narrationes
437 1509 493 1547 una
502 1489 727 1547 seriefastidium
736 1491 841 1567 legenti
851 1506 1009 1561 moverem,
1017 1507 1116 1552 orator
1124 1499 1267 1573 providit,

77 1566 83 1583 l
145 1606 151 1621 ’
246 1602 276 1647 et
286 1588 325 1645 ita
336 1587 477 1643 constanti
489 1583 710 1660 admirabilique
718 1584 820 1642 ordine
831 1586 979 1644 materiam
990 1587 1146 1666 disposuit,
1160 1607 1191 1651 ut
1204 1596 1267 1654 aliae

246 1705 282 1741 ex
300 1683 362 1741 aliis
379 1681 530 1752 defluere,
546 1694 574 1738 et
590 1682 665 1738 inter
680 1701 710 1738 se
726 1681 798 1738 mira
816 1681 941 1759 quadam
957 1684 1095 1744 allinitate
1109 1692 1267 1770 constringi

247 1779 406 1837 videantur.
419 1781 502 1855 Saepe
513 1776 598 1834 etiam
614 1795 673 1853 quo
685 1776 797 1834 facilius
809 1796 923 1836 omnem
934 1778 1041 1856 ingenii
1054 1783 1111 1840 vim
1126 1787 1267 1863 explicet,

246 1889 346 1934 orator
364 1894 424 1932 non
446 1875 476 1930 in
499 1873 582 1931 furtis
606 1884 715 1930 tantum
736 1887 942 1943 commoratur,
960 1889 988 1933 et
1011 1894 1226 1959 nonnumquam
1249 1906 1267 1943 a

245 1971 399 2050 proposito
416 1969 576 2047 paullulum
592 1967 766 2046 digreditur,
788 1982 821 2027 ut
834 1970 943 2046 majora
957 1984 986 2029 et
1006 1976 1149 2034 atrociora
1166 1981 1266 2038 Verris

244 2069 352 2128 scelera
367 2078 531 2145 appareant.
548 2071 593 2123 Ita
613 2078 727 2142 raptum
745 2067 924 2143 Proserpinae
948 2070 1046 2127 solerti
1067 2075 1197 2133 oratione
1215 2076 1265 2134 de.

243 2167 357 2245 pingit,
378 2163 415 2221 ad
430 2161 590 2240 augendam
604 2161 735 2240 pretoris
749 2163 875 2239 culpam,
889 2164 939 2239 qui
957 2166 1069 2222 Cereris
1085 2167 1196 2245 signnm
1208 2176 1267 2230 En-

244 2262 381 2321 nensibus
405 2281 457 2338 per
479 2261 538 2317 vim
555 2258 691 2327 abstulit3
714 2258 754 2315 ita
776 2262 983 2334 Syracusarum
1013 2273 1117 2320 statum
1142 2278 1170 2322 et
1196 2288 1266 2347 opes

243 2360 315 2418 mira
335 2371 397 2416 arte
411 2358 555 2435 explicat,
576 2367 730 2432 antequam
751 2354 780 2410 in
798 2354 876 2412 illam
890 2368 998 2432 pretor
1011 2355 1160 2435 ingruerit.
1182 2369 1264 2424 Inter

244 2469 355 2515 ceteros
369 2453 526 2532 praesertim
538 2451 644 2509 eminet
655 2451 735 2507 locus
746 2450 794 2508 ille
809 2470 869 2527 quo
877 2452 1185 2526 magnificentissimum
1200 2482 1265 2521 can-

243 2553 392 2612 delabrum
406 2549 542 2610 Antiochi
555 2548 631 2626 regis
639 2547 791 2626 abreptum
804 2551 997 2625 conqueritur.
1011 2556 1074 2623 Qua
1087 2554 1265 2618 vehementia

243 2653 273 2709 in
283 2656 403 2710 Verrem
418 2663 479 2708 tum
492 2648 677 2725 imprecatur,
692 2647 742 2723 qui
760 2647 861 2724 populi
880 2649 991 2704 romani
1005 2652 1200 2727 magistratus,
1215 2678 1266 2716 so-

244 2748 319 2805 cium
330 2744 496 2824 reipublicae
507 2763 603 2821 regem
615 2763 631 2800 e
642 2743 789 2820 producis
800 2743 955 2814 excedere,
966 2756 1109 2821 tamquam
1122 2752 1263 2814 nefarium

245 2842 352 2917 coegit,
364 2854 515 2917 postquam
526 2839 613 2897 rebus
625 2838 759 2915 spoliavit
770 2857 835 2895 eum
845 2838 1066 2914 pretiosissimis!
1077 2847 1191 2914 Quanta
1200 2870 1263 2910 sua-

244 2939 332 2996 vitate
348 2937 477 3014 pingitur
491 2936 631 2993 adventus
645 2936 719 3011 regis
733 2936 761 2991 in
776 2935 915 3005 siciliam,
927 2937 1082 3013 Verrisqne
1097 2941 1174 3000 circa
1192 2966 1263 3005 can·
1298 3012 1304 3033 x

244 3033 394 3092 delabrum
409 3030 580 3107 trepidati03
595 3044 623 3087 et
636 3031 748 3088 animus
761 3031 809 3088 ille
822 3032 917 3107 regius
933 3032 984 3108 qui
997 3033 1068 3090 nihil
1082 3038 1147 3097 mali
1162 3044 1260 3119 srrspi.

243 3132 340 3191 cotrrr!
357 3130 450 3186 Nemo
461 3136 514 3191 est,
525 3144 610 3201 quem
623 3145 680 3181 nou
694 3125 832 3183 acerrime
840 3141 1040 3185 commoveant
1054 3136 1177 3207 querelae
1188 3142 1261 3217 regis

241 3227 271 3284 in
291 3225 387 3283 medio
401 3228 608 3299 Syracusarum
622 3221 686 3278 loro
702 3221 868 3299 deploratae.
881 3223 992 3283 Deinde
1007 3245 1066 3302 quo
1081 3232 1186 3306 ingenii
1201 3235 1259 3295 llu-

242 3328 319 3380 mine
342 3322 371 3378 in
385 3325 505 3377 Verrem
520 3331 620 3376 orator
638 3317 801 3389 invehitur,
825 3339 924 3395 regum
938 3322 1081 3382 sociorum
1098 3347 1261 3393 exactorem

242 3434 271 3477 et
284 3420 396 3478 bostem
412 3417 651 3487 infensissimum
673 3435 759 3492 quam
772 3418 864 3475 scelus
878 3418 949 3509 illud
962 3420 1144 3483 vehementer
1158 3433 1263 3508 ampli-

241 3518 324 3574 ficati
348 3519 410 3572 lmo
426 3513 497 3570 nihil
511 3513 540 3570 in
557 3512 611 3570 hac
625 3513 756 3571 oratione
773 3514 913 3584 occurrit,
933 3515 1014 3592 quod
1027 3538 1085 3577 non
1100 3525 1262 3595 suavitatis,

241 3626 270 3670 et
292 3610 498 3680 vehementiae,
525 3610 676 3667 utilissima
697 3608 824 3687 praebeat
844 3609 1024 3670 documenta.
1060 3620 1132 3675 Nam
1155 3634 1263 3696 praeter

242 3721 410 3765 ornamenta
429 3704 615 3779 eloquentiae,
629 3704 684 3761 alia
705 3717 771 3762 srrnt
794 3724 891 3761 rerum
915 3720 996 3765 extra
1017 3728 1130 3769 causam
1156 3719 1263 3790 petita-

243 3825 321 3875 rum,
334 3823 399 3881 quae
411 3801 452 3858 ita
466 3801 585 3877 singulis
600 3799 814 3859 narrationibus
830 3803 1098 3876 accommodantur,
1110 3821 1142 3865 ut
1153 3815 1263 3890 optime

241 3901 283 3958 rei
305 3900 484 3968 cohaereant,
509 3910 538 3955 et
556 3897 678 3955 maxime
696 3898 851 3974 legentium
872 3910 1005 3955 moveant
1025 3902 1143 3962 animos.
1165 3910 1213 3968 Sic
1233 3913 1262 3970 in

242 3998 290 4053 illa
315 3997 457 4053 furtorum
489 3998 735 4070 Syracusanorum
760 3996 941 4065 narratione,
973 3997 1069 4055 statim
1096 4006 1204 4065 mentio
1230 4010 1263 4067 fit

242 4096 283 4149 M.
295 4091 436 4161 Marcelli,
447 4090 646 4149 humanissimi
656 4091 726 4163 viri,
736 4104 821 4167 atquc
829 4093 1062 4169 innocentissimi,
1075 4117 1149 4175 quae,
1158 4105 1262 4183 saepius

331 4192 375 4256 ll,
402 4203 626 4265 Cicparssecuuda.
1089 4197 1138 4271 Ι13
