3016 4774
462 869 525 940 to
548 866 828 938 ontnorturt
852 864 1061 953 suumn,
1088 863 1186 933 cer.
1209 886 1238 932 t.

366 1205 526 1293 Quoniam
536 1203 565 1266 si
560 1199 663 1288 facto
678 1204 730 1264 vt's
740 1220 805 1263 non
816 1210 892 1261 esset
902 1196 1049 1262 moribus.
1059 1196 1151 1262 'l'olle
1164 1195 1397 1287 negationem,

322 1336 394 1403 quoe
411 1313 446 1376 in
468 1292 635 1392 honoro,
653 1323 692 1397 ut
708 1307 837 1395 opinor,
855 1306 938 1370 libro
956 1306 1085 1395 legitur,
1102 1304 1144 1369 ab
1166 1305 1322 1394 imperito
1336 1306 1399 1369 ali·

321 1426 388 1507 quo
405 1435 438 1483 et
456 1415 627 1482 temerario
650 1428 832 1478 correctore
848 1412 918 1478 sine
941 1435 1037 1478 causa
1060 1411 1174 1500 posita.
1196 1412 1281 1475 Num
1306 1433 1397 1500 saepe

323 1540 435 1616 postea
454 1524 489 1586 in
507 1523 568 1585 hoo
586 1521 656 1611 ipsa
673 1519 837 1603 oratione,
853 1517 920 1583 «de
936 1518 968 1582 ri
989 1540 1061 1608 ques
1088 1518 1232 1583 moribus
1251 1517 1397 1596 fiebat»,

323 1626 613 1716 loquitur31niru:
635 1625 784 1690 «Placuit
806 1623 939 1689 Caecinoe
964 1622 1005 1688 de
1030 1622 1212 1688 amioorum
1231 1624 1398 1687 sententia

324 1731 535 1814 constituere,
560 1756 627 1822 quo
650 1729 703 1796 die
726 1731 759 1794 in
781 1752 850 1794 rem
872 1747 1064 1819 praesentem
1088 1729 1265 1815 veniretur,
1291 1744 1329 1792 et
1354 1727 1399 1793 de

326 1835 429 1902 fundo
447 1838 572 1903 Gaeoina
588 1837 734 1902 moribus
752 1834 976 1901 deduceretur.
995 1834 1048 1900 Ad
1064 1857 1141 1899 eum
1159 1832 1299 1898 fundum
1310 1856 1400 1922 pro·

327 1942 430 2006 fectus
439 1958 503 2020 est,
519 1964 559 2006 ex
569 1964 636 2030 quo
652 1964 692 2006 ex
703 1956 868 2005 conventu
875 1939 942 2004 vim
954 1939 1024 2004 fiori
1036 1939 1217 2028 oportebat.
1231 1939 1347 2022 Quum
1353 1938 1401 2004 sd

328 2047 394 2111 rim
411 2045 588 2113 faciendam
605 2046 779 2128 veniretur,
792 2045 861 2132 ipse
875 2067 975 2133 porro
985 2045 1108 2109 Coeoine
1126 2066 1232 2109 curse
1244 2042 1402 2111 moribus

329 2147 446 2214 deduci
458 2145 607 2214 volebat?
620 2177 634 2205 ι
650 2146 714 2214 Sed
729 2146 889 2237 ingeniosi
908 2144 1040 2235 quidam
1057 2146 1207 2210 homines
1223 2147 1334 2210 locum
1349 2147 1402 2210 sic

329 2255 592 2342 interpretantur,
606 2271 645 2318 ut
661 2269 736 2340 post
750 2263 827 2317 esset
847 2267 957 2317 notum
973 2248 1208 2335 distinctionis,
1221 2251 1312 2339 quasi
1326 2251 1402 2339 spi·

330 2361 411 2423 ritus
432 2359 636 2438 sustinentur,
659 2357 849 2443 adhibeant5
872 2372 905 2420 et
925 2379 1039 2421 vocem
1064 2358 1200 2422 mon’bus
1219 2355 1260 2421 ad
1278 2378 1400 2421 vocem

330 2464 469 2551 superior
484 2466 629 2527 referunt
644 2484 653 2525 ε
668 2477 707 2524 ut
722 2462 783 2543 sit,
800 2484 869 2526 non
885 2462 999 2526 luisset
1018 2464 1167 2551 superior
1179 2462 1346 2536 moribus,
1364 2460 1400 2525 id

332 2582 398 2648 est,
411 2588 519 2648 more,
537 2566 754 2657 institutoque
770 2567 938 2647 majorum.
958 2568 1110 2651 Quorum
1126 2591 1187 2658 ego
1203 2568 1403 2633 sententium

331 2670 527 2755 refellerem,
538 2672 565 2736 si
574 2671 726 2760 cuiquam
736 2671 845 2761 paullo
852 2674 987 2738 acutiori
995 2674 1121 2764 plaeere
1129 2696 1225 2763 posse
1234 2673 1404 2738 existima-

334 2799 412 2843 rem.
428 2777 517 2861 Quid
537 2777 578 2843 sit
592 2778 692 2866 igitur
703 2778 789 2843 «vim
805 2778 874 2844 fieri
892 2780 1073 2863 moribus»,
1089 2779 1264 2845 rideamus.
1280 2780 1331 2844 Ex
1347 2779 1405 2843 his

335 2906 411 2947 sane
429 2884 527 2968 locis,
544 2906 627 2972 quos
637 2885 980 2968 commemoravimus,
990 2902 1023 2950 et
1038 2886 1065 2951 si
1080 2887 1138 2974 qui
1153 2902 1230 2951 sunt
1244 2900 1405 2974 preterea

334 2989 470 3072 similes,
480 2987 561 3059 illud
571 2988 741 3052 manifesto
752 2988 951 3078 intelligitur,
961 2990 1059 3054 moris
1068 2990 1178 3073 fuisse,
1195 3005 1232 3053 ut
1241 3011 1348 3079 quum
1360 2987 1407 3055 de

335 3115 413 3181 agro
432 3093 585 3182 quopiam
602 3092 820 3158 controversie
834 3093 1066 3177 institueretur,
1080 3095 1300 3184 quiapropter
1313 3118 1407 3159 oom-

335 3198 432 3263 moda
453 3199 665 3287 possessionis
692 3222 808 3288 magua
828 3199 952 3290 jurgia,
977 3217 1011 3265 et
1033 3223 1150 3290 pugneo
1176 3201 1342 3267 interdum
1364 3225 1406 3265 ac

336 3301 437 3371 ,eredes
454 3303 652 3384 oriebantur,
668 3303 844 3391 litigatores
867 3304 908 3369 de
930 3307 1108 3371 amicorum
1129 3307 1288 3371 sententie
1311 3303 1404 3369 diem

336 3407 421 3471 inter
438 3429 473 3470 se
494 3423 675 3509 sumerepp,
698 3430 762 3496 quo
786 3407 839 3473 die
858 3411 893 3474 in
911 3433 980 3476 rem
996 3429 1206 3500 presentem,
1223 3409 1258 3475 id
1278 3426 1346 3492 est,
1365 3411 1404 3474 in

336 3535 450 3603 agrum
463 3512 553 3577 illum
568 3535 634 3577 unu
647 3514 815 3599 venirent,
833 3531 866 3580 et
883 3516 917 3579 in
933 3538 973 3580 eo
986 3539 1064 3605 egro
1084 3519 1149 3582 vim
1165 3517 1305 3606 aliquam
1320 3516 1409 3581 alter

337 3619 428 3685 alteri
445 3620 577 3700 iaceret,
597 3642 663 3683 non
682 3642 791 3685 veram
809 3637 842 3686 et
853 3620 1006 3698 solidum,
1025 3621 1082 3687 sed
1097 3622 1205 3688 fictam
1222 3639 1256 3686 et
1269 3622 1411 3686 simula·

336 3740 412 3790 tam.
433 3726 480 3790 Ex
493 3741 560 3790 tota
576 3738 685 3791 eutem
700 3728 847 3793 oratione
861 3726 941 3790 illud
960 3743 1070 3815 aperte
1086 3744 1231 3812 constat,
1245 3724 1335 3815 quod
1356 3726 1408 3809 is,

336 3831 392 3915 qui
408 3829 557 3895 detrusus
569 3847 649 3914 erat,
663 3854 679 3895 a
697 3828 834 3920 praetore
847 3854 886 3896 ex
899 3831 1005 3898 edicto
1020 3834 1220 3922 postulabat,
1232 3849 1270 3897 ut
1285 3863 1299 3889 ι
1310 3832 1410 3897 unde

336 3933 367 3993 vi
376 3931 518 4012 dejectus
527 3953 624 4018 esset,
638 3960 739 4025 quum
749 3935 944 4026 possideret,
955 3962 995 4003 eo
1007 3940 1230 4004 restitueretur
1241 3953 1412 4024 ·,praet0r

336 4032 536 4104 decernebat.
546 4041 657 4123 Quum
675 4042 799 4106 restitui
810 4041 917 4121 jussus
931 4042 1158 4112 abadversario
1173 4057 1310 4134 peteret,
1320 4057 1361 4107 ut
1371 4065 1412 4111 se
