3054 4772
350 448 419 519 612
639 444 923 516 EXCURSUS
949 447 1120 516 XXVII.

347 588 411 635 tem
428 583 467 631 ut
482 580 565 630 esset
577 564 760 629 laciendum
772 613 781 646 ,
800 587 866 629 non
878 563 1084 658 ademptione
1096 567 1248 651 civitatis,
1266 570 1325 635 sed
1337 572 1424 639 tecti

346 691 378 739 et
394 695 502 761 aqum
519 687 552 736 et
572 672 655 761 ignis
672 669 900 735 interdictione
919 671 1078 737 faciebant
1088 704 1111 737 ».
1132 672 1208 739 Haec
1225 674 1290 739 ille.
1306 674 1429 742 Dedu-

347 780 505 844 cebantur
513 778 610 867 igitur
624 775 758 841 coloniae
768 799 882 840 eorum
890 774 1081 859 bominum,
1095 781 1219 867 qtriaut
1227 804 1286 844 sua
1296 783 1425 848 volun-

346 902 412 951 tate
429 906 550 948 nomen
566 881 740 963 dederant,
756 882 982 970 civitatemque
997 884 1167 949 mutabant
1185 909 1194 949 ε
1218 903 1276 950 aut
1291 889 1424 975 quibus

347 1007 452 1073 tecto,
468 1012 570 1077 aqua,
586 1006 619 1053 et
634 989 702 1076 igni
716 987 925 1053 interdictum
944 1006 1013 1053 erat
1031 1013 1039 1054 :
1056 1010 1130 1053 nam
1146 990 1198 1078 (ut
1215 993 1328 1057 scribit
1347 994 1421 1058 Po·

345 1095 464 1184 lybias)
485 1096 564 1183 «qui
586 1109 677 1158 erant
694 1116 804 1157 rerum
822 1094 1006 1183 capitalium
1025 1094 1189 1178 damnati,
1209 1098 1241 1161 in
1267 1100 1419 1163 colonias

345 1202 472 1284 latinas,
488 1215 526 1264 ut
541 1200 720 1280 Praeneste,
735 1198 847 1281 Tibur,
866 1200 1036 1288 Neapolim
1056 1201 1091 1264 in
1112 1202 1258 1266 exsilium
1278 1203 1420 1292 profici·

344 1307 551 1370 scebantur».
569 1305 653 1368 Sunt
668 1320 776 1367 autern
792 1305 926 1369 colonioe
949 1305 1060 1370 latinoe
1075 1307 1208 1371 coloniae
1228 1310 1262 1372 in
1283 1311 1415 1374 Latium

344 1411 504 1492 deductae,
520 1410 639 1498 quibus
660 1424 730 1472 tum
752 1408 884 1497 quidem
899 1410 951 1490 jus
970 1412 1105 1476 civitatis
1119 1435 1260 1477 romanae
1273 1438 1413 1480 conoes-

344 1539 419 1580 sum
433 1538 500 1580 non
516 1529 593 1578 erat.
607 1513 692 1578 Nam
709 1515 888 1602 antiquitus
907 1516 1017 1579 Latim
1030 1538 1136 1605 neque
1151 1518 1305 1608 suffmgia
1326 1521 1415 1585 fere-

343 1623 436 1700 bant,
456 1641 563 1707 neque
578 1619 780 1709 magistratus
794 1636 904 1708 petere
917 1638 1067 1709 poterant
1078 1646 1086 1686 :
1098 1621 1186 1687 unde
1199 1625 1297 1688 etiam
1308 1626 1419 1691 leberti

341 1726 393 1790 alii
411 1723 567 1789 dicuntur
581 1728 659 1789 cives
675 1748 753 1789 rom.
769 1727 821 1788 alii
837 1726 947 1790 Latini
957 1728 1093 1791 Iuniani
1102 1732 1114 1791 .'·
1126 1728 1229 1793 veluti
1244 1731 1303 1817 qui
1322 1731 1417 1795 inter

342 1830 463 1894 amieos
478 1830 666 1893 manumissi
684 1845 789 1911 erant,
802 1845 859 1893 aut
875 1830 916 1894 ab
930 1831 969 1895 iis
988 1833 1193 1914 manumissi,
1206 1835 1264 1920 qui
1281 1851 1416 1903 tantmn

342 1935 504 2017 inbonis,
522 1957 590 1998 non
607 1935 703 1998 etiam
723 1957 762 1998 ex
772 1935 845 2014 jure
860 1934 1040 2017 Quiritium
1053 1960 1182 2001 servum
1198 1939 1288 2004 illum
1305 1942 1417 2006 lnbe-

341 2043 430 2106 bant.
452 2041 565 2105 Latini
577 2056 686 2104 autem
702 2039 820 2126 quibus
838 2038 942 2103 modis
961 2041 1014 2120 jus
1031 2042 1206 2124 Quiritium
1224 2066 1413 2133 conseque·

342 2165 466 2225 rentur,
479 2143 578 2210 tradit
588 2145 744 2233 Ulpianus
759 2145 792 2208 in
803 2145 937 2227 Titulis,
948 2145 1050 2234 capite
1063 2147 1170 2211 tertio.
1184 2150 1282 2212 Horr.

386 2253 528 2317 Colonioe
549 2252 668 2316 Latinas
687 2250 851 2314 habebant
870 2266 997 2314 tantum
1016 2252 1069 2332 jus
1092 2253 1182 2317 Latii.
1203 2253 1285 2319 Vide
1307 2254 1349 2320 de
1369 2259 1412 2323 iis

341 2362 449 2450 Sigon.
467 2357 508 2423 de
519 2358 654 2444 antiquo
666 2358 739 2438 jure
756 2357 868 2437 ltaliae,
884 2359 930 2440 11,
942 2381 1010 2445 cap.
1028 2354 1059 2425 3.
1077 2358 1193 2441 Quum
1202 2361 1314 2425 scribit
1326 2363 1413 2428 Hot-

342 2483 517 2530 tomannus
538 2461 696 2527 deductos
717 2484 788 2527 esse
810 2464 844 2525 in
867 2463 1027 2546 colonias,
1052 2466 1109 2552 qui
1131 2464 1411 2546 damnauerunt,

341 2570 454 2632 salsum
476 2581 550 2630 est:
569 2588 636 2629 non
656 2589 695 2630 eo
718 2566 976 2649 deducebantur,
1000 2567 1057 2633 sed
1075 2586 1192 2657 sponte
1213 2570 1287 2635 illuc
1304 2573 1411 2661 pruli-

341 2672 555 2753 ciscebantur,
572 2687 608 2734 ut
622 2694 751 2759 poenam
765 2673 947 2763 effugerent
961 2675 1082 2737 Romae.
1096 2675 1206 2741 Gm.

384 2780 451 2843 Aut
460 2800 518 2841 sua
526 2776 700 2841 voluntate.
710 2779 794 2841 Ante
803 2777 1059 2841 haecverbanota
1073 2780 1186 2866 puncti
1195 2779 1409 2849 desideratur.

341 2887 405 2950 Sua
421 2901 530 2948 autem
551 2883 718 2947 voluntate
735 2880 1032 2969 proficiscebantur,
1056 2884 1112 2971 qui
1128 2901 1278 2949 auctores
1295 2905 1408 2972 erant,

338 3012 502 3077 suumque
515 3010 635 3052 nomeu
648 2985 894 3075 profitebantur.
911 2990 1012 3053 Horr.
1023 3025 1068 3037 —
1079 2989 1147 3052 Sua
1163 2991 1330 3055 voluntate
1344 3016 1409 3058 au-

340 3112 444 3159 ctores
457 3109 548 3157 erant
561 3109 594 3157 et
607 3115 703 3156 suum
720 3115 842 3157 nomen
859 3092 1023 3159 dederant.
1041 3095 1148 3160 Gaas.

383 3202 450 3264 Aut
467 3198 547 3286 legis
560 3199 670 3264 multa.
690 3198 802 3281 Quum
816 3200 861 3264 eis
875 3216 981 3285 tecto,
998 3224 1099 3291 aqua,
1111 3218 1145 3266 et
1160 3202 1227 3292 igni
1246 3220 1331 3268 esset
1350 3205 1407 3270 in·

340 3304 524 3370 terdictum.
542 3304 643 3367 Horr.

384 3411 491 3499 Quum
498 3407 1104 3496 multamstszfferrevolaissenttamen
1112 3417 1409 3480 manetsmcivt'tate

332 3517 513 3606 potuissent.
536 3514 595 3578 Alii
614 3515 764 3578 nonnulli
778 3516 1000 3596 «noluissent,
1018 3536 1089 3583 tum
1111 3542 1239 3584 manere
1252 3552 1265 3575 ι
1283 3520 1407 3607 :quod

338 3623 453 3686 falsum
477 3635 541 3702 est,
562 3636 657 3683 uter
676 3620 773 3683 simili
795 3622 868 3686 loco
889 3623 1079 3713 intelligitur
1097 3626 1159 3690 hac
1178 3626 1245 3713 ipsa
1261 3625 1378 3712 pagina
1397 3651 1407 3692 τ

338 3761 351 3784 a
363 3728 430 3811 Qui
449 3725 625 3789 incivitate
642 3725 721 3814 legis
739 3726 804 3789 vim
823 3727 931 3792 subire
948 3729 1085 3811 vellent,
1103 3753 1170 3795 non
1187 3731 1273 3820 prius
1290 3729 1408 3795 civita·

305 3908 308 3915 .
339 3851 425 3911 tem,
444 3853 540 3918 quam
558 3830 660 3895 vitam
675 3832 895 3899 amitterent».
912 3835 995 3899 Nam
1012 3852 1098 3901 tecto
1110 3836 1188 3919 illis,
1209 3854 1240 3899 et
1252 3856 1355 3923 aqua,
1372 3854 1410 3901 et

337 3937 403 4020 igni
421 3935 695 4001 interdicebatur:
712 3958 750 4000 ac
767 3954 852 4001 certa
867 3963 960 4028 poena
977 3941 1190 4020 sanciebatur,
1210 3941 1327 4029 siquis
1346 3964 1408 4007 eos

337 4054 422 4100 tecto
436 4041 624 4126 recepisset,
639 4064 761 4128 aquave
776 4058 809 4105 et
824 4043 891 4131 igni
906 4045 1062 4124 juvissett
1079 4045 1169 4134 quod
1186 4048 1212 4111 si
1225 4045 1265 4111 de
1277 4046 1411 4112 civitate

336 4143 421 4207 exire
434 4141 570 4225 nollent,
586 4144 743 4229 quamdiu
755 4168 828 4210 aere
842 4163 875 4212 et
885 4151 986 4232 vesci,
1000 4166 1032 4215 et
1041 4151 1103 4239 tegi
1117 4166 1263 4239 possent,
1278 4150 1410 4218 tamdiu
