3142 4774
302 398 342 444 η
469 339 475 354 '
694 378 1017 447 sruorsrsp

340 495 421 557 ribus
444 498 556 557 scivere
577 497 726 567 debuerit,
749 500 836 559 certis
853 497 1019 557 nominibus
1034 497 1224 557 deductiones
1244 499 1358 568 fecisse;

339 594 466 672 primum
475 614 530 672 pro
539 596 719 672 spectatione
727 609 756 653 et
763 595 1007 673 collyb03deinde
1016 595 1120 653 cerarii
1128 597 1257 667 nomine;
1272 597 1358 653 tertio

337 687 438 747 scribae
459 690 573 748 nomine
592 689 668 748 binis
691 691 935 769 quinquagesimis
954 690 1104 761 detractis,
1122 692 1169 763 78,
1186 711 1233 766 79.
1264 690 1356 768 quue

338 785 439 845 scribis
461 806 628 846 concessum
644 807 705 846 esse
728 809 810 866 aeque
825 790 986 867 improbat,
1013 802 1099 866 atque
1117 788 1199 846 ilium
1218 789 1357 845 annulum

314 892 316 895 '
337 902 474 955 aureum,
489 902 549 960 quo
559 889 662 941 Verres
678 883 802 943 scribam
812 906 896 944 suum
908 885 1090 942 inconcione
1102 883 1274 953 donaverat,
1288 885 1336 941 8ο.

375 979 472 1038 Tertia
485 999 554 1056 pars
566 980 704 1038 orationis'
713 981 812 1039 Verris
821 983 901 1039 furta
912 982 943 1039 in
946 981 1095 1054 frumento
1106 984 1245 1038 ‹estimato
1256 999 1356 1058 perse·

337 1073 444 1151 quitur.
464 1078 510 1131 Ex
531 1077 777 1135 senatusconsulto
805 1091 834 1135 rt
852 1077 1016 1155 exlegibus
1037 1078 1214 1135 frumentum
1225 1076 1310 1134 Verri
1327 1075 1357 1133 in

336 1171 437 1227 celiam
445 1189 558 1227 sumere
567 1169 684 1244 licebat3
693 1171 782 1250 idque
793 1173 969 1231 frumentum
980 1185 1097 1231 senatus
1105 1174 1145 1231 ita
1158 1173 1356 1239 aestimsverst,

336 1266 484 1342 quaternis
491 1270 556 1326 H-s
564 1267 613 1347 (82
620 1267 738 1348 centes.)
746 1269 1062 1342 triticimodium,binis
1071 1268 1289 1328 hordeiverres
1298 1269 1359 1348 pri·

336 1380 415 1419 mum
428 1381 579 1422 numerum
590 1363 627 1422 ad
641 1384 782 1425 summam
792 1366 880 1424 tritici
891 1365 1010 1444 adjecit,
1026 1365 1130 1424 deinde
1146 1365 1233 1424 tritici
1245 1364 1358 1424 modios

336 1458 462 1535 singulos
469 1479 535 1518 cum
544 1459 707 1521 aratoribus
716 1461 841 1522 denariis
853 1463 954 1534 ternis,
963 1461 1061 1532 idest,
1071 1460 1212 1520 duodenis
1221 1461 1357 1519 sestertiis

333 1553 495 1613 aestimavit.
508 1561 572 1614 Jnm
586 1556 643 1616 hoc
656 1557 773 1635 quidem
795 1559 897 1618 Cicero
915 1579 975 1617 nun
994 1557 1192 1634 reprehendit,
1213 1578 1279 1615 eum
1296 1558 1356 1615 fru-

334 1663 461 1709 mentum
474 1652 554 1729 quod
564 1653 595 1713 in
609 1653 709 1713 cellam
722 1655 797 1713 sumi
810 1668 959 1733 oporteret
972 1656 1144 1725 aestimasse,
1160 1666 1189 1711 et
1202 1655 1355 1731 pecuniam

335 1766 390 1824 pro
404 1749 547 1806 frumento
557 1749 723 1822 abstulisse,
735 1750 810 1809 hanc
821 1751 898 1809 enim
910 1753 1053 1809 rationem
1062 1749 1099 1807 ab
1110 1764 1225 1807 aratore
1232 1750 1357 1827 primum

336 1844 497 1921 profectam
510 1866 581 1915 esse,
591 1860 640 1903 aut
652 1845 689 1904 ah
702 1866 734 1904 ea
747 1847 878 1916 civitate,
894 1847 941 1904 cui
953 1845 1012 1907 hoo
1020 1846 1195 1903 frumentum
1211 1846 1240 1903 in
1253 1845 1354 1903 ceilam

267 1966 269 1971 v
335 1939 542 2019 imperaretur,
556 1962 646 2019 quum
656 1955 708 2001 aut
716 1943 891 2000 frumentum
902 1940 1094 2012 vendidisset,
1104 1953 1154 1999 aut
1165 1960 1280 1999 servare
1294 1940 1357 1998 vei-

336 2037 390 2109 let,
402 2052 452 2096 aut
465 2039 494 2096 in
507 2058 573 2096 eum
584 2040 697 2110 locum,
711 2059 770 2116 quo
784 2036 991 2117 imperabatur,
1003 2050 1121 2116 portare
1136 2038 1244 2109 noliet3
1257 2039 1355 2113 itaque

334 2132 371 2194 ab
381 2135 415 2192 iis
431 2134 553 2213 petitum
564 2155 625 2193 esse
639 2136 668 2192 in
680 2134 813 2194 beneficii
824 2136 941 2207 loco,ut
953 2133 1008 2192 sihi
1022 2153 1077 2213 pro
1091 2135 1246 2206 frumento,
1252 2135 1355 2212 quanti

336 2230 513 2290 frumentum
528 2245 603 2291 esset
616 2233 686 2291 dure
700 2234 812 2291 licerer
826 2233 883 2293 Sed
894 2233 992 2290 Verris
1006 2232 1116 2290 crimen
1132 2251 1168 2289 ex
1180 2250 1216 2289 oo
1231 2229 1359 2308 pendere

338 2325 422 2395 dicit,
443 2327 523 2404 quod
546 2327 583 2386 nb
605 2328 784 2401 aratoribus,
807 2350 898 2406 quum
918 2330 985 2387 H-S
1008 2328 1096 2386 ternis
1119 2326 1206 2386 tritici
1225 2325 1355 2384 modium

338 2420 464 2479 vendere
477 2442 536 2479 non
550 2428 793 2501 possent,Verres
806 2425 990 2502 injustissima
1002 2423 1189 2484 estimatione
1203 2421 1240 2480 ab
1254 2421 1289 2480 iis
1302 2442 1358 2500 pro

339 2516 457 2594 singuiis
473 2517 577 2577 modiis
591 2532 688 2577 ternos
702 2518 853 2589 denarios,
866 2519 895 2578 id
908 2533 963 2591 est,
981 2523 1038 2580 Hs
1054 2518 1205 2579 duodenos
1215 2519 1359 2595 exigeret,

338 2614 386 2685 81,
401 2615 449 2672 82.
468 2619 570 2692 Neque
582 2635 654 2673 vero
668 2620 785 2675 Verrem
800 2618 894 2677 dicere
910 2635 994 2695 posse
1007 2616 1072 2673 iilos
1090 2629 1219 2674 aratores
1234 2626 1360 2672 vecturae

339 2710 508 2770 difficultate
519 2712 660 2771 adductos
672 2725 770 2771 ternos
782 2711 916 2770 denarios
925 2713 994 2777 dare
1004 2713 1145 2769 maluisse.
1153 2715 1226 2769 Nem
1238 2730 1291 2768 nec
1303 2710 1360 2767 aiio

337 2807 512 2883 portandum
526 2810 628 2881 fuisse,
645 2822 675 2868 et
689 2810 720 2869 iu
731 2809 844 2880 Sicilia,
856 2828 914 2886 quo
925 2809 1048 2886 quisque
1063 2809 1239 2866 frumentum
1252 2805 1360 2864 vehere

336 2903 433 2979 jussus
447 2917 537 2977 esset,
563 2905 604 2964 ibi
626 2907 762 2969 tantidem
785 2907 963 2968 frumentum
980 2925 1076 2966 emere
1097 2905 1241 2983 potuisse,
1260 2903 1361 2980 quanti

338 3000 416 3059 domi
430 3000 619 3073 vendidisset,
636 3003 688 3073 83,
704 3004 751 3072 84.
774 3006 931 3061 Immunem
947 3002 1036 3079 igitur
1050 2999 1213 3059 aratoribus
1225 2999 1360 3075 injuriam

300 3136 303 3141 >
340 3097 444 3155 factam
458 3118 529 3169 esse,
540 3097 621 3174 quod
630 3103 745 3170 Verres,
755 3116 841 3175 quem
855 3099 1007 3178 pecuniam
1019 3111 1196 3178 acoeperrta
1209 3111 1310 3156 senstu
1323 3095 1358 3153 ad

336 3194 511 3252 frumentum
522 3198 551 3251 in
563 3195 662 3252 ceilam
675 3194 841 3269 emendum,
852 3197 1017 3267 retinuerit,
1032 3208 1062 3254 et
1076 3196 1194 3271 insuper
1207 3193 1360 3271 pecuniam

336 3289 374 3348 ab
388 3289 552 3349 aratoribus
567 3293 710 3369 exegerit,
727 3293 830 3365 85-87.
848 3296 922 3351 Tum
937 3292 1100 3352 ostenditur
1114 3310 1173 3347 non
1187 3308 1273 3365 posse
1283 3292 1360 3346 Ver-

340 3406 399 3445 rem
420 3386 476 3445 hac
494 3386 606 3445 ratione
621 3387 767 3460 exornari,
786 3386 866 3465 quod
880 3389 929 3446 aiii
944 3387 1021 3445 idem
1036 3385 1173 3452 fecerint,
1187 3385 1234 3443 88.
1261 3388 1362 3461 Neque

340 3496 433 3541 tamen
453 3484 539 3560 piena
554 3482 699 3561 dignitatis
714 3496 744 3541 et
763 3484 940 3542 auctoritatis
962 3481 1094 3559 exempla
1109 3480 1240 3558 priorum
1254 3494 1362 3558 praeto-

340 3594 404 3632 rum
423 3573 548 3652 proserri
565 3594 664 3652 posse,
682 3575 734 3651 qui
749 3574 823 3633 hanc
844 3576 984 3632 rationem
1006 3573 1035 3631 in
1058 3573 1201 3631 frumento
1223 3573 1362 3630 aestimato

340 3671 492 3729 tenuerint.
502 3675 600 3730 Unum
611 3675 652 3728 Μ.
665 3672 784 3729 Antonii
795 3673 901 3730 factum
911 3670 983 3729 nihil
993 3669 1030 3728 ud
1043 3667 1239 3728 excusandum
1249 3669 1364 3735 ualere,

340 3790 429 3846 quum
449 3769 476 3827 ei
495 3767 592 3846 potius
608 3767 802 3846 perniciosum
822 3769 858 3826 sit
878 3767 975 3825 dicere
992 3788 1022 3826 se
1046 3766 1075 3825 in
1097 3787 1130 3825 re
1148 3765 1362 3844 improbissima

340 3865 464 3923 voluisse
479 3868 557 3924 hunc
573 3866 731 3925 Antonium
747 3866 863 3923 imitari.
876 3865 1065 3925 Sacerdotem
1079 3877 1175 3921 autem
1188 3878 1217 3921 et
1231 3867 1295 3923 Sex.
1308 3869 1363 3922 Pe-

341 3959 473 4017 ducaeum
488 3960 559 4018 nihil
573 3961 665 4019 simile
678 3961 795 4032 secisse,
810 3962 910 4037 {ip-93.
932 3962 1063 4038 Denique
1079 3960 1182 4017 Cicero
1198 3944 1362 4027 contendit,

342 4059 365 4112 si
385 4056 493 4115 crimen
514 4056 570 4115 hoc
586 4057 622 4116 sd
645 4058 741 4134 piures
759 4057 919 4135 pertineat,
943 4057 971 4115 id
993 4057 1168 4133 ubicumque
1184 4056 1290 4115 [aetum
1312 4054 1375 4122 sit,
