3176 4770
324 362 370 434 n
643 344 1063 436 mummmms

322 479 1131 579 tuerasanteaperbienniumlTheomnastus
1144 489 1385 583 Syracusanus

319 596 491 690 inagrnm
500 590 1386 692 Mutycensem¹curabsteimmissusestiquiara·

320 717 416 774 tores
430 703 478 773 ita
492 702 653 786 vexavit,
666 714 707 772 ut
717 700 769 771 illi
781 704 819 772 in
833 701 961 773 alteras
976 703 1166 790 decumas,
1180 703 1218 775 id
1233 704 1333 803 quod
1345 709 1384 777 iu

321 813 398 884 aliis
410 836 559 909 quoque
572 809 776 882 civitatibus
791 811 1000 899 ostendam,
1015 815 1174 885 triticum
1188 839 1307 887 emere
1326 841 1386 887 ne-

265 974 269 983 ·
321 922 496 1010 cessario,
515 933 666 1019 propter
680 920 860 1017 inopiam,
881 936 1109 1019 cogerentur.
1138 930 1216 1000 Jam
1235 950 1320 996 vero
1342 950 1387 998 ex

322 1030 556 1127 Hyblensium
574 1028 826 1126 pactionibus²
844 1024 1068 1128 intelligetis,
1090 1059 1171 1131 quae
1183 1048 1302 1133 pactae
1316 1036 1388 1105 siut

322 1165 405 1213 curu
435 1139 635 1210 decumano
665 1140 732 1209 Cu.
769 1141 915 1237 Sergio,
946 1143 1073 1227 series⁴
1086 1156 1249 1232 tantum,
1278 1168 1389 1241 quam

324 1263 503 1348 quantum
525 1261 642 1319 satum
664 1248 725 1338 sit,
747 1247 907 1321 ablatum
929 1273 1005 1322 esse
1028 1249 1074 1322 ab
1095 1250 1307 1323 aratoribus.
1323 1254 1390 1324 Re·

323 1362 393 1431 cita
422 1358 579 1430 sationes
602 1370 639 1429 et
665 1358 851 1456 pactiones
872 1384 917 1430 ex
939 1360 1050 1433 literis
1073 1362 1234 1462 publicis.
1253 1364 1386 1434 Recita.

321 1474 522 1541 Pscriouss
546 1472 778 1540 Hmnensruu
798 1494 876 1542 curs
892 1474 1055 1543 mero
1074 1497 1181 1544 servo
1196 1499 1241 1543 nx
1255 1496 1388 1544 ursurs

322 1602 492 1651 rusticis.
513 1581 729 1674 cognoscite
754 1579 842 1650 item
868 1578 1110 1677 professiones
1131 1582 1331 1681 sationum,
1352 1594 1388 1652 et

324 1692 508 1789 pactiones
519 1684 784 1760 Menenorum³
799 1712 884 1758 cum
897 1691 1055 1761 Venerio
1068 1715 1185 1762 servo.
1208 1693 1332 1762 Recita
1345 1714 1389 1763 ex

323 1799 434 1872 literis
454 1795 621 1896 publicis.
645 1803 898 1870 Pnornssronss
918 1822 1120 1886 ssrrosuu,
1135 1825 1178 1870 nr
1194 1824 1389 1872 moriones

325 1915 560 1983 tumorum
581 1932 659 1979 cuu
682 1910 844 1978 Vmsmo
867 1929 977 1976 servo
1002 1931 1046 1975 ex
1066 1931 1202 1976 sirenis
1222 1932 1387 1980 eunucis.

323 2019 529 2103 Patiemiui,
545 2016 703 2112 judices,
721 2041 742 2086 a
760 2017 884 2104 sociis,
905 2014 952 2086 ab
969 2014 1171 2091 aratoribus
1188 2018 1315 2115 populi
1331 2043 1388 2088 ro·

324 2130 436 2217 mani,
450 2126 497 2200 ab
514 2127 572 2213 iis,
591 2128 657 2223 qui
675 2123 779 2198 vobis
797 2126 980 2214 laborant,
997 2124 1102 2197 vobis
1115 2129 1310 2215 serviuntt,
1326 2131 1389 2225 qui

326 2243 375 2310 ita
390 2239 533 2336 plebem
552 2260 738 2307 romanam
755 2235 801 2308 ab
819 2261 898 2309 sese
913 2237 960 2307 ali
975 2235 1126 2323 volunt,
1144 2251 1186 2308 ut
1204 2236 1329 2309 sibiae
1348 2239 1390 2308 li-

324 2346 423 2418 beris
445 2350 518 2415 suis
540 2358 681 2415 tantum
702 2347 874 2444 supersit,
889 2370 971 2443 quo
995 2348 1061 2444 ipsi
1092 2346 1138 2418 ali
1163 2349 1323 2445 possint3
1344 2346 1390 2418 ab

326 2456 401 2541 his,
420 2479 485 2552 per
508 2476 684 2525 summam
703 2456 894 2550 injuriam,
916 2480 981 2553 per
998 2454 1244 2527 acerbissimas
1260 2470 1389 2527 contu-

326 2566 470 2653 melias,
495 2561 579 2661 plus
602 2562 797 2660 aliquando
824 2564 981 2636 ablatum
1008 2588 1103 2652 esse,
1128 2590 1240 2661 quam
1266 2579 1391 2635 uatum

327 2678 395 2749 sit?
410 2674 551 2759 Sentio,
567 2671 724 2767 judices,
743 2673 1005 2745 moderandum
1019 2673 1110 2744 mihi
1126 2698 1203 2744 esse
1219 2674 1292 2768 jam
1310 2698 1390 2745 ora·

326 2788 419 2859 tioni
445 2809 552 2870 meae,
581 2781 862 2881 fugiendamque
889 2798 1045 2856 vestram
1075 2784 1286 2856 satietatem.
1310 2789 1391 2857 Non

325 2894 496 2968 versabor
514 2896 552 2964 in
567 2917 645 2964 uuo
662 2915 795 2988 genere
813 2893 969 2982 diutius,
992 2909 1029 2966 et
1047 2896 1095 2965 ita
1113 2908 1231 2966 cetera
1248 2894 1294 2966 de
1310 2920 1390 2966 ora·

327 3010 427 3078 tione
446 3026 525 3074 mea
541 3002 687 3089 tollam,
708 3016 751 3074 ut
767 3018 888 3075 tamen
910 3006 947 3074 in
966 3029 1072 3075 causa
1090 3003 1302 3102 relinquam.
1322 3011 1391 3076 Au·

327 3116 434 3188 dietis
461 3115 798 3209 Agrigentinorum,
824 3112 1102 3187 fortissimorum
1128 3116 1287 3185 virorum
1314 3113 1391 3184 dili·

327 3226 1230 3324 geutissimorumque,querimoniamcognoscetis,
1241 3222 1392 3320 judices,
1489 3300 1493 3309 .

326 3333 608 3418 Entellinorum,
633 3335 765 3403 summi
790 3332 923 3407 laboris
947 3357 1166 3428 summaeque
1189 3331 1391 3419 industriae,

328 3441 491 3514 dolorem
510 3453 547 3512 et
565 3436 736 3534 inju‘rias3
753 3443 1056 3528 Heracliensium,
1079 3439 1306 3528 Gelensium,
1324 3447 1390 3513 So·

362 3693 457 3743 nm.
475 3705 498 3740 1.
512 3689 577 3749 Alii,
589 3689 746 3752 Mammam.
915 3689 941 3736 3.
950 3688 1118 3737 uenenorum.
1129 3686 1259 3751 Sequimur
1268 3689 1344 3739 codd.
1352 3706 1391 3738 re·

364 3790 391 3823 a.
411 3768 576 3821 Frictionibus.
598 3768 637 3817 Ex
652 3768 837 3817 conditionibus
880 3767 941 3831 gion.
950 3768 1012 3815 Μ’.
1022 3769 1051 3816 t.

328 3868 390 3915 qun
401 3840 837 3916 llyblsusescumssrgioseosmnt,
917 3854 943 3902 4.
957 3844 1030 3894 Vobis
1048 3844 1160 3893 serviunt.
1181 3847 1274 3904 Forte,
1298 3848 1392 3896 «robis
1495 3858 1497 3863 '

328 3929 480 3992 intelligetis,
500 3937 546 3975 ete.
565 3953 598 3963 -
621 3927 745 3975 flanona.
770 3925 837 3984 Quot
881 3935 965 3973 serunt
979 3947 1001 3973 n.
1026 3922 1116 3971 Eodem
1138 3939 1208 3972 seusu
1227 3940 1278 3988 quo
1297 3926 1391 3990 vulgata

327 4006 532 4072 ngrornmingerr
540 4016 590 4054 sota
600 3999 838 4066 sint—Prusemb·
882 4014 928 4065 est,
939 4004 1069 4060 invenitur,
1089 4007 1158 4052 Vm.
1171 4006 1198 4063 1,
1212 4006 1257 4061 31,
1275 4026 1287 4047 ι
1304 4005 1391 4070 populi

327 4102 378 4135 nes.
390 4087 458 4148 Quot
466 4084 554 4133 mise
562 4099 588 4130 ae
598 4081 784 4130 doclmverint.
883 4097 945 4132 tom.
956 4081 1113 4141 conditione,
1132 4083 1217 4141 soniis,
1233 4084 1329 4131 fortuna
1342 4100 1392 4132 aar·
