3142 4774
341 421 386 494 36
651 424 698 488 Μ.
726 423 765 489 Τ.
794 421 1087 490 CICERONIS

336 542 438 640 quod
463 542 682 613 decumanus
705 541 876 614 edidisset
896 540 963 613 sibi
984 540 1060 611 dari
1080 555 1267 639 oportere,
1292 541 1329 613 id
1350 542 1397 615 ab

334 668 474 724 aratore
491 652 717 749 magistratus
735 648 896 723 Siculus⁸
911 654 1077 748 exigeret.
1092 650 1190 741 Quid
1203 650 1397 751 dereliquit

333 762 478 857 judicii,
497 761 599 859 quod
616 764 654 835 in
673 777 848 834 aratorem
866 761 943 831 dari
957 763 1250 860 posset?—Non
1262 762 1396 835 malum

334 888 399 963 est,
414 876 548 970 inquit,
562 897 638 943 esse
650 874 751 943 istam
762 872 1013 944 lonnidinem:
1031 888 1089 962 ut,
1101 898 1217 969 quum
1230 889 1395 946 exactum

331 987 378 1056 sit
387 984 432 1056 ab
444 998 601 1071 aratore,
614 997 733 1054 tamen
744 1009 791 1055 ne
800 1008 838 1054 se
850 998 1092 1073 commoveat,
1105 982 1267 1080 reliquus
1277 1000 1395 1058 metus

327 1092 454 1190 judicii
467 1094 621 1165 sie-si
633 1094 769 1188 judicio
784 1119 875 1166 ame
893 1098 946 1165 vis
964 1096 1122 1190 exigere,
1140 1119 1285 1165 remove
1298 1096 1393 1166 Sicu·

330 1203 406 1274 lum
419 1203 685 1299 magistratumz
699 1206 728 1274 si
747 1204 842 1274 hanc
857 1206 930 1273 vim
947 1201 1114 1289 adhibes,
1130 1202 1219 1300 quid
1233 1228 1327 1302 opus
1340 1221 1395 1277 est

324 1312 482 1408 judicio?
505 1313 596 1405 Quis
621 1338 731 1410 porro
755 1316 858 1400 erit9,
880 1318 1040 1410 quinon
1065 1312 1164 1385 malit
1184 1314 1392 1386 decumanis

327 1425 399 1495 tuis
421 1422 527 1511 dare,
548 1422 651 1519 quod
675 1428 926 1522 poposcerint,
950 1447 1060 1519 quam
1085 1422 1130 1495 ab
1157 1423 1299 1496 asseclis
1321 1428 1392 1498 tuis

327 1532 531 1635 quadruplo
553 1534 811 1605 condemnari?

373 1649 467 1716 XIV.
493 1644 558 1715 Illa
576 1669 663 1716 vero
680 1644 855 1761 praeclara
879 1658 933 1716 est
959 1644 1119 1717 clausula
1139 1644 1265 1734 edicti,
1289 1646 1391 1743 qnod

324 1756 489 1825 omnium
507 1756 853 1840 controversiarum,
871 1778 951 1850 quae
967 1769 1085 1825 essent
1100 1757 1195 1826 inter
1211 1770 1389 1828 aratorem

325 1878 362 1935 et
378 1863 639 1951 decumanum,
657 1868 685 1933 si
707 1878 786 1934 uter
800 1863 903 1952 velit,
919 1863 1044 1954 edicit,
1063 1889 1100 1936 sc
1122 1880 1389 1962 recuperatores

316 1971 504 2043 daturum.
538 1975 716 2059 Primum,
749 1997 830 2070 qnae
864 1988 983 2071 potest
1018 1999 1094 2045 esse
1128 1977 1388 2061 controversia,

323 2108 437 2179 quum
456 2087 505 2169 is,
527 2085 591 2179 qui
614 2096 736 2181 petere
755 2080 883 2172 debet,
900 2082 1036 2155 aufert?
1054 2097 1090 2155 et
1110 2088 1272 2181 quomis
1292 2109 1387 2170 non,

322 2206 501 2287 qnantum
521 2190 687 2279 debetur,
708 2191 771 2264 sed
790 2207 968 2290 quantum
986 2192 1218 2265 commodum
1237 2210 1307 2281 est,
1327 2220 1388 2266 au·

322 2299 414 2370 fert?
434 2295 496 2370 itte‘
512 2316 651 2391 autem,
673 2301 770 2374 unde
793 2303 954 2374 ablatum
974 2319 1044 2390 est,
1056 2304 1194 2398 judicio
1208 2329 1315 2376 suum
1328 2330 1385 2377 re·

322 2432 495 2507 cuperare
522 2410 622 2480 nullo
648 2411 759 2482 modo
781 2415 923 2510 potest?
945 2412 1085 2485 Deinde
1114 2417 1151 2485 in
1176 2413 1248 2487 hoc
1273 2415 1385 2487 homo

320 2519 461 2590 luteus¹
487 2521 594 2589 etiam
617 2520 765 2592 callidus
789 2547 829 2593 ae
858 2537 1037 2596 veterator
1058 2548 1135 2596 esse
1163 2524 1263 2610 vult,
1284 2525 1386 2622 quod

319 2633 368 2701 ita
381 2628 523 2716 scribit,
537 2632 575 2698 81
587 2653 680 2699 urna
693 2654 822 2715 votur,
835 2656 1124 2703 arcursaaroars
1142 2657 1246 2703 ntro.
1265 2636 1384 2725 Quam

317 2738 436 2837 lepide
455 2765 493 2810 se
515 2736 627 2810 furari
646 2739 770 2837 putat?
786 2743 939 2837 Utrique
959 2739 1042 2812 facit
1059 2754 1300 2839 potestatem:
1320 2741 1382 2813 sed

350 2946 377 2993 8.
386 2942 824 3008 Magistratusdieslus.vsrresquum
868 2942 925 2991 dere
938 2959 983 3008 per
995 2945 1059 3006 vim,
1074 2954 1194 3008 qnantum
1207 2945 1382 3010 petituqoogl·

314 3023 397 3072 edicto
407 3023 504 3086 scripsit
514 3033 665 3086 utquautum
678 3023 824 3071 decumanus
868 3033 908 3070 tur
920 3034 1008 3071 arator.
1027 3023 1067 3071 Sic
1080 3025 1173 3087 optime
1182 3024 1312 3073 Fet-ratius.
1325 3026 1380 3073 Hoc

312 3102 344 3150 ab
354 3112 446 3149 aratore
458 3112 562 3166 peteret,
573 3101 600 3149 id
608 3101 704 3149 solvere
717 3117 762 3165 per
773 3118 825 3150 ms·
868 3102 895 3148 iu
907 3101 965 3149 loeo
977 3101 1051 3150 lalsus
1064 3111 1100 3149 est
1108 3102 1261 3164 Desjardius,
1276 3102 1320 3167 qui
1331 3101 1380 3149 hoe

313 3179 825 3244 gistratumcogeretnr,nnllumjamlocum
870 3190 949 3229 totum
968 3180 1136 3241 adjudicium
1153 3181 1378 3245 recuperatos-ium,

310 3258 406 3320 judicio
415 3259 600 3323 reliquit‚quod
609 3259 662 3322 ipse
672 3258 699 3306 iu
707 3270 825 3319 statores,
867 3277 910 3309 seu
922 3260 949 3307 iu
961 3260 1087 3325 octuplum
1097 3259 1180 3308 refert.

311 3339 355 3403 qui
369 3338 529 3386 decumanum
539 3337 715 3397 fiuudsversnt,
722 3339 821 3388 indixit.
902 3354 927 3401 9.
943 3338 1002 3399 Quis
1008 3353 1086 3402 porro
1099 3335 1152 3383 erit.
1164 3338 1219 3383 Hoc
1230 3337 1295 3383 enirn
1303 3336 1378 3384 edicti

311 3416 381 3480 Quid
393 3418 459 3464 euim
471 3415 567 3476 jndicio
585 3425 669 3481 petant
680 3415 823 3476 decumani,
867 3428 941 3481 capnt
953 3431 1000 3480 pro
1020 3412 1105 3461 debito
1125 3413 1247 3476 quidquid
1265 3423 1376 3477 petatur,

308 3497 378 3561 quod
398 3496 450 3543 siue
468 3495 563 3557 judicio
582 3511 612 3543 ex
638 3495 819 3560 magiuntuum
864 3495 953 3543 babere
965 3493 1078 3552 ridetur3
1099 3493 1182 3557 itaque
1194 3504 1301 3541 aratores
1316 3493 1376 3541 mal·

309 3577 436 3625 coactione
441 3586 545 3640 possunt
551 3573 682 3622 certissime
692 3574 819 3626 obtinere?
862 3575 913 3622 leut
927 3572 995 3636 qnod
1006 3582 1128 3637 peteretur
1137 3571 1209 3634 dare,
1218 3575 1243 3620 vi
1257 3572 1376 3621 etismilla

307 3656 435 3703 AtVerres
444 3653 819 3720 ostendebstsesrstorum,post
861 3662 966 3710 remota,
985 3652 1041 3700 solo
1055 3650 1187 3717 quadrupli
1205 3663 1287 3713 nau,
1298 3667 1374 3716 quum

307 3735 473 3794 motionem,
489 3733 598 3797 querelas
609 3732 715 3782 voluisse
728 3735 817 3798 prasci-
862 3741 926 3777 certe
938 3730 1042 3778 sVerris
1055 3729 1202 3779 satellitibus
1208 3731 1320 3792 judicato
1332 3730 1375 3778 da·

307 3811 374 3862 dere.
388 3813 533 3878 Respondet
549 3813 637 3862 Cicero
655 3812 744 3862 borum
761 3811 818 3860 alte·
861 3809 953 3857 mortio
968 3809 1111 3872 iugmetet3
1140 3824 1219 3874 neque
1240 3811 1308 3873 quod
1330 3825 1374 3873 pet
1419 3799 1424 3817 '

304 3901 399 3938 rutrum
412 3907 464 3939 uon
476 3908 527 3940 esse
540 3893 700 3940 necessarium
711 3905 718 3938 τ
729 3888 769 3937 vel
780 3889 817 3936 illi
861 3888 910 3934 vius
924 3887 1062 3950 dedissent,
1079 3900 1188 3954 repetere
1197 3889 1325 3938 auderent.

303 3984 355 4016 uun
374 3986 425 4017 esse
441 3986 486 4034 per
503 3974 669 4037 magistratum
686 3971 736 4017 vim
753 3968 815 4015 infe·
895 3968 965 4018 xlv.
980 3968 1176 4019 1.Restituimns
1196 3968 1300 4033 priscam
1313 3970 1372 4019 leet.

302 4047 612 4111 rendam,qustu1udieio
630 4064 717 4113 cogere
735 4045 812 4106 velis;
859 4047 968 4099 Lembiu.
982 4049 1085 4107 Mitem,-
1097 4051 1193 4098 Ernest.
1206 4049 1312 4111 bueus.
1323 4050 1372 4097 lle·

300 4126 340 4176 vel
350 4125 447 4189 judicio
460 4143 511 4174 uou
524 4143 587 4191 opus
600 4143 667 4185 esse,
685 4128 706 4175 si
719 4136 813 4174 nutum
857 4128 920 4190 perit
939 4131 1058 4178 Gruterus
1074 4130 1100 4179 bs
1112 4129 1190 4181 Pelet.
1205 4144 1254 4178 see.
1273 4129 1368 4184 hams.
