3116 4774
307 373 379 459 480
631 371 680 438 Μ.
706 371 745 438 Τ.
772 369 1050 440 cscnnoms

307 493 517 592 oportuerit.
544 491 667 579 Quum
698 492 823 560 omnia
848 491 898 559 ita
925 487 1016 559 facta
1044 501 1180 574 essent,
1200 491 1370 587 quemad-

307 601 457 673 modum
479 625 548 671 nos
574 597 828 681 defendimuS,
856 601 1040 669 Caesennia
1066 596 1221 669 fundum
1248 623 1369 697 posse-

307 715 359 786 dit
371 709 400 798 ⁶,
427 711 630 806 locavitque
653 733 804 805 :neque
828 709 876 776 ita
904 707 1020 777 multo
1047 721 1130 804 post
1156 710 1195 777 A.
1224 709 1371 778 Caecinae

306 825 442 924 nupsit.
460 826 510 892 Ut
529 822 566 890 in
587 843 700 918 pauca
721 816 924 904 conferam,
945 831 1159 889 testamento
1181 814 1275 889 lacto
1289 842 1370 888 mu·

307 936 374 1007 lier
396 932 560 1002 moritur.
586 929 683 999 Facit
706 926 877 1000 heredem
903 951 948 997 ex
970 925 1110 998 deunce
1132 941 1169 999 et
1188 920 1373 998 semuncia

305 1044 499 1126 Caecinam3
512 1063 557 1110 ex
571 1035 713 1109 duabus
725 1037 873 1108 sextulis
885 1040 935 1106 M.
952 1038 1189 1123 Fulcinium7,
1202 1036 1370 1109 libertum
1397 1058 1405 1083 ¹

307 1150 504 1252 superioris
534 1151 626 1235 viri,
652 1145 796 1217 AEbutio
822 1146 999 1217 sextulam
1026 1145 1206 1245 adspergit
1217 1142 1246 1217 ⁸.
1272 1153 1371 1220 Hanc

308 1260 483 1335 sextulam
503 1257 563 1328 illa
583 1254 787 1327 mercedem
804 1256 863 1325 isti
881 1256 1092 1328 esse'voluit
1106 1255 1319 1329 assiduitatis
1334 1273 1371 1330 et

309 1371 496 1457 molestiae,
518 1369 548 1439 si
566 1391 675 1464 quam
692 1380 907 1464 susceperat.
926 1372 996 1438 Iste
1014 1382 1136 1439 autem
1154 1367 1221 1439 hac
1235 1367 1370 1439 sextula
1425 1364 1429 1369 “

308 1504 487 1556 scansam
509 1481 665 1549 retinere
685 1479 849 1548 omnium
874 1478 1197 1549 controversiarum
1214 1493 1326 1576 putat.

356 1594 434 1661 vtl.
453 1593 531 1658 Jam
549 1586 728 1685 principio
748 1610 855 1658 ausus
874 1601 927 1657 est
945 1585 1081 1675 dicere,
1099 1611 1175 1659 non
1193 1611 1300 1685 posse
1312 1587 1372 1661 he·

308 1698 432 1772 redem
446 1720 523 1768 esse
535 1698 727 1769 Caesenniae
740 1697 935 1783 Caecinam3
946 1695 1049 1793 quod
1061 1698 1091 1769 is
1104 1697 1282 1769 deteriore
1292 1698 1372 1794 jure

310 1819 422 1891 esset,
448 1829 557 1902 quam
580 1808 689 1875 ceteri
711 1806 825 1889 cives,
848 1818 998 1902 propter
1019 1807 1289 1878 incommodum
1301 1813 1374 1879 Vo-

308 1917 571 1988 laterranorum
583 1923 611 2000 ¹,
626 1914 935 2011 calamitatemque
951 1915 1103 1987 civilem.
1120 1921 1248 2014 ltaque
1261 1917 1373 1990 homo

308 2026 458 2099 timidus
473 2025 753 2122 imperitusque,
775 2024 838 2120 qui
861 2047 982 2121 neque
1000 2026 1129 2113 animi,
1147 2049 1266 2122 neque
1284 2051 1371 2098 con·

309 2140 377 2213 silii
391 2140 475 2210 satis
490 2134 643 2208 haberet
653 2189 663 2219 ,
675 2159 751 2206 non
765 2137 905 2232 putavit
918 2157 995 2206 esse
1010 2138 1100 2206 tanti
1115 2134 1373 2226 hereditatem,

308 2265 351 2320 ut
372 2249 578 2322 decivitate
601 2247 637 2315 in
662 2243 815 2316 dubium
839 2247 999 2315 veniret:
1026 2248 1222 2334 concessit,
1244 2247 1372 2338 credo,

309 2358 472 2445 AEbutio,
492 2371 670 2452 quantum
688 2354 814 2442 vellet,
835 2353 880 2425 de
905 2358 1096 2426 Caesenniae
1119 2355 1227 2430 bonis
1248 2374 1288 2430 ut
1309 2357 1373 2429 ha·

309 2585 420 2650 refertur,
439 2582 511 2631 etism
525 2596 580 2646 ques
593 2579 749 2628 adnumerata
768 2596 821 2629 non
864 2584 1055 2644 mufmetusrta,
1083 2586 1151 2649 quod
1182 2602 1265 2635 rerum
1287 2587 1372 2636 credo.

310 2658 820 2727 est3utquumslieniressddictseetcerto
864 2666 986 2712 Horruss.
1011 2664 1057 2712 Sed
1069 2681 1205 2729 perpetem.

310 2743 407 2809 pretio,
417 2739 567 2806 argentarius
579 2755 708 2804 expenssm
718 2739 755 2786 illi
767 2748 821 2786 tsn-
899 2757 925 2808 7.
933 2742 1178 2792 Exdrsabussextulis
1188 2748 1221 2794 Μ.
1229 2743 1373 2794 Fulcinium.

310 2835 359 2873 tem
372 2823 499 2888 pecuniam
512 2820 599 2878 relert3
616 2835 692 2882 quum
705 2818 754 2866 hoe
768 2829 820 2866 tsn-
864 2822 962 2869 Sextuls
970 2832 1006 2870 est
1014 2834 1082 2871 sexta
1091 2839 1148 2888 pers
1156 2826 1242 2873 ancisa
1251 2824 1374 2875 Dividitur

311 2916 363 2953 tum
375 2900 556 2968 significet,sb
570 2899 613 2948 illo
626 2898 718 2947 deberi.
732 2901 821 2946 Sensus
864 2898 985 2947 heredites
1002 2901 1029 2948 in
1048 2901 1180 2951 duodecim
1200 2904 1299 2963 unciss,
1318 2920 1374 2968 qne

310 2999 376 3032 nunc
391 2982 435 3046 qui
446 2981 493 3044 sit,
509 2980 612 3044 opinor,
622 2994 674 3026 non
690 2975 820 3025 obscurum
863 2989 920 3027 sunt
940 2992 1022 3043 partes
1042 2980 1199 3042 hereditatis,
1222 2998 1374 3047 uosqusstpse

312 3072 356 3111 est.
370 3065 492 3111 Horrore.
864 3058 936 3106 uncis
954 3061 981 3106 in
1001 3075 1043 3107 ses
1061 3059 1179 3120 sextulas,
1200 3061 1231 3109 de
1247 3063 1296 3110 hoc
1316 3062 1374 3111 loeo

346 3140 374 3188 6.
394 3138 504 3186 Fundam
511 3134 630 3201 possedit.
646 3134 821 3184 iurisconsulti
863 3136 947 3186 multis
957 3137 1060 3185 Budaeus
1071 3138 1102 3186 de
1112 3141 1215 3200 Asse,1.
1228 3142 1268 3188 In.

311 3217 469 3266 traditionem
486 3216 626 3279 requiruut3
646 3224 675 3261 nt
692 3213 767 3262 modo
786 3212 820 3261 di·
900 3218 924 3264 8.
953 3215 1053 3264 AEbutio
1088 3220 1213 3267 sextulam
1242 3218 1374 3284 adspergit.
1472 3184 1482 3265 l
1542 3190 1543 3199 l

311 3308 378 3344 etum
386 3304 423 3341 eet
431 3311 437 3341 ι
446 3294 489 3341 sed
498 3309 573 3356 quum
583 3293 706 3341 Caeeennin
716 3291 818 3340 fundum
863 3294 1014 3344 Translatum
1024 3295 1055 3343 sb
1064 3296 1208 3358 olitoribus,
1220 3299 1263 3362 qni
1273 3299 1376 3363 perluu-

309 3375 378 3425 illusn
390 3372 529 3420 naturaliter
537 3383 564 3419 nt
574 3381 633 3435 pote
642 3372 820 3420 usufructuaria
864 3373 1000 3438 denteque
1013 3375 1118 3423 oss-iures
1132 3376 1177 3424 sihi
1192 3376 1301 3441 plantas,
1317 3376 1374 3424 vilis
1449 3410 1453 3415 -

311 3452 460 3521 possideret,
473 3450 535 3498 nihil
549 3450 678 3498 traditione
686 3465 750 3513 opus
759 3450 820 3512 fnit,
863 3453 928 3502 olere
936 3464 1107 3517 pretereuntes
1116 3454 1263 3520 adspergunt
1271 3465 1374 3504 tsumsu.
1464 3482 1479 3513 ι,

312 3531 486 3598 l.9,§nihil‚
499 3531 534 3579 D.
548 3529 578 3577 de
590 3544 645 3592 seq.
656 3545 702 3578 rer.
716 3529 782 3577 elom.
794 3529 821 3578 in
863 3534 940 3579 Inest.

312 3613 329 3661 l.
346 3615 397 3674 62,
415 3611 446 3660 de
459 3609 530 3659 eviet.
545 3609 561 3675 s
574 3608 712 3668 interdum,
727 3608 758 3657 de
770 3625 819 3658 rer.
899 3611 954 3657 VII.
973 3626 997 3659 s.
1011 3612 1116 3675 Propter
1128 3612 1305 3660 incommodum
1321 3614 1373 3658 Ve-

313 3693 385 3741 divis.
396 3694 515 3740 Hos-ross.
529 3690 620 3737 -Hie
630 3689 733 3736 vertitur
746 3689 820 3737 cerdo
864 3688 1052 3740 interranomm.
1067 3694 1095 3741 1..
1109 3691 1174 3740 Solle
1189 3708 1269 3740 rerum
1280 3695 1373 3756 potitus

312 3787 399 3820 muse.
414 3771 477 3819 Nem
490 3770 510 3818 si
524 3768 633 3836 possedit
645 3767 782 3827 emonis,
795 3779 821 3816 et
863 3768 938 3817 Itsliae
964 3771 1104 3836 municipiis
1129 3771 1253 3820 civitatem
1276 3771 1374 3820 ademit.

313 3852 365 3910 ejus
375 3851 444 3898 heres
459 3851 568 3910 Coeeins,
582 3864 633 3898 non
647 3848 772 3897 restitutus
784 3857 821 3896 est
863 3850 951 3898 Cicero
971 3849 998 3897 in
1015 3861 1076 3900 orsa.
1095 3866 1142 3915 pso
1162 3853 1259 3911 Dono,
1277 3851 1371 3907 Livius,

315 3926 493 3978 exinterdieto.
505 3928 820 3991 Pusam-locavitque.
863 3931 1005 3993 Appisnus,
1026 3938 1051 3976 et
1071 3929 1133 3978 elii:
1150 3929 1199 3978 hoc
1219 3941 1306 3993 prester
1325 3928 1373 3975 slis

313 4007 348 4052 Ut
358 4006 443 4053 Cicero
454 4008 598 4065 contendit,
611 4004 733 4072 temqusin
745 4006 820 4070 pleno
863 4022 915 4054 eam
926 4008 976 4054 vim
984 4006 1101 4066 habebat,
1115 4019 1144 4057 nt
1155 4022 1227 4056 nemo
1238 4007 1307 4056 exiis
1318 4022 1375 4054 usu·

309 4086 364 4147 jure
377 4082 492 4132 domina:
512 4097 538 4133 ut
558 4084 685 4145 AEhutius,
698 4097 820 4147 tamquam
864 4084 961 4148 nicipiis
972 4084 1151 4137 hereditatem
1165 4087 1259 4152 populo
1271 4101 1374 4136 musano
