3142 4774
330 463 381 531 IN
405 461 622 558 VERREM
647 459 755 526 ACT.
779 458 838 543 ΙΙ,
862 444 957 527 LIB.
979 461 1050 528 ΙΙΙ.
1180 485 1221 557 tq

167 607 251 655 cum
267 583 486 654 lenocinium
507 579 651 651 videre?
673 581 745 666 Qui
767 580 957 675 religiones
978 581 1129 652 deorum
1153 587 1222 654 im-

168 694 371 766 mortalium
389 692 543 762 retinere
560 690 654 777 vult,
670 690 721 776 ei,
734 691 799 784 qui
811 687 893 758 fana
909 687 1068 785 spoliarit
1083 696 1223 779 omnia,

168 806 234 900 qui
249 828 292 874 er
308 803 516 873 thensarum
529 794 680 870 orbitis⁵
694 796 844 895 praedari
859 799 905 867 sit
918 822 1044 883 ausus,
1060 802 1224 873 inimicus

170 937 247 982 non
263 936 339 982 esse
357 914 419 1008 qui
437 904 579 1007 potest?
591 909 663 997 Qui
676 908 757 1002 jure
771 930 874 1003 aequo
888 930 1016 979 omnes
1032 923 1135 1004 putat
1149 936 1227 980 esse

168 1036 358 1120 oportere,
377 1021 406 1091 is
425 1019 492 1089 tibi
513 1043 587 1088 non
607 1016 937 1115 infestissimussit,
959 1041 1074 1112 quum
1096 1022 1229 1115 cogitet

170 1130 376 1201 varietatem
402 1127 662 1224 libidinemque
682 1127 911 1197 decretorum
932 1124 1133 1198 tuorum⁶?
1158 1132 1231 1218 Qui

171 1245 351 1312 sociorum
374 1241 534 1335 injuriis,
555 1239 894 1335 provinciarumque
914 1237 1152 1308 incommodis
1166 1240 1230 1308 do·
1321 1282 1325 1293 ·

173 1353 261 1439 leat,
284 1353 313 1420 is
339 1354 377 1419 in
400 1364 436 1418 te
460 1373 535 1418 non
558 1347 772 1444 expilatione
795 1348 900 1433 Asiae,
922 1348 1107 1417 vexatione
1128 1353 1230 1419 Parn-

173 1461 321 1558 phylire‚
342 1458 508 1554 squalore
532 1472 569 1527 et
591 1457 755 1552 lacrymis
775 1456 897 1526 Sicilire
921 1459 1139 1528 concitetur?
1159 1462 1233 1549 Qui

171 1572 303 1641 civium
322 1592 555 1638 romanorum
568 1567 648 1660 jura
662 1590 703 1636 ac
720 1564 920 1637 libertatem
933 1580 1114 1637 sanctam⁷
1134 1571 1232 1665 apud

173 1704 300 1749 ornnes
316 1677 442 1748 haberi
457 1676 559 1763 velit,
578 1677 607 1746 is
622 1699 696 1745 non
715 1674 780 1745 tibi
798 1675 878 1772 plus
894 1679 1024 1761 etiam,
1040 1701 1149 1773 quam
1167 1680 1233 1748 ini-

174 1791 288 1859 micus
303 1812 380 1858 esse
394 1784 541 1873 debeat,
558 1810 671 1881 quum
687 1800 748 1855 tua
762 1785 929 1868 verbera,
943 1811 1056 1883 quum
1071 1812 1233 1868 secures,

174 1922 287 1994 quum
313 1920 436 1967 cruces
461 1894 507 1965 ad
533 1896 666 1965 civium
689 1918 923 1966 romanorum
949 1896 1122 1993 supplicia
1145 1896 1235 1971 ‘fixas

174 2005 408 2077 recordetur?
434 2009 510 2091 An,
528 2007 557 2075 si
577 2030 650 2101 qua
670 2006 708 2074 in
730 2029 771 2074 re
792 2019 918 2074 contra
939 2030 1015 2074 rem
1037 2031 1155 2076 meam
1176 2008 1235 2077 de-

175 2130 308 2187 cresset
329 2114 465 2212 aliquid
486 2114 635 2207 injuria,
654 2113 735 2209 jure
753 2138 812 2184 me
830 2115 863 2183 ei
881 2116 1067 2184 inimicum
1087 2138 1164 2183 esse
1181 2139 1235 2183 ar·

176 2222 370 2313 bitrarer⁸;
400 2248 514 2322 quum
546 2224 665 2294 omnia
699 2237 824 2293 contra
860 2227 1024 2293 omnium
1054 2223 1236 2294 honorum

177 2361 273 2423 rem,
298 2358 461 2421 causam,
483 2335 682 2417 rationem,
709 2332 919 2419 utilitatem,
941 2331 1238 2429 voluntatemque

177 2443 319 2531 fecerit,
335 2444 484 2541 quaeris,
505 2468 570 2513 cur
588 2444 621 2512 ei
640 2444 706 2513 sim
724 2443 910 2528 inimicus,
929 2443 986 2512 cui
1008 2444 1164 2540 populus
1179 2468 1238 2514 ro·

178 2576 305 2624 manus
321 2550 471 2623 infestus
490 2552 557 2622 sit?
574 2554 637 2648 qui
659 2551 856 2648 praesertim
876 2550 958 2646 plns
980 2554 1109 2639 etiam,
1128 2577 1238 2647 quam

180 2688 261 2761 pars
282 2663 390 2733 virilis
414 2663 605 2759 postutau,
625 2684 693 2758 pro
713 2660 939 2730 voluntate¹⁰
958 2660 1086 2756 populi
1102 2664 1241 2730 romani

180 2775 298 2845 oneris
320 2797 360 2843 ac
381 2767 540 2842 muneris
562 2773 742 2868 suscipere
762 2768 925 2840 debeam.

228 2886 288 2951 IV.
310 2881 430 2971 Quid?
454 2880 553 2968 illa‘,
580 2904 661 2978 qua·
692 2880 827 2949 leviora
854 2875 1023 2947 videntur
1045 2901 1139 2965 esse,
1166 2905 1243 2950 non

132 3120 135 3123 ·
181 3084 341 3152 perductores
348 3083 403 3131 illos
414 3083 540 3147 quibussd
550 3100 691 3149 oppugnass-
771 3100 794 3142 7.
808 3083 929 3128 Sanctam.
943 3082 1111 3129 Inviolabllern
1122 3119 1129 3142 ‚
1147 3085 1242 3157 qualem

182 3163 237 3211 darn
251 3160 394 3225 pudicitinm
413 3163 497 3208 utitur.
733 3176 785 3208 esm
794 3170 909 3224 praestsnt
918 3160 982 3224 leges
993 3162 1084 3208 Porciae
1098 3176 1121 3211 st
1132 3166 1243 3229 Sempro·

155 3284 161 3295 ,
219 3243 243 3289 5.
263 3241 306 3286 Ee
319 3232 458 3286 theuterum
478 3237 568 3286 orbitis.
585 3240 624 3286 Ex
638 3240 690 3298 via,
734 3239 788 3288 nine.
798 3239 857 3287 Vid·
870 3242 939 3287 Verr.
953 3242 985 3296 V,
999 3242 1041 3287 61.

182 3336 230 3384 qur
250 3318 354 3374 thensin,
367 3334 409 3364 seu
422 3317 483 3365 sacri
504 3333 603 3375 currus,
616 3316 691 3364 dedu·
769 3321 790 3365 8.
805 3322 905 3367 Hotom.
917 3331 942 3365 et
954 3320 1052 3367 Mannt.
1064 3322 1220 3370 arbitrarere.

182 3409 281 3445 cuntur.
294 3396 388 3460 Nempe
401 3412 477 3459 qnnm
490 3396 578 3443 Verres
590 3395 617 3442 in
629 3410 692 3459 prse-
769 3414 795 3461 9.
808 3399 848 3445 Au
860 3397 985 3459 postulet?
1002 3399 1099 3447 Ernest.
1120 3401 1168 3449 Sed
1181 3404 1244 3451 nihil

183 3474 319 3533 tnrs,vism
329 3476 409 3538 inque
418 3474 519 3521 deorum
528 3484 612 3522 ststnse
624 3473 692 3522 then·
735 3492 805 3540 opus.
818 3474 915 3523 Schiita.

183 3559 216 3601 sis
232 3555 353 3619 impositae
371 3569 416 3616 per
432 3569 547 3617 pompam
570 3552 691 3600 duceban-
773 3570 811 3600 ιο.
837 3558 886 3602 Pro
899 3552 1034 3601 voluntate.
1048 3554 1112 3617 Qui,
1128 3567 1156 3603 nt
1176 3559 1247 3606 obse·

183 3646 235 3691 tor,
256 3631 390 3680 ornandam
408 3631 553 3691 curavisset,
568 3632 652 3695 inique
667 3642 692 3679 et
735 3647 796 3695 quar
809 3632 930 3682 voluntati
944 3636 970 3679 et
984 3632 1066 3680 studio
1084 3635 1171 3698 populi
1184 3652 1245 3686 rom.

183 3711 294 3775 improba
307 3712 401 3759 ratione
416 3710 543 3775 pecuniam
561 3709 619 3757 inde
636 3726 693 3759 coe·
738 3709 768 3757 de
782 3726 820 3756 me
834 3713 927 3775 optime
944 3712 1038 3780 meriti,
1053 3712 1110 3776 plus
1125 3714 1246 3778 suscipere

184 3793 228 3855 git.
250 3789 425 3839 Praedstionem
438 3790 509 3836 istam
522 3789 599 3836 fusius
614 3790 693 3858 expli-
738 3788 838 3836 debeam
852 3805 924 3851 quem
938 3806 997 3837 mese
1017 3790 1082 3837 vires
1096 3792 1228 3853 pstinntnr.

185 3881 223 3916 eat
237 3872 308 3918 Verr.
330 3871 355 3933 1,
372 3869 414 3931 59.
433 3869 525 3917 Confer
537 3868 609 3915 etism
619 3870 691 3916 Verr.
772 3868 816 3915 IV.
833 3866 1012 3928 1.Quid?illa.
1028 3868 1141 3916 Ciceroni
1150 3885 1202 3918 non
1209 3890 1249 3924 ss-

184 3946 218 4008 V,
230 3965 271 4007 7²·
350 3981 355 3990 .
738 3946 769 3993 tis
785 3957 822 3992 est
835 3944 968 3993 ostendisse
981 3947 1105 3993 Verresne
1123 3965 1148 3996 se
1161 3952 1248 3999 merito

221 4029 245 4078 6.
261 4029 415 4074 Decretornm
428 4037 532 4075 urorum.
546 4028 608 4089 Qua
619 4040 649 4072 er
656 4027 694 4086 jn·
737 4027 859 4082 accusari,
872 4024 922 4072 nisi
933 4023 1005 4070 etism
1016 4027 1251 4090 transnatamus·

187 4122 213 4152 re
226 4118 250 4152 et
265 4106 378 4170 aequitste
389 4120 536 4168 numquam,
555 4120 649 4169 semper
663 4120 695 4151 ex
738 4103 809 4151 tellos
825 4119 854 4150 se
873 4103 967 4151 nobiles
986 4116 1079 4152 eeteros
1097 4107 1179 4154 Verris
1200 4109 1250 4156 sen-

185 4183 288 4232 libidine
307 4184 461 4246 descripsisti.
738 4192 803 4228 tores
818 4182 950 4230 convincat
960 4183 1108 4246 iniqnitatis,
1122 4185 1189 4246 quod
1202 4185 1251 4233 bel.

1095 4294 1126 4336 2.
