3148 4780
344 392 415 491 376
540 418 544 423 ·
625 386 1079 469 'unemunoms
1159 437 1164 444 -

341 516 498 610 navigio,
519 513 619 613 quod
634 528 890 615 erat'captum,
914 532 948 587 et
971 541 1015 587 ex
1037 538 1219 586 remorum
1246 539 1411 588 numero

342 623 589 718 conjiciebant.
610 631 696 715 Iste,
717 626 818 723 quod
837 650 982 711 omnes,
999 627 1065 722 qui
1085 620 1249 696 artificii³
1264 623 1411 722 aliquid

344 731 546 805 habuerant
567 751 629 806 aut
648 733 789 824 formae,
820 748 1019 806 removerat
1044 748 1153 831 atque
1182 730 1410 821 abduxerat,

342 843 502 939 reliquos
516 846 562 932 si,
588 859 630 915 ut
648 844 873 916 consuetudo
890 857 959 933 est,
988 844 1197 914 universost
1216 839 1261 911 ad
1277 841 1408 938 palum

252 1048 259 1055 ι
343 952 535 1050 alligasset,
553 954 744 1025 clamorem
759 955 883 1051 populi
902 952 980 1024 fore
997 948 1262 1049 suspicabatur,
1284 974 1407 1047 quum

342 1073 441 1131 tanto
461 1058 603 1159 plures⁵
625 1062 771 1135 abducti
794 1076 932 1149 essent,
958 1086 1068 1158 mam
1093 1060 1219 1132 relicti.
1249 1063 1409 1157 Propter

340 1168 433 1241 hanc
449 1194 592 1242 causam
608 1196 723 1268 quum
733 1173 943 1242 instituisset
958 1171 1045 1242 alios
1057 1170 1127 1241 alio
1139 1184 1301 1266 tempore
1314 1192 1406 1266 pro·

341 1276 490 1365 ducere,
510 1294 630 1352 tamen
660 1285 697 1351 in
720 1295 820 1352 tauto
849 1293 1032 1351 conventu
1057 1303 1165 1350 nemo
1188 1292 1284 1365 erat,
1308 1279 1406 1374 quin

342 1389 522 1487 rationem·
533 1414 798 1488 numerumque
814 1389 980 1477 haberet,
997 1404 1034 1459 et
1047 1384 1229 1484 reliquos⁶
1248 1412 1324 1458 non
1337 1385 1404 1458 de·

341 1495 511 1567 sideraret
549 1499 681 1587 solum,
719 1500 783 1571 sed
816 1502 922 1572 etiam
955 1511 1119 1595 posceret
1149 1509 1185 1566 et
1215 1493 1400 1592 flagitaret.

343 1607 466 1694 Quum
480 1608 654 1679 maximus
672 1633 845 1680 numerus
859 1608 1015 1693 deesset,
1031 1619 1109 1676 tum
1127 1609 1193 1676 iste
1212 1603 1323 1674 homo
1340 1628 1403 1674 ne-

341 1710 453 1784 farius
469 1715 507 1784 in
527 1740 654 1788 corum
672 1718 811 1805 locum,
836 1741 927 1814 quos
943 1715 1092 1786 domum
1106 1737 1205 1784 suam
1219 1711 1265 1784 de
1279 1714 1403 1810 piratis

342 1820 559 1913 abduxerat,
578 1826 792 1898 substituere
810 1841 849 1897 et
869 1850 1073 1922 supponere
1098 1826 1209 1920 coepit
1229 1823 1323 1893 cives
1338 1847 1400 1893 ro-

341 1954 487 2021 manos,
507 1961 599 2032 quos
615 1941 654 2007 in
680 1960 857 2008 carcerem
874 1949 978 2005 antea
993 1935 1196 2039 conjecerat
1216 1958 1225 2002 t
1242 1956 1400 2029 quorum

344 2040 429 2113 alios
462 2047 712 2117 Sertorianos⁷
736 2046 866 2116 milites
890 2043 997 2116 fuisse
1021 2042 1265 2130 insimulabat,
1298 2055 1409 2113 etex·

341 2152 511 2250 Hispania
528 2154 707 2254 fugientes
725 2155 771 2228 ad
789 2156 942 2228 Siciliam
960 2156 1130 2254 appulsos
1150 2178 1228 2225 esse
1244 2150 1399 2241 dicebat;

342 2258 448 2350 alios,
466 2266 559 2360 qnia
574 2265 916 2363 praedonibuserant
928 2266 1039 2363 capti,
1057 2287 1172 2361 quum
1184 2277 1400 2334 mercaturas

342 2363 516 2458 facerent,
542 2375 780 2471 autaliquem
804 2374 908 2446 aliam
937 2372 986 2445 ob
1010 2398 1152 2446 causam
1177 2374 1399 2469 navigarent,

343 2498 407 2543 sua
427 2477 611 2551 voluntate
632 2506 715 2551 cum
735 2484 856 2579 piratis
873 2481 982 2556 luisse
998 2481 1176 2579 arguebat.
1195 2486 1320 2577 ltaque
1341 2480 1399 2552 alii

344 2582 438 2652 cives
452 2590 606 2674 romani,
624 2615 672 2661 ne
685 2607 1007 2688 cognoscerentur,
1024 2591 1200 2690 capitibus
1218 2589 1399 2660 obvolutis

344 2714 364 2760 e
381 2714 521 2765 carcere
539 2696 583 2768 ad
597 2699 719 2796 palum
734 2715 842 2797 atque
858 2699 902 2770 ad
916 2725 1043 2772 necem
1058 2699 1307 2798 rapiebantur,
1326 2698 1400 2786 alii,

238 2862 240 2867 ,
343 2806 617 2894 quumamultis
634 2807 771 2880 civibus
784 2814 942 2887 romanis
959 2823 1302 2907 recognoscerentur
1311 2804 1340 2897 ⁸,
1356 2807 1400 2879 ab

382 2985 405 3032 3.
416 2984 474 3033 Arei
489 2986 528 3035 eii.
543 2988 592 3050 Qui
601 2999 674 3037 artem
687 2989 791 3053 aliquam
800 2988 849 3037 cal·
891 2976 1011 3038 ¹Plurimae
1024 2990 1132 3038 civitatee
1142 2991 1167 3037 iu
1181 2999 1326 3053 potestatem
1334 3007 1400 3039 anam

343 3060 440 3122 lebant,
452 3065 544 3112 scilicet
556 3065 649 3125 literas,
660 3069 790 3128 musicam,
800 3079 848 3117 etc.
892 3068 992 3132 redegit,
998 3079 1023 3117 et
1036 3083 1150 3117 romanoe
1163 3067 1225 3115 duos
1237 3068 1302 3116 fudit
1310 3069 1399 3118 exerci-

380 3150 405 3199 t.
421 3143 553 3193 Universos.
571 3147 661 3193 Omnes
674 3147 852 3195 simul-Ad
893 3146 1055 3196 tua'l’andem
1066 3159 1154 3195 octavo
1165 3146 1268 3195 ducatus
1286 3148 1325 3195 eni
1337 3161 1399 3193 anno

338 3219 433 3281 palum.
447 3223 481 3269 Ut
494 3222 567 3286 virgis
579 3223 736 3283 caesi,eecurl
751 3225 850 3275 feriren-
893 3226 918 3273 in
932 3227 1048 3274 convivio
1066 3226 1206 3274 interiectus
1223 3236 1287 3272 esta
1301 3227 1337 3273 Μ.
1349 3228 1400 3272 An·

344 3306 391 3349 tur·
893 3304 978 3363 tonia,
992 3306 1028 3354 M.
1042 3307 1167 3370 Perpenna
1178 3303 1281 3366 aliisque
1291 3305 1400 3363 conjura-

378 3376 403 3424 5.
414 3377 658 3444 Qunmtantoplnres.
668 3379 697 3427 Id
707 3391 757 3439 est,
770 3383 848 3432 multo
892 3383 929 3431 tia
948 3384 984 3431 Eo
997 3385 1079 3431 occiso
1093 3384 1198 3432 delatum
1210 3393 1247 3430 eet
1269 3382 1396 3445 imperium

340 3452 429 3517 plnres.
439 3456 526 3505 Verres
543 3461 607 3505 euim
623 3458 755 3506 abduxerat
770 3461 847 3509 multo
890 3462 923 3509 ad
936 3464 1098 3524 Perpennam,
1112 3477 1183 3524 quem
1192 3462 1324 3526 Pompeius
1334 3475 1399 3509 anno

341 3533 422 3596 plures
433 3534 534 3598 piratae,
550 3552 622 3600 quam
634 3538 711 3583 menri
725 3537 847 3587 feriendos
890 3550 1004 3601 sequente
1013 3539 1105 3586 vietum
1114 3551 1260 3604 captumque
1269 3539 1400 3596 interemit,

341 3611 478 3677 reliquerat.
890 3633 918 3663 ac
928 3615 1023 3662 demum
1032 3633 1098 3665 anun
1111 3620 1160 3666 682
1171 3619 1229 3682 ,qui
1240 3629 1290 3665 erat
1298 3617 1401 3677 hujusce

375 3693 401 3742 6.
415 3694 449 3740 Et
461 3693 572 3761 reliquos.
585 3693 655 3756 Quos
666 3693 746 3742 deesse
758 3695 847 3744 intelli·
890 3693 947 3742 belli
957 3694 1007 3742 iere
1017 3695 1138 3756 decimm,
1150 3696 1272 3745 abeodem
1283 3692 1400 3760 Pompeio

340 3767 417 3829 gebat.
888 3785 992 3837 receptae
1003 3786 1058 3824 eunt
1069 3777 1199 3841 Hispaniae.
1206 3777 1259 3824 Ltv.
1271 3776 1337 3839 Epit.
1351 3791 1398 3838 9⁰3

272 3837 278 3847 ’
377 3864 399 3907 7.
413 3850 572 3902 Sertorianos.
585 3853 766 3913 Sertorius‚vir
779 3870 844 3901 sum·
890 3852 989 3911 Florae,
1004 3856 1056 3915 111,
1075 3853 1308 3919 25.-11ugtmes.
1321 3854 1399 3901 Parti·

340 3927 442 3985 moe‚sed
461 3929 606 3979 calamitoeae
625 3935 737 3990 virtutis,
751 3948 763 3978 a
778 3932 844 3979 Sulla
889 3929 935 3978 bus
954 3933 1004 3981 suis
1021 3934 1135 3982 nimirum
1155 3932 1241 3981 deletis
1258 3950 1302 3998 per
1323 3935 1397 3981 Pom-

336 4003 501 4065 proecriptna,
520 4009 545 4054 in
567 4010 707 4073 Hispaniam
722 4010 842 4080 profugit,
888 4012 978 4074 peium.

337 4076 379 4124 ubi
386 4077 566 4139 ingenabellnm
575 4087 700 4147 excitavit,
708 4103 774 4135 anno
783 4086 843 4149 673.
924 4091 947 4136 8.
966 4092 1203 4155 Recognoscermwr.
1219 4090 1264 4140 Ed.
1275 4102 1299 4140 et
1310 4087 1396 4147 bamb,
