3200 4768
410 425 465 494 IN
490 424 702 493 VERREM
725 424 831 493 ACT.
857 422 1114 506 11‚L113.1v·
1221 418 1287 490 251

234 542 349 642 pitolii
378 557 588 615 ornamenta
615 541 819 640 ponentur?
843 541 941 631 Quid
968 539 1054 612 huic
1074 538 1185 612 sacri³
1211 567 1292 613 um-

234 678 343 751 quam
359 650 437 726 fore
447 708 457 741 ,
469 666 535 746 aut
547 650 636 748 quid
649 650 758 723 fuisse
773 649 929 746 religiosi
947 650 1099 748 putatis,
1118 653 1179 747 qui
1193 674 1293 725 nuno

235 776 337 832 tanto
356 762 490 854 scelere
510 785 549 833 se
570 759 784 832 obstrictum
803 783 880 831 esse
904 785 978 830 non
1004 760 1157 831 sentiat?
1173 762 1237 856 qui
1254 762 1293 830 iu

231 871 405 968 judicium
424 873 559 959 veniat,
581 870 646 942 ubi
665 895 712 942 ne
734 872 874 969 precari
891 868 1040 967 quidem
1055 875 1180 941 iovem
1196 870 1294 966 opti-

234 1005 334 1052 mum
349 987 566 1069 maximum,
584 995 694 1080 atque
712 978 758 1051 ah
781 1006 825 1053 eo
848 981 1021 1052 auxilium
1046 993 1169 1078 petere
1191 1002 1294 1049 more

234 1095 421 1162 omniunt
439 1093 573 1190 possit?
594 1116 708 1189 aquo
729 1091 836 1162 etiam
856 1088 907 1160 dii
925 1088 1142 1162 immortales
1158 1112 1221 1160 sua
1237 1111 1294 1157 re·

232 1214 363 1297 petunt
389 1203 428 1273 in
454 1227 498 1273 eo
522 1202 678 1296 judicio,
700 1202 801 1299 quod
825 1199 1035 1273 hominibus
1061 1198 1105 1270 ad
1133 1222 1214 1271 suas
1237 1222 1295 1269 res

231 1311 451 1408 repetundas
466 1325 520 1382 est
536 1311 796 1385 constitutum?
812 1313 986 1381 Miramur
1002 1308 1151 1381 Athenis
1166 1310 1296 1403 Miner·

231 1442 313 1490 vam
324 1416 352 1510 ⁵,
375 1422 455 1491 Deli
480 1421 708 1519 Apollinem,
735 1425 914 1492 lunonem
927 1422 1050 1506 ¹Sami,
1069 1423 1186 1514 Pergae
1210 1419 1294 1486 Dia·

233 1552 339 1618 nam,
359 1530 493 1601 multos
515 1544 689 1627 praeterea
713 1528 759 1600 ab
786 1531 855 1601 isto
878 1530 966 1601 deos
990 1543 1065 1600 tota
1089 1530 1173 1598 Asia
1195 1530 1293 1599 Grae-

233 1641 360 1733 ciaque
376 1637 548 1727 violatos,
562 1640 625 1736 qui
643 1663 664 1709 a
678 1637 856 1736 Capitolio
875 1662 1002 1708 manus
1018 1635 1197 1709 abstinere
1212 1661 1296 1738 *non

233 1747 418 1843 potuerit?
435 1748 545 1838 Quod
564 1751 692 1846 privati
713 1748 877 1818 homines
896 1748 941 1819 de
961 1749 1037 1817 'suis
1057 1747 1220 1845 pecuniis
1238 1770 1295 1815 or·

232 1870 339 1945 nant,
360 1861 598 1955 ornaturique
616 1871 716 1945 sunt,
736 1856 773 1927 id
795 1861 833 1927 C.
853 1862 984 1929 Verres
1007 1855 1052 1927 ab
1075 1854 1220 1954 regibus
1237 1880 1295 1925 or·

233 1967 310 2036 nari
326 1982 469 2039 nonest
486 1991 622 2065 passus.
641 1965 794 2065 Itaque⁶
813 1965 885 2040 hoc
902 1966 1041 2039 nefario
1054 1968 1187 2038 scelere
1206 1988 1294 2034 con·

231 2090 358 2174 cepte,
376 2077 468 2149 nihil
488 2093 615 2176 postea
630 2093 704 2149 tota
719 2079 756 2148 in
770 2079 886 2149 Sicilia
904 2103 1025 2173 neque
1045 2080 1157 2162 sacri,
1172 2098 1294 2170 neque

230 2185 387 2283 religiosi
400 2212 476 2259 esse
490 2186 613 2276 duxit3
629 2191 681 2259 ita
695 2212 772 2260 sese
788 2189 825 2258 in
845 2212 887 2257 ea
903 2187 1087 2283 provincia
1103 2206 1168 2279 per
1182 2184 1293 2253 trien·

231 2297 332 2365 nium
347 2298 475 2392 gessit,
489 2311 531 2366 ut
546 2295 592 2367 ab
607 2299 676 2368 isto
692 2320 769 2368 nou
787 2296 906 2368 solnm
924 2294 1152 2388 horninibus,
1166 2316 1293 2364 verum

232 2407 340 2477 etiam
354 2406 424 2477 diis
437 2408 700 2480 immortalibus
718 2407 855 2480 bellum
874 2405 1050 2478 indictum
1069 2417 1268 2503 putaretur.

279 2520 444 2611 xxxltl.
469 2521 633 2614 Segesta¹
654 2532 709 2590 est
726 2517 903 2617 oppidum
919 2529 1089 2615 pervetus
1106 2515 1145 2585 in
1158 2513 1293 2601 Sicilia,

267 2722 291 2770 3.
307 2723 373 2784 Quid
383 2722 439 2771 iric
449 2724 522 2772 sarri.
536 2725 602 2788 Quid
613 2726 688 2775 homo
697 2724 739 2773 ille
782 2741 837 2772 nem
851 2725 995 2773 narrationis
1004 2724 1092 2786 huJ'ua,
1103 2740 1151 2788 qua
1161 2725 1295 2786 Verreaju·

231 2799 739 2868 aecrihahebit‚quinecdeoa,necipaum
783 2803 892 2864 dicibua,
906 2815 930 2851 et
953 2802 1040 2866 populi
1061 2802 1170 2864 romani,
1189 2815 1214 2851 et
1232 2820 1293 2868 pro-

231 2878 320 2925 Jovem
336 2880 476 2942 impugnare
488 2882 580 2929 veritur
596 2884 651 2932 eat?
663 2884 741 2933 Cauaa
783 2883 932 2940 vinciamur,
945 2892 970 2931 et
980 2880 1081 2929 deorum
1093 2881 1202 2946 ipsoram
1215 2882 1294 2932 boetia

232 2956 298 3003 enim
314 2973 358 3004 cur
370 2958 462 3020 aliquid
475 2975 571 3007 aacrnm
589 2972 630 3008 aut
643 2960 740 3025 religio·
782 2962 952 3010 infestissima
965 2959 1151 3008 demonstratur.

231 3051 285 3082 aum
305 3034 434 3093 hahemus,
451 3047 487 3084 eat
499 3042 586 3086 nummi
603 3051 682 3089 metue
695 3056 740 3088 uu·
818 3041 974 3089 xxxtur.
985 3040 1092 3103 Segesta.
1103 3042 1162 3088 Haec
1176 3051 1213 3089 eat
1225 3041 1293 3102 urba,

231 3113 351 3173 minia‚h.
359 3130 380 3162 e.
391 3114 476 3179 pictae.
484 3117 534 3179 Qui
542 3117 617 3180 igitur
625 3117 741 3181 deorum,
784 3130 959 3168 nteamorator
970 3118 1172 3184 depingit,quarn
1184 3136 1294 3170 commu·

231 3204 260 3240 ut
270 3192 372 3250 Verres,
386 3194 520 3256 potentiam
535 3194 629 3257 irridet,
646 3196 742 3245 ianihil
784 3199 824 3246 uia
845 3215 899 3250 cnm
921 3198 999 3246 Roma
1016 3200 1086 3264 origo
1108 3200 1185 3247 cuivis
1200 3199 1249 3249 alio
1265 3217 1293 3249 ac

230 3271 306 3330 aacri,
318 3270 380 3319 nihil
392 3271 498 3335 religiosi
511 3273 599 3321 ducere
612 3285 703 3340 puteat.
783 3278 854 3326 Verri
866 3294 956 3326 auermn
974 3294 1003 3326 ac
1021 3279 1181 3327 venerandam
1199 3283 1295 3345 pracati-

266 3358 290 3406 t.
298 3351 490 3398 Moreomuium.
500 3352 550 3415 Qui
559 3352 623 3400 enim
633 3354 657 3401 in
668 3370 740 3419 grave
784 3358 858 3405 tieret.
879 3359 937 3405 Poat
950 3357 1035 3406 urbem
1048 3369 1150 3407 atatoam
1171 3359 1292 3419 eelebra13

229 3430 364 3499 periculum
382 3430 553 3494 adducuntur,
573 3432 674 3481 deorum
698 3445 740 3484 aut
783 3436 845 3483 hanc
857 3446 881 3483 et
894 3438 975 3500 operia
987 3437 1159 3501 pulchritudo,
1172 3450 1197 3486 et
1206 3449 1244 3488 tot
1253 3457 1295 3504 po

228 3507 354 3557 hominum
364 3525 436 3573 opem
449 3510 593 3576 implorant3
603 3515 739 3563 Verreaau·
782 3515 898 3580 polorum
910 3517 1050 3576 veneratio,
1064 3527 1088 3564 ct
1096 3517 1208 3565 'huetium
1222 3520 1293 3566 etiam

229 3596 277 3634 tem
286 3587 319 3636 ita
332 3590 394 3652 egit,
409 3600 437 3636 ut
448 3606 526 3653 neque
538 3590 650 3640 homines
660 3611 739 3660 neque
782 3593 915 3641 reverentia
927 3596 955 3642 in
974 3607 1120 3660 perpetuum
1141 3613 1294 3644 consecrasse

230 3664 289 3713 deos
299 3666 429 3730 implorare
440 3669 530 3733 possit,
545 3670 685 3736 nullumque
696 3674 739 3721 ha-
784 3670 935 3722 videbantur.
945 3675 1026 3737 Quare
1035 3676 1179 3738 Carthagine
1190 3674 1293 3736 devicta,

229 3743 285 3791 beat
299 3744 324 3792 in
335 3746 380 3793 hac
391 3762 434 3793 aua
445 3747 578 3797 calamitate
591 3752 737 3816 perfugium.
782 3751 880 3815 Scipio,
891 3763 1013 3819 tamquam
1027 3753 1193 3801 dulcisaimum
1207 3755 1292 3802 triuun

231 3823 283 3869 Hac
299 3825 417 3873 sententia
429 3824 454 3872 in
467 3828 620 3890 peroratione
629 3832 713 3880 utitur.
782 3827 825 3893 phi
840 3829 877 3876 ani
889 3831 1016 3893 praemium
1033 3829 1131 3888 habuit,
1145 3832 1212 3895 quod
1226 3833 1292 3881 illam

266 3902 289 3951 5,
303 3902 401 3951 Arianis
416 3904 560 3954 Minervam.
570 3908 652 3956 Dehia
661 3911 739 3959 omni-
784 3916 865 3972 poaaet
885 3908 1020 3971 Segestanis
1037 3907 1148 3957 reddere.
1163 3911 1240 3960 Pietas
1251 3912 1293 3961 illa

229 3978 354 4030 hualurtia
365 3984 566 4048 praetorianorum
582 3998 619 4034 eat
632 3987 677 4037 lih.
689 3993 739 4038 Ac·
783 4001 808 4037 et
821 3986 986 4038 munificentia
1006 3989 1075 4037 ducis
1094 3991 1190 4050 eximii,
1209 3994 1293 4043 Verria

229 4070 305 4107 curat.
315 4062 341 4119 1,
354 4079 409 4127 cap.
426 4080 455 4125 ¹7
469 4076 493 4113 et
502 4081 571 4130 seqq.
783 4068 907 4118 audaciam
921 4080 945 4118 at
963 4068 1041 4119 acelua
1060 4071 1206 4123 vividiaairne
1220 4091 1292 4124 coar·

266 4135 531 4203 d.1taque.'l'ranaitio
548 4142 579 4196 ad
598 4145 737 4196 conclusio·
783 4158 869 4213 puniat.
