3176 4770
388 412 442 481 IN
469 410 680 479 VERREM
704 413 809 481 ACT.
835 413 889 495 ΙΙ,
914 413 1010 483 LIB.
1039 414 1109 480 ΙΙΙ.
1235 408 1280 481 85

221 538 400 617 monium,
407 531 546 626 judiees
557 584 566 618 ,
578 529 751 603 audietis:
767 546 905 603 ceteros
918 534 1134 619 Leontinos,
1149 532 1283 631 quibus

187 659 190 664 ·
220 668 296 714 non
318 640 427 712 modo
449 642 630 739 Apronius
652 641 690 711 in
712 643 825 738 agris,
848 640 911 712 sed
929 667 974 712 ne
994 656 1186 739 tempestas
1203 646 1283 740 qui-

219 750 303 823 dem
326 750 397 822 uile
424 775 555 821 nocere
574 752 714 848 potuit,
740 765 946 848 exspectare
970 751 1113 823 uolitet.
1140 757 1281 824 Etenim

218 884 298 930 non
317 858 426 930 modo
447 858 670 930 incommodi
695 859 785 930 nihil
810 873 1004 956 ceperunt3
1028 861 1219 933 sedetiam
1246 865 1283 932 in

218 971 432 1067 Apronianis
452 969 522 1040 illis
546 971 701 1067 rapinis,
723 974 762 1040 in
783 985 923 1068 quaestu
943 987 1029 1041 sunt
1049 971 1283 1070 compendio-

219 1105 294 1176 que
314 1081 455 1151 versati.
485 1081 726 1178 Quapropter,
754 1082 925 1178 quoniam
951 1103 1010 1150 me
1036 1085 1212 1155 Leontina
1232 1084 1282 1152 ci-

217 1180 310 1261 vitas
323 1206 433 1286 atque
450 1189 598 1286 legatio,
611 1204 761 1286 propter
775 1214 872 1275 eam,
890 1213 999 1286 quam
1013 1189 1106 1273 dixi,
1122 1214 1284 1274 causam,

218 1297 365 1382 deiecit3
382 1297 545 1368 mihimet
561 1299 718 1369 ineunda
736 1300 846 1383 ratio,
862 1312 898 1369 et
913 1299 969 1368 via
986 1298 1204 1396 reperiunda
1220 1314 1284 1381 est,

215 1433 289 1505 qua
311 1407 357 1479 ad
375 1410 525 1505 Apronii
547 1422 725 1504 quaestum
735 1406 763 1496 ⁵,
788 1410 862 1479 sive
881 1407 991 1491 ade0,
1014 1433 1086 1506 qua
1111 1407 1157 1480 ad
1179 1410 1282 1482 istius

217 1518 402 1611 ingentem
430 1520 696 1613 immanemque
727 1515 883 1613 praedam
915 1520 1048 1614 possim
1078 1522 1280 1616 pervenire.

221 1635 306 1727 Agri
329 1632 498 1703 Leontini
524 1631 684 1711 decumae
710 1654 806 1704 anno
831 1632 938 1703 tertio
962 1633 1152 1713 venierunt
1175 1636 1283 1706 tritici

217 1743 443 1814 medimnum
469 1769 575 1814 xxxvi
602 1743 779 1832 millibus;
804 1744 874 1815 hnc
897 1760 969 1833 est,
991 1749 1100 1818 tritici
1119 1749 1280 1820 modium

221 1878 322 1925 ccxvi
339 1854 507 1925 millibus.
522 1858 671 1951 Magno,
682 1852 841 1949 judices,
859 1853 1011 1952 magno‘i
1026 1884 1034 1925 :
1050 1881 1169 1954 neque
1186 1863 1280 1929 enim

83 1988 87 1998 ¹
109 2056 112 2065 ι
218 1961 289 2035 hoc
307 1988 454 2061 possum
473 1987 615 2060 negare.
630 1967 755 2059 Itaque
768 1987 913 2038 necesse
925 1979 999 2050 est,
1014 1979 1076 2035 aut
1088 1963 1280 2049 damnum,

218 2089 280 2146 aut
298 2087 394 2145 certe
415 2098 491 2145 non
516 2096 685 2170 magnum
709 2073 851 2143 lucrum
874 2071 998 2145 fecisse
1019 2074 1280 2145 decumanumr

218 2183 289 2255 hoc
311 2185 404 2255 enim
430 2183 519 2255 solet
547 2184 760 2253 usuvenire
786 2184 850 2271 iis,
872 2188 937 2279 qui
962 2208 1095 2280 magno
1123 2183 1284 2279 redeme-

217 2310 314 2365 runt.
338 2291 454 2385 Quid,
477 2296 507 2362 si
528 2291 700 2377 ostendo,
723 2293 760 2361 in
784 2291 850 2363 hac
871 2317 945 2363 una
967 2293 1170 2390 emptione,
1193 2295 1284 2367 lucri

217 2400 296 2474 fieri
309 2404 417 2473 tritici
429 2400 593 2472 modium
609 2402 652 2472 c?
665 2399 775 2499 quid,
789 2403 818 2471 si
834 2401 901 2472 cc?
914 2401 1002 2499 quid
1016 2456 1025 2490 ‚
1039 2404 1068 2473 si
1082 2405 1165 2475 cco?
1177 2406 1265 2501 quid
1279 2468 1288 2497 ‚

218 2512 247 2581 si
263 2536 351 2583 occo
366 2510 494 2581 millia?
511 2509 745 2582 dubitabitisa
761 2512 888 2598 etiam,
902 2512 1035 2583 cuiista
1053 2526 1151 2585 tanta
1166 2516 1284 2612 praeda

217 2621 364 2717 quaesita
389 2622 459 2690 sit?
490 2621 659 2715 Iniquum
689 2644 747 2689 me
772 2644 848 2691 esse
876 2624 1056 2718 quispiam
1083 2621 1197 2710 dicet,
1219 2629 1281 2721 qui

218 2754 262 2800 ex
284 2730 373 2801 lucri
394 2729 640 2826 magnitudine
661 2731 907 2826 conjecturam
924 2729 1050 2803 faciam
1069 2730 1155 2802 furti
1173 2749 1283 2831 atque

218 2839 357 2936 praedae.
372 2838 492 2932 Quid?
511 2845 540 2911 si
560 2839 694 2928 doceo,
709 2840 867 2934 judices,
888 2864 971 2926 eos,
989 2841 1050 2936 qui
1073 2865 1158 2912 cccc
1174 2842 1283 2915 miliia

218 2946 383 3019 modium
404 2948 494 3024 lucri
518 2946 671 3036 faciunt,
693 2948 867 3023 damnum
896 2943 1078 3025 facturos⁸
1101 2948 1230 3039 fuisse,
1252 2955 1282 3023 si

217 3071 280 3128 tua
300 3059 490 3153 iniquitas,
507 3062 602 3131 situi
619 3084 663 3129 es
679 3058 829 3130 cohorte
845 3072 1116 3156 recuperatores
1133 3085 1210 3131 non
1227 3063 1280 3135 im

254 3272 278 3320 ι.
293 3265 442 3327 Exspectare
450 3262 533 3312 nolite.
544 3264 609 3311 Dum
618 3266 726 3312 testimo·
771 3264 860 3329 dicuni,
869 3267 913 3330 qui
924 3266 1031 3314 decumae
1041 3267 1139 3314 nomine
1152 3265 1281 3327 dabuntur,

217 3343 285 3391 oium
297 3344 323 3391 in
334 3344 471 3407 Apronium
484 3341 579 3404 dicant,
590 3343 633 3406 qui
645 3344 671 3389 in
684 3360 726 3391 eos
770 3343 873 3393 totidem
895 3345 967 3409 plene
997 3354 1058 3407 quot
1085 3344 1169 3408 jugera
1192 3357 1281 3394 essent.

217 3423 319 3470 maxims
333 3421 437 3470 contulit
450 3419 576 3470 beneficis,
769 3426 856 3485 Verres
869 3428 950 3471 eutero
963 3423 1009 3471 hec
1023 3439 1066 3470 sus
1078 3423 1173 3472 ratione
1186 3428 1281 3473 curavit

253 3503 276 3551 5.
293 3501 338 3548 Ad
355 3500 461 3565 Apronii
476 3512 602 3566 quaestum.
620 3501 660 3548 Ad
681 3518 724 3549 co·
770 3514 796 3550 ot
809 3518 852 3550 sex
870 3502 977 3550 millibus
995 3502 1099 3566 amplius
1117 3519 1188 3566 quam
1204 3519 1280 3573 qump

217 3579 382 3645 ‘noscendum
408 3595 456 3643 qus
479 3582 574 3628 ntioue
599 3581 724 3645 Apronius
769 3582 862 3646 optimo
882 3581 964 3628 messis
986 3570 1065 3637 esset,
1087 3579 1199 3628 decumas
1221 3598 1281 3628 ven·

216 3670 311 3708 tantum
324 3668 444 3723 quzstnm
457 3657 589 3722 collegerit.
770 3657 847 3706 deret.

251 3739 276 3787 6.
288 3740 390 3802 Magno.
399 3739 461 3786 Nem
472 3738 555 3785 venire
562 3737 725 3802 plurinomia
806 3752 830 3798 p.
848 3736 1001 3785 ousiosim.
1016 3736 1056 3784 ste
1069 3752 1100 3783 ex
1113 3735 1169 3783 edd.
1186 3751 1224 3798 pr.
1241 3752 1280 3783 re·

216 3817 310 3865 ntious
327 3826 460 3881 pomerum
470 3830 476 3865 :
488 3832 566 3880 quom
577 3818 629 3879 agri
645 3818 725 3866 Leon·
770 3815 849 3867 stituit
864 3815 958 3863 Emest.
971 3814 1046 3877 Vulg.
1059 3813 1180 3861 dubitaris.

217 3897 264 3945 tini
283 3896 404 3960 professio
417 3893 449 3941 sd
465 3896 579 3960 jugerum
598 3906 660 3944 esset
676 3910 726 3945 xxx
806 3891 1159 3958 8.Danmonssaecoros.Quis
1168 3893 1282 3947 nimirum

218 3974 410 4035 millia,utinfra
420 3972 729 4038 ostenditur,etssingniis
773 3973 806 4020 ob
828 3972 893 4020 furta
911 3987 953 4018 sos
978 3971 1058 4019 vocati
1075 3970 1107 4025 sb
1131 3972 1280 4033 aratoribus,

218 4054 341 4117 jugeribus
353 4062 505 4117 caperentur,
513 4052 556 4099 ubi
568 4052 650 4100 messis
660 4053 727 4116 opti·
773 4050 951 4101 condemnandi
958 4060 1045 4108 esseut,
1050 4050 1283 4114 uisiVerresjudioes

221 4147 275 4191 sna,
285 4133 401 4181 medimni
412 4130 483 4191 deni;
493 4128 630 4178 indetisbst
639 4142 666 4178 nt
676 4147 726 4178 me·
772 4147 785 4176 e
799 4140 912 4196 corrupte
926 4148 968 4179 sua
982 4130 1083 4180 cohorte
1097 4130 1210 4179 dedisset.
