3054 4772
321 425 512 496 ORATIO
536 423 639 494 PRO
663 418 722 493 Μ’.
741 423 982 493 FONTEIO.
1106 420 1177 509 645

116 547 208 620 simo
228 545 437 644 reipublicae
457 560 641 643 tempore,
660 569 791 642 quum,
810 543 969 616 adventu
990 548 1031 615 L.
1051 542 1180 615 Snllae³

117 656 156 727 iu
179 655 335 743 Italiam,
360 655 506 726 maximi
531 655 707 727 exercitus
736 656 869 725 civium
897 652 1110 727 dissiderent
1134 652 1179 726 de

114 765 257 861 judiciis
275 790 317 837 cc
333 763 484 861 legibus.
502 767 621 862 Atque
639 765 710 837 hoc
722 764 928 863 reipublicae
941 779 1036 837 statu
1054 763 1179 863 despe-

24 880 26 889 '
115 891 196 949 rato
213 876 355 973 qualisl
371 927 431 946 .....

164 990 215 1058 lV
216 1040 271 1058 .....
292 991 370 1057 Hoc
396 999 573 1083 praetore,
603 1009 813 1085 oppressam
844 993 1037 1057 esseaere1-
1064 981 1181 1053 alieno

117 1095 278 1167 Galliam.
306 1099 336 1166 A
360 1093 494 1192 quibus
521 1106 710 1166 versuras²
737 1107 919 1166 tantarum
944 1094 1181 1192 pecuniarum

115 1203 225 1277 factas
247 1228 323 1277 esse
344 1203 495 1276 dicunt?
521 1228 542 1275 a
567 1204 701 1277 Gallis?
725 1205 815 1276 nihil
840 1205 970 1276 minus.
994 1209 1025 1274 A
1047 1201 1181 1302 quibus

115 1316 280 1412 igituria
297 1312 436 1386 civibus
450 1318 627 1403 romanis,
645 1316 709 1412 qni
724 1312 982 1413 negotiantum
1000 1321 1036 1385 in
1053 1313 1179 1388 Gallia.

24 1414 27 1423 ’
116 1429 194 1496 Cur
219 1447 346 1495 eorum
371 1421 483 1495 verba
504 1448 578 1494 non
599 1424 789 1499 audimus?
810 1451 876 1498 cur
901 1450 1029 1499 eornm
1050 1423 1181 1497 tabulae

115 1532 225 1603 nullae
242 1529 500 1630 proferuntur?
517 1535 680 1604 insector
698 1535 814 1624 ultro,
831 1550 941 1633 atque
959 1537 1057 1607 insto
1073 1559 1182 1606 accu-
1233 1516 1240 1527 ”

27 1636 31 1695 ἶ
101 1634 246 1730 satori,
270 1641 429 1737 judices3
455 1645 627 1730 insector,
647 1647 816 1739 inquam,
840 1659 876 1716 et
900 1644 1025 1741 flagito
1047 1657 1183 1715 testest

118 1752 200 1850 plus
220 1777 288 1849 ego
315 1756 353 1823 iu
376 1752 443 1824 hac
463 1777 570 1824 cansa
594 1752 726 1825 laboris
748 1769 784 1825 et
807 1778 925 1850 operte
947 1777 1123 1825 consumo
1143 1755 1182 1823 in

117 1862 311 1961 poscendis
333 1863 502 1952 testibus,
524 1887 633 1960 quam
656 1866 764 1935 ceteri
787 1861 995 1935 defensores
1023 1865 1062 1931 in
1088 1860 1185 1933 rein·

116 1972 247 2045 tendis.
269 1972 447 2045 Audacter
465 1974 536 2045 hoc
556 1974 655 2062 dicu,
669 1974 828 2068 judices3
847 1998 922 2044 non
941 1986 1075 2043 temere
1094 1997 1183 2043 con·

116 2080 234 2155 firmo.
255 2081 397 2154 Referta
415 2083 529 2155 Gallia
552 2085 818 2181 negotiatorum
839 2098 910 2169 est,
925 2064 1033 2181 pleni
1050 2083 1183 2153 civium
1285 2150 1290 2160 ,

26 2248 28 2255 .
115 2216 374 2265 romanorum:
394 2218 504 2266 nemo
523 2193 710 2266 Gallorum
724 2195 801 2265 sine
820 2198 897 2264 cive
911 2216 1064 2262 romano
1079 2191 1181 2289 quid·

116 2327 228 2401 quam
256 2305 391 2401 negotii
416 2306 528 2402 gerit3
557 2327 730 2374 nummus
753 2304 792 2372 in
818 2300 934 2372 Gellia
954 2299 1076 2373 nullus
1106 2301 1184 2373 sine

154 2492 178 2540 ³.
191 2491 303 2547 Adventu
315 2494 342 2540 1..
353 2491 441 2541 Sulla.
452 2527 458 2539 .
469 2524 476 2540 .
490 2489 628 2557 dejudier'is
669 2501 693 2540 et
703 2491 789 2554 cestris
797 2490 914 2539 dissidere
921 2512 935 2535 ιο
943 2489 1077 2553 legimus...
1087 2488 1184 2554 elinque

115 2585 149 2619 ae
166 2569 264 2635 legibus.
283 2568 389 2617 Membr.
404 2590 416 2613 ι
428 2586 502 2633 quern
518 2569 626 2618 adventu
668 2570 754 2619 similis
768 2569 836 2635 apud
847 2569 908 2618 elios
919 2578 1039 2617 suctores.
1055 2569 1130 2616 Νιιι.

115 2652 145 2701 1.
155 2648 228 2697 Sulla
240 2649 348 2701 memmi
361 2650 481 2699 exercitus
493 2648 520 2696 in
530 2648 625 2697 lteliem
703 2646 728 2706 t.
744 2652 869 2699 Heetenus
883 2664 947 2697 nove
963 2649 1104 2713 ingruente.
1115 2648 1184 2696 Inci-

115 2728 207 2777 civium
216 2726 276 2777 diss.
286 2727 385 2790 judiciis
393 2726 521 2791 stirpibus
528 2749 548 2777 a.
562 2730 624 2790 Qnae
668 2730 739 2792 piunt
751 2740 845 2777 veteres
858 2728 976 2775 emtionis
989 2727 1106 2791 reliquie.

116 2822 193 2871 qnnm
204 2808 332 2855 menifesto
341 2817 454 2871 oomupts
462 2810 524 2865 siut,
533 2805 625 2872 duplex
700 2808 833 2856 IV.r.AEre
842 2806 1029 2854 alienaturum
1033 2814 1183 2853 accusatores

117 2884 262 2933 uendendi
282 2886 345 2934 retio
364 2897 429 2947 esst3
451 2885 538 2944 sltem,
552 2901 625 2949 quem
668 2887 772 2937 Fonteio
780 2897 849 2951 praet.
860 2885 962 2934 Galum
970 2884 1112 2932 aeselienum
1119 2884 1182 2932 mul-

24 2970 28 2999 ⁴.
115 2974 147 3014 ut
159 2966 303 3015 lenissimam
315 2968 394 3031 elegi;
408 2967 483 3016 altere
496 2965 626 3014 utscribe-
668 2978 721 3017 tum
736 2968 832 3027 lenirem
847 2967 917 3026 cujus
933 2963 1071 3012 aeriselieni
1086 2979 1181 3011 eeusmn

114 3056 185 3094 retur
195 3068 208 3087 α
217 3064 241 3110 q.
252 3046 308 3097 adv.
322 3049 350 3095 1..
363 3047 388 3096 S.
399 3045 497 3094 mimi
507 3045 627 3093 exereitus
668 3046 734 3097 Gelli
744 3047 771 3094 in
780 3046 890 3111 prpetoris
895 3043 1000 3107 ,espiers
1012 3041 1180 3092 conferebant.

116 3124 210 3173 civium
228 3127 253 3173 in
272 3125 343 3174 lulis
360 3125 405 3174 dis.
415 3147 428 3167 ι·
447 3126 512 3172 Ante
527 3122 627 3188 judiciis
705 3140 730 3176 s.
746 3128 871 3173 Versuras.
884 3124 905 3172 Δ
917 3122 1006 3186 quibus
1018 3121 1074 3170 illos
1086 3130 1180 3168 tentum

24 3214 26 3237 ¹
118 3204 317 3269 prepositiones:
341 3203 440 3261 rddidi,
465 3219 520 3268 qne
545 3202 628 3251 ebesee
671 3202 804 3254 oriselieni
815 3203 964 3251 contraxisse
978 3201 1078 3249 dicenti
1091 3201 1179 3264 Aqui·

117 3282 188 3331 nullo
198 3283 273 3331 modo
281 3294 370 3347 potest.
379 3309 415 3321 -
426 3284 464 3330 De
473 3282 628 3346 expeditione
670 3283 717 3332 leue
726 3293 816 3331 tentem
825 3282 953 3346 pecuniam
962 3281 1055 3328 ioeuose
1068 3279 1182 3343 sumpsis-

24 3378 25 3383 ’
117 3361 228 3411 nsunt
240 3373 324 3411 contre
334 3362 446 3426 petrium,
455 3360 627 3424 edmitigetio·
670 3365 715 3412 se?
729 3360 941 3426 Versnmsaem
951 3371 986 3408 est
996 3359 1123 3424 pecuniam
1135 3358 1181 3405 sub

24 3434 26 3475 ἶ
118 3458 175 3491 uern
185 3443 220 3490 rei
236 3443 307 3505 dire,
320 3441 435 3492 solemnis
447 3439 629 3506 quodammodo
671 3444 751 3491 muris
770 3452 880 3490 mutuum
898 3440 1022 3505 scripere3
1042 3439 1094 3485 sire
1112 3436 1183 3484 elteri

117 3538 178 3570 usus
193 3533 230 3570 est
243 3521 356 3571 vocabuli
368 3523 483 3570 adventus
490 3539 501 3580 ;
515 3537 595 3585 neque
607 3522 629 3567 is
672 3521 790 3583 dee,sive
799 3519 924 3584 impendes
933 3518 986 3566 eliis
997 3518 1091 3567 nsibm.
1104 3515 1182 3565 Aliud

24 3616 25 3619 ’
117 3601 186 3665 apud
203 3602 346 3651 Ciceronem
367 3614 479 3659 tentum,
499 3600 542 3649 sed
562 3599 629 3663 sputi
672 3599 934 3655 estvereurasolvere,
948 3613 996 3661 que
1006 3595 1135 3661 pecuniam
1148 3593 1180 3642 nb

118 3681 237 3729 Velleinm
246 3697 358 3745 qnoque,
367 3682 436 3745 qnod
445 3682 546 3739 mireris,
554 3679 626 3728 velet.
671 3680 721 3728 elio
734 3686 883 3733 mutuemur,
895 3687 923 3724 nt
937 3676 1005 3723 elteri
1017 3674 1123 3723 debitori
1137 3672 1182 3720 de·

117 3761 151 3808 Et
159 3761 244 3809 Cicero
252 3761 351 3824 quidem
362 3761 425 3808 heus
433 3776 518 3809 vocem
530 3772 629 3823 genere·
670 3776 743 3818 mus,
770 3769 796 3806 ut
821 3755 961 3806 doctissime
984 3754 1182 3802 demonstrarunt

119 3839 164 3887 tim
174 3839 204 3886 de
215 3840 298 3888 hostili
308 3840 443 3903 irruptione
450 3841 541 3905 ponit,
552 3854 628 3902 quum
672 3841 752 3887 Grrev.
766 3848 791 3886 et
802 3838 896 3884 Emest.

24 3930 25 3935 ’
117 3918 165 3966 hec
175 3918 225 3981 ipse
234 3920 355 3977 oratione,
364 3935 386 3966 c.
399 3919 484 3977 16‚tle
494 3919 628 3966 «Threcum
708 3919 731 3966 3.
751 3916 800 3979 Qui
815 3914 979 3981 negotiamur,
996 3914 1086 3960 Frater
1099 3909 1182 3975 publi.

118 3996 438 4048 edventninlilecedoniem
449 4020 460 4042 ι
472 3998 628 4062 loquitur.--
672 4013 747 4046 eeuos
766 3996 810 4059 qui
825 4006 910 4060 postes
929 3992 1099 4050 nominentur,
1114 3991 1180 4038 cives

119 4075 248 4124 Exercitus
270 4077 384 4127 dissidere
406 4078 513 4140 eiusdem
536 4078 629 4142 euphe·
672 4077 743 4126 multi
757 4076 785 4123 in
798 4075 876 4123 Gellia
892 4073 1097 4138 negotielssntnr,
1112 4082 1140 4119 et
1153 4073 1182 4118 iu

120 4158 199 4207 mimi
213 4168 266 4217 est,
284 4168 312 4206 nt
323 4159 350 4208 iu
363 4160 518 4209 Merselliens
535 4182 548 4202 ι
557 4157 629 4207 ermis
673 4154 803 4220 Quintism
820 4155 931 4205 erutione
943 4152 1026 4203 ridere
1038 4150 1092 4201 tuis
