<?xml version="1.0" encoding="UTF-8"?>
<!DOCTYPE html PUBLIC "-//W3C//DTD XHTML 1.0 Transitional//EN"
    "http://www.w3.org/TR/xhtml1/DTD/xhtml1-transitional.dtd">
<html xmlns="http://www.w3.org/1999/xhtml" xml:lang="en" lang="en">
 <head>
  <title>
</title>
<meta http-equiv="Content-Type" content="text/html;charset=utf-8" />
  <meta name='ocr-system' content='tesseract 3.04.00' />
  <meta name='ocr-capabilities' content='ocr_page ocr_carea ocr_par ocr_line ocrx_word'/>
</head>
<body>
  <div class='ocr_page' id='page_1' title='image "./mtciceronisquae00bouigoog_0186.png"; bbox 0 0 3176 4770; ppageno 0'>
   <div class='ocr_carea' id='block_1_1' title="bbox 372 426 1269 527">
    <p class='ocr_par' dir='ltr' id='par_1_1' title="bbox 372 426 1269 527">
     <span class='ocr_line' id='line_1_1' title="bbox 372 426 1269 527; baseline -0.003 -23"><span class='ocrx_word' id='word_1_1' title='bbox 372 436 428 506; x_wconf 89' lang='lat' dir='ltr'><strong>IN</strong></span> <span class='ocrx_word' id='word_1_2' title='bbox 451 434 661 505; x_wconf 78' lang='lat' dir='ltr'>VERREM</span> <span class='ocrx_word' id='word_1_3' title='bbox 686 435 795 503; x_wconf 82' lang='lat' dir='ltr'><strong>tcT.</strong></span> <span class='ocrx_word' id='word_1_4' title='bbox 822 435 878 519; x_wconf 85' lang='grc' dir='ltr'><strong>ΙΙ,</strong></span> <span class='ocrx_word' id='word_1_5' title='bbox 902 434 995 503; x_wconf 84' lang='lat' dir='ltr'><strong>LIB.</strong></span> <span class='ocrx_word' id='word_1_6' title='bbox 1019 426 1092 501; x_wconf 91' lang='lat' dir='ltr'><strong>III.</strong></span> <span class='ocrx_word' id='word_1_7' title='bbox 1201 429 1269 527; x_wconf 82' lang='lat'><strong>169</strong></span> 
     </span>
    </p>
   </div>
   <div class='ocr_carea' id='block_1_2' title="bbox 204 553 1283 2745">
    <p class='ocr_par' dir='ltr' id='par_1_2' title="bbox 204 553 1283 2745">
     <span class='ocr_line' id='line_1_2' title="bbox 204 553 1269 654; baseline -0.008 -21"><span class='ocrx_word' id='word_1_8' title='bbox 204 561 314 648; x_wconf 87' lang='lat' dir='ltr'><strong>ratio,</strong></span> <span class='ocrx_word' id='word_1_9' title='bbox 331 580 453 654; x_wconf 89' lang='lat' dir='ltr'><strong>neque</strong></span> <span class='ocrx_word' id='word_1_10' title='bbox 476 553 590 642; x_wconf 88' lang='lat' dir='ltr'><strong>labor,</strong></span> <span class='ocrx_word' id='word_1_11' title='bbox 613 554 675 627; x_wconf 85' lang='lat' dir='ltr'><strong>sed</strong></span> <span class='ocrx_word' id='word_1_12' title='bbox 696 579 754 628; x_wconf 89' lang='lat' dir='ltr'><strong>res</strong></span> <span class='ocrx_word' id='word_1_13' title='bbox 772 555 1038 641; x_wconf 73' lang='lat' dir='ltr'><strong>incertissima,</strong></span> <span class='ocrx_word' id='word_1_14' title='bbox 1059 556 1159 625; x_wconf 81' lang='lat' dir='ltr'><strong>renti</strong></span> <span class='ocrx_word' id='word_1_15' title='bbox 1176 567 1269 626; x_wconf 90' lang='lat' dir='ltr'><strong>tem·</strong></span> 
     </span>
     <span class='ocr_line' id='line_1_3' title="bbox 205 660 1271 771; baseline -0.01 -28"><span class='ocrx_word' id='word_1_16' title='bbox 205 683 432 771; x_wconf 83' lang='lat' dir='ltr'><strong>pestatesque</strong></span> <span class='ocrx_word' id='word_1_17' title='bbox 459 664 707 745; x_wconf 84' lang='lat' dir='ltr'><strong>moderentur.</strong></span> <span class='ocrx_word' id='word_1_18' title='bbox 737 669 830 738; x_wconf 90' lang='lat' dir='ltr'><strong>Hinc</strong></span> <span class='ocrx_word' id='word_1_19' title='bbox 856 688 972 763; x_wconf 88' lang='lat' dir='ltr'><strong>quum</strong></span> <span class='ocrx_word' id='word_1_20' title='bbox 1003 685 1085 736; x_wconf 83' lang='lat' dir='ltr'><strong>unae</strong></span> <span class='ocrx_word' id='word_1_21' title='bbox 1113 660 1271 735; x_wconf 72' lang='lat' dir='ltr'><strong>decuma</strong></span> 
     </span>
     <span class='ocr_line' id='line_1_4' title="bbox 204 770 1274 877; baseline -0.007 -25"><span class='ocrx_word' id='word_1_22' title='bbox 204 780 285 877; x_wconf 84' lang='lat' dir='ltr'><strong>lege</strong></span> <span class='ocrx_word' id='word_1_23' title='bbox 300 792 337 850; x_wconf 93' lang='lat' dir='ltr'><strong>et</strong></span> <span class='ocrx_word' id='word_1_24' title='bbox 352 770 586 849; x_wconf 80' lang='lat' dir='ltr'><strong>conditione⁶</strong></span> <span class='ocrx_word' id='word_1_25' title='bbox 600 775 807 863; x_wconf 80' lang='lat' dir='ltr'><strong>trahantur3</strong></span> <span class='ocrx_word' id='word_1_26' title='bbox 829 773 948 845; x_wconf 86' lang='lat' dir='ltr'><strong>alterae</strong></span> <span class='ocrx_word' id='word_1_27' title='bbox 966 775 1084 844; x_wconf 83' lang='lat' dir='ltr'><strong>novis⁷</strong></span> <span class='ocrx_word' id='word_1_28' title='bbox 1101 772 1274 867; x_wconf 82' lang='lat' dir='ltr'><strong>institutis</strong></span> 
     </span>
     <span class='ocr_line' id='line_1_5' title="bbox 207 872 1274 989; baseline -0.008 -28"><span class='ocrx_word' id='word_1_29' title='bbox 207 903 359 989; x_wconf 85' lang='lat' dir='ltr'><strong>propter</strong></span> <span class='ocrx_word' id='word_1_30' title='bbox 380 911 534 958; x_wconf 87' lang='lat' dir='ltr'><strong>annonae</strong></span> <span class='ocrx_word' id='word_1_31' title='bbox 555 872 732 957; x_wconf 82' lang='lat' dir='ltr'><strong>rationem</strong></span> <span class='ocrx_word' id='word_1_32' title='bbox 750 890 988 982; x_wconf 80' lang='lat' dir='ltr'><strong>imperentur3</strong></span> <span class='ocrx_word' id='word_1_33' title='bbox 1006 879 1171 954; x_wconf 79' lang='lat' dir='ltr'><strong>ematnr⁸</strong></span> <span class='ocrx_word' id='word_1_34' title='bbox 1185 907 1274 982; x_wconf 76' lang='lat' dir='ltr'><strong>prte-</strong></span> 
     </span>
     <span class='ocr_line' id='line_1_6' title="bbox 206 993 1274 1094; baseline -0.008 -22"><span class='ocrx_word' id='word_1_35' title='bbox 206 1015 305 1072; x_wconf 86' lang='lat' dir='ltr'><strong>terea</strong></span> <span class='ocrx_word' id='word_1_36' title='bbox 324 997 547 1070; x_wconf 81' lang='lat' dir='ltr'><strong>frumentum</strong></span> <span class='ocrx_word' id='word_1_37' title='bbox 567 997 764 1094; x_wconf 80' lang='lat' dir='ltr'><strong>quotannis</strong></span> <span class='ocrx_word' id='word_1_38' title='bbox 783 993 949 1093; x_wconf 85' lang='lat' dir='ltr'><strong>publice;</strong></span> <span class='ocrx_word' id='word_1_39' title='bbox 966 1006 1151 1091; x_wconf 85' lang='lat' dir='ltr'><strong>postremo</strong></span> <span class='ocrx_word' id='word_1_40' title='bbox 1165 995 1274 1063; x_wconf 87' lang='lat' dir='ltr'><strong>etiam</strong></span> 
     </span>
     <span class='ocr_line' id='line_1_7' title="bbox 208 1101 1277 1205; baseline -0.007 -23"><span class='ocrx_word' id='word_1_41' title='bbox 208 1115 247 1182; x_wconf 94' lang='lat' dir='ltr'><strong>in</strong></span> <span class='ocrx_word' id='word_1_42' title='bbox 260 1109 387 1182; x_wconf 88' lang='lat' dir='ltr'><strong>cellam</strong></span> <span class='ocrx_word' id='word_1_43' title='bbox 403 1105 671 1205; x_wconf 83' lang='lat' dir='ltr'><strong>magistratibus</strong></span> <span class='ocrx_word' id='word_1_44' title='bbox 684 1120 721 1178; x_wconf 91' lang='lat' dir='ltr'><strong>et</strong></span> <span class='ocrx_word' id='word_1_45' title='bbox 737 1107 860 1204; x_wconf 85' lang='lat' dir='ltr'><strong>legatis</strong></span> <span class='ocrx_word' id='word_1_46' title='bbox 877 1107 1095 1203; x_wconf 81' lang='lat' dir='ltr'>imperetur:</span> <span class='ocrx_word' id='word_1_47' title='bbox 1111 1101 1199 1200; x_wconf 92' lang='lat' dir='ltr'><strong>quid</strong></span> <span class='ocrx_word' id='word_1_48' title='bbox 1214 1119 1277 1175; x_wconf 90' lang='lat' dir='ltr'><strong>aut</strong></span> 
     </span>
     <span class='ocr_line' id='line_1_8' title="bbox 207 1213 1277 1318; baseline -0.007 -26"><span class='ocrx_word' id='word_1_49' title='bbox 207 1234 386 1318; x_wconf 91' lang='lat' dir='ltr'><strong>quantum</strong></span> <span class='ocrx_word' id='word_1_50' title='bbox 407 1233 579 1317; x_wconf 86' lang='lat' dir='ltr'><strong>praeterea</strong></span> <span class='ocrx_word' id='word_1_51' title='bbox 598 1232 672 1305; x_wconf 85' lang='lat' dir='ltr'><strong>est,</strong></span> <span class='ocrx_word' id='word_1_52' title='bbox 696 1215 797 1315; x_wconf 88' lang='lat' dir='ltr'><strong>quod</strong></span> <span class='ocrx_word' id='word_1_53' title='bbox 822 1230 885 1288; x_wconf 89' lang='lat' dir='ltr'><strong>aut</strong></span> <span class='ocrx_word' id='word_1_54' title='bbox 905 1214 1061 1287; x_wconf 88' lang='lat' dir='ltr'><strong>liberum</strong></span> <span class='ocrx_word' id='word_1_55' title='bbox 1079 1216 1193 1313; x_wconf 85' lang='lat' dir='ltr'>possit</span> <span class='ocrx_word' id='word_1_56' title='bbox 1214 1213 1277 1285; x_wconf 92' lang='lat' dir='ltr'><strong>ha·</strong></span> 
     </span>
     <span class='ocr_line' id='line_1_9' title="bbox 207 1323 1277 1426; baseline -0.006 -24"><span class='ocrx_word' id='word_1_57' title='bbox 207 1330 294 1403; x_wconf 89' lang='lat' dir='ltr'><strong>bere</strong></span> <span class='ocrx_word' id='word_1_58' title='bbox 312 1330 372 1401; x_wconf 85' lang='lat' dir='ltr'><strong>iile</strong></span> <span class='ocrx_word' id='word_1_59' title='bbox 391 1344 509 1401; x_wconf 89' lang='lat' dir='ltr'><strong>arator</strong></span> <span class='ocrx_word' id='word_1_60' title='bbox 526 1353 569 1401; x_wconf 89' lang='lat' dir='ltr'><strong>ac</strong></span> <span class='ocrx_word' id='word_1_61' title='bbox 588 1328 757 1400; x_wconf 90' lang='lat' dir='ltr'><strong>dominus</strong></span> <span class='ocrx_word' id='word_1_62' title='bbox 778 1330 818 1398; x_wconf 92' lang='lat' dir='ltr'><strong>in</strong></span> <span class='ocrx_word' id='word_1_63' title='bbox 838 1339 1015 1426; x_wconf 83' lang='lat' dir='ltr'><strong>potestate</strong></span> <span class='ocrx_word' id='word_1_64' title='bbox 1036 1348 1186 1397; x_wconf 91' lang='lat' dir='ltr'><strong>suorum</strong></span> <span class='ocrx_word' id='word_1_65' title='bbox 1204 1323 1277 1396; x_wconf 83' lang='lat' dir='ltr'><strong>fru-</strong></span> 
     </span>
     <span class='ocr_line' id='line_1_10' title="bbox 208 1431 1277 1536; baseline -0.006 -24"><span class='ocrx_word' id='word_1_66' title='bbox 208 1456 356 1529; x_wconf 88' lang='lat' dir='ltr'><strong>ctuum,</strong></span> <span class='ocrx_word' id='word_1_67' title='bbox 374 1441 489 1510; x_wconf 87' lang='lat' dir='ltr'><strong>autin</strong></span> <span class='ocrx_word' id='word_1_68' title='bbox 505 1440 591 1536; x_wconf 79' lang='lat' dir='ltr'><strong>ipsis</strong></span> <span class='ocrx_word' id='word_1_69' title='bbox 608 1435 787 1511; x_wconf 83' lang='lat' dir='ltr'><strong>fructibus</strong></span> <span class='ocrx_word' id='word_1_70' title='bbox 805 1435 1013 1507; x_wconf 69' lang='lat' dir='ltr'><strong>solutumat</strong></span> <span class='ocrx_word' id='word_1_71' title='bbox 1028 1431 1138 1525; x_wconf 89' lang='lat' dir='ltr'><strong>Quod</strong></span> <span class='ocrx_word' id='word_1_72' title='bbox 1156 1435 1186 1506; x_wconf 88' lang='lat' dir='ltr'><strong>si</strong></span> <span class='ocrx_word' id='word_1_73' title='bbox 1199 1433 1277 1506; x_wconf 86' lang='lat' dir='ltr'><strong>haec</strong></span> 
     </span>
     <span class='ocr_line' id='line_1_11' title="bbox 208 1543 1278 1643; baseline -0.001 -26"><span class='ocrx_word' id='word_1_74' title='bbox 208 1544 376 1617; x_wconf 86' lang='lat' dir='ltr'><strong>feruntur</strong></span> <span class='ocrx_word' id='word_1_75' title='bbox 388 1557 419 1591; x_wconf 85' lang='lat'><strong>¹⁰</strong></span> <span class='ocrx_word' id='word_1_76' title='bbox 436 1550 578 1635; x_wconf 89' lang='lat' dir='ltr'><strong>omnia;</strong></span> <span class='ocrx_word' id='word_1_77' title='bbox 596 1546 626 1616; x_wconf 92' lang='lat' dir='ltr'><strong>si</strong></span> <span class='ocrx_word' id='word_1_78' title='bbox 644 1543 747 1615; x_wconf 88' lang='lat' dir='ltr'><strong>vobis</strong></span> <span class='ocrx_word' id='word_1_79' title='bbox 765 1545 882 1642; x_wconf 90' lang='lat' dir='ltr'><strong>potius</strong></span> <span class='ocrx_word' id='word_1_80' title='bbox 903 1569 943 1616; x_wconf 88' lang='lat' dir='ltr'><strong>ac</strong></span> <span class='ocrx_word' id='word_1_81' title='bbox 961 1546 1098 1643; x_wconf 91' lang='lat' dir='ltr'><strong>populo</strong></span> <span class='ocrx_word' id='word_1_82' title='bbox 1111 1569 1278 1633; x_wconf 86' lang='lat' dir='ltr'><strong>romano,</strong></span> 
     </span>
     <span class='ocr_line' id='line_1_12' title="bbox 210 1653 1277 1754; baseline 0.001 -28"><span class='ocrx_word' id='word_1_83' title='bbox 210 1681 321 1754; x_wconf 86' lang='lat' dir='ltr'><strong>quarn</strong></span> <span class='ocrx_word' id='word_1_84' title='bbox 338 1655 407 1728; x_wconf 88' lang='lat' dir='ltr'><strong>sibi</strong></span> <span class='ocrx_word' id='word_1_85' title='bbox 427 1669 463 1728; x_wconf 92' lang='lat' dir='ltr'><strong>et</strong></span> <span class='ocrx_word' id='word_1_86' title='bbox 480 1655 555 1727; x_wconf 85' lang='lat' dir='ltr'><strong>suis</strong></span> <span class='ocrx_word' id='word_1_87' title='bbox 574 1653 794 1744; x_wconf 86' lang='lat' dir='ltr'><strong>commodis,</strong></span> <span class='ocrx_word' id='word_1_88' title='bbox 812 1678 943 1752; x_wconf 82' lang='lat' dir='ltr'><strong>opera,</strong></span> <span class='ocrx_word' id='word_1_89' title='bbox 963 1667 1129 1752; x_wconf 86' lang='lat' dir='ltr'><strong>sumptu,</strong></span> <span class='ocrx_word' id='word_1_90' title='bbox 1152 1654 1277 1727; x_wconf 87' lang='lat' dir='ltr'><strong>labore</strong></span> 
     </span>
     <span class='ocr_line' id='line_1_13' title="bbox 209 1761 1277 1861; baseline 0.003 -29"><span class='ocrx_word' id='word_1_91' title='bbox 209 1761 435 1833; x_wconf 87' lang='lat' dir='ltr'><strong>deserviunt:</strong></span> <span class='ocrx_word' id='word_1_92' title='bbox 455 1763 610 1835; x_wconf 86' lang='lat' dir='ltr'><strong>etiamne</strong></span> <span class='ocrx_word' id='word_1_93' title='bbox 624 1762 701 1834; x_wconf 82' lang='lat' dir='ltr'><strong>haee</strong></span> <span class='ocrx_word' id='word_1_94' title='bbox 719 1788 813 1835; x_wconf 90' lang='lat' dir='ltr'><strong>nova</strong></span> <span class='ocrx_word' id='word_1_95' title='bbox 826 1774 854 1808; x_wconf 86' lang='lat'><strong>¹¹</strong></span> <span class='ocrx_word' id='word_1_96' title='bbox 874 1762 1009 1835; x_wconf 89' lang='lat' dir='ltr'><strong>debent</strong></span> <span class='ocrx_word' id='word_1_97' title='bbox 1024 1762 1142 1837; x_wconf 87' lang='lat' dir='ltr'><strong>edicta</strong></span> <span class='ocrx_word' id='word_1_98' title='bbox 1159 1778 1194 1836; x_wconf 86' lang='lat' dir='ltr'><strong>et</strong></span> <span class='ocrx_word' id='word_1_99' title='bbox 1212 1766 1277 1861; x_wconf 92' lang='lat' dir='ltr'><strong>im·</strong></span> 
     </span>
     <span class='ocr_line' id='line_1_14' title="bbox 209 1872 1277 1973; baseline 0.005 -31"><span class='ocrx_word' id='word_1_100' title='bbox 209 1872 310 1969; x_wconf 89' lang='lat' dir='ltr'><strong>peria</strong></span> <span class='ocrx_word' id='word_1_101' title='bbox 328 1887 543 1970; x_wconf 69' lang='lat' dir='ltr'><strong>praetorum,</strong></span> <span class='ocrx_word' id='word_1_102' title='bbox 563 1888 599 1946; x_wconf 90' lang='lat' dir='ltr'><strong>et</strong></span> <span class='ocrx_word' id='word_1_103' title='bbox 615 1873 767 1973; x_wconf 84' lang='lat' dir='ltr'><strong>Apronii</strong></span> <span class='ocrx_word' id='word_1_104' title='bbox 785 1872 1089 1962; x_wconf 82' lang='lat' dir='ltr'><strong>dominationem,</strong></span> <span class='ocrx_word' id='word_1_105' title='bbox 1109 1887 1145 1944; x_wconf 88' lang='lat' dir='ltr'><strong>et</strong></span> <span class='ocrx_word' id='word_1_106' title='bbox 1161 1878 1277 1947; x_wconf 87' lang='lat' dir='ltr'><strong>Vene-</strong></span> 
     </span>
     <span class='ocr_line' id='line_1_15' title="bbox 211 1982 1278 2082; baseline 0.001 -29"><span class='ocrx_word' id='word_1_107' title='bbox 211 1982 350 2054; x_wconf 82' lang='lat' dir='ltr'><strong>riorum</strong></span> <span class='ocrx_word' id='word_1_108' title='bbox 372 2007 558 2055; x_wconf 83' lang='lat' dir='ltr'><strong>serrorum</strong></span> <span class='ocrx_word' id='word_1_109' title='bbox 573 1982 672 2056; x_wconf 87' lang='lat' dir='ltr'><strong>furta</strong></span> <span class='ocrx_word' id='word_1_110' title='bbox 688 1985 905 2082; x_wconf 86' lang='lat' dir='ltr'><strong>rapinasque</strong></span> <span class='ocrx_word' id='word_1_111' title='bbox 922 1983 1105 2082; x_wconf 78' lang='lat' dir='ltr'><strong>perferre?</strong></span> <span class='ocrx_word' id='word_1_112' title='bbox 1122 1982 1278 2055; x_wconf 84' lang='lat' dir='ltr'><strong>etiamne</strong></span> 
     </span>
     <span class='ocr_line' id='line_1_16' title="bbox 210 2091 1279 2194; baseline 0.002 -31"><span class='ocrx_word' id='word_1_113' title='bbox 210 2091 438 2166; x_wconf 81' lang='lat' dir='ltr'><strong>frumentum</strong></span> <span class='ocrx_word' id='word_1_114' title='bbox 451 2119 518 2193; x_wconf 90' lang='lat' dir='ltr'><strong>pro</strong></span> <span class='ocrx_word' id='word_1_115' title='bbox 538 2110 661 2194; x_wconf 84' lang='lat' dir='ltr'><strong>empto</strong></span> <span class='ocrx_word' id='word_1_116' title='bbox 681 2096 791 2192; x_wconf 86' lang='lat' dir='ltr'><strong>gratis</strong></span> <span class='ocrx_word' id='word_1_117' title='bbox 808 2093 894 2167; x_wconf 88' lang='lat' dir='ltr'><strong>dare</strong></span> <span class='ocrx_word' id='word_1_118' title='bbox 911 2095 965 2165; x_wconf 78' lang='lat'><strong>¹²?</strong></span> <span class='ocrx_word' id='word_1_119' title='bbox 985 2097 1139 2167; x_wconf 88' lang='lat' dir='ltr'><strong>etiamne</strong></span> <span class='ocrx_word' id='word_1_120' title='bbox 1156 2095 1195 2164; x_wconf 93' lang='lat' dir='ltr'><strong>in</strong></span> <span class='ocrx_word' id='word_1_121' title='bbox 1210 2094 1279 2165; x_wconf 89' lang='lat' dir='ltr'><strong>cel·</strong></span> 
     </span>
     <span class='ocr_line' id='line_1_17' title="bbox 211 2202 1281 2304; baseline 0.003 -31"><span class='ocrx_word' id='word_1_122' title='bbox 211 2202 282 2273; x_wconf 88' lang='lat' dir='ltr'><strong>lam</strong></span> <span class='ocrx_word' id='word_1_123' title='bbox 301 2229 416 2301; x_wconf 90' lang='lat' dir='ltr'><strong>quum</strong></span> <span class='ocrx_word' id='word_1_124' title='bbox 438 2207 587 2303; x_wconf 84' lang='lat' dir='ltr'><strong>cupiant</strong></span> <span class='ocrx_word' id='word_1_125' title='bbox 606 2208 714 2304; x_wconf 82' lang='lat' dir='ltr'><strong>gratis</strong></span> <span class='ocrx_word' id='word_1_126' title='bbox 730 2204 816 2277; x_wconf 90' lang='lat' dir='ltr'><strong>dare</strong></span> <span class='ocrx_word' id='word_1_127' title='bbox 832 2205 951 2291; x_wconf 83' lang='lat' dir='ltr'><strong>ultro,</strong></span> <span class='ocrx_word' id='word_1_128' title='bbox 971 2205 1162 2304; x_wconf 86' lang='lat' dir='ltr'><strong>pecuniam</strong></span> <span class='ocrx_word' id='word_1_129' title='bbox 1178 2229 1281 2302; x_wconf 85' lang='lat' dir='ltr'><strong>gran·</strong></span> 
     </span>
     <span class='ocr_line' id='line_1_18' title="bbox 211 2312 1281 2411; baseline 0.003 -27"><span class='ocrx_word' id='word_1_130' title='bbox 211 2312 296 2385; x_wconf 92' lang='lat' dir='ltr'><strong>dem</strong></span> <span class='ocrx_word' id='word_1_131' title='bbox 314 2313 421 2388; x_wconf 80' lang='lat' dir='ltr'><strong>darei</strong></span> <span class='ocrx_word' id='word_1_132' title='bbox 443 2320 598 2389; x_wconf 89' lang='lat' dir='ltr'><strong>etiamne</strong></span> <span class='ocrx_word' id='word_1_133' title='bbox 616 2316 693 2388; x_wconf 83' lang='lat' dir='ltr'><strong>haec</strong></span> <span class='ocrx_word' id='word_1_134' title='bbox 711 2329 766 2387; x_wconf 92' lang='lat' dir='ltr'><strong>tot</strong></span> <span class='ocrx_word' id='word_1_135' title='bbox 788 2315 1005 2387; x_wconf 87' lang='lat' dir='ltr'><strong>detrimenta</strong></span> <span class='ocrx_word' id='word_1_136' title='bbox 1023 2329 1134 2411; x_wconf 83' lang='lat' dir='ltr'><strong>etque</strong></span> <span class='ocrx_word' id='word_1_137' title='bbox 1149 2312 1281 2387; x_wconf 89' lang='lat' dir='ltr'><strong>damna</strong></span> 
     </span>
     <span class='ocr_line' id='line_1_19' title="bbox 212 2425 1279 2525; baseline 0.005 -30"><span class='ocrx_word' id='word_1_138' title='bbox 212 2447 296 2495; x_wconf 84' lang='lat' dir='ltr'><strong>cum</strong></span> <span class='ocrx_word' id='word_1_139' title='bbox 314 2427 479 2498; x_wconf 80' lang='lat' dir='ltr'><strong>maximis</strong></span> <span class='ocrx_word' id='word_1_140' title='bbox 492 2428 635 2524; x_wconf 85' lang='lat' dir='ltr'><strong>injuriis</strong></span> <span class='ocrx_word' id='word_1_141' title='bbox 648 2427 951 2525; x_wconf 84' lang='lat' dir='ltr'><strong>contumeliisque</strong></span> <span class='ocrx_word' id='word_1_142' title='bbox 963 2425 1142 2524; x_wconf 81' lang='lat' dir='ltr'><strong>perferre?</strong></span> <span class='ocrx_word' id='word_1_143' title='bbox 1152 2429 1279 2525; x_wconf 86' lang='lat' dir='ltr'><strong>Itaque</strong></span> 
     </span>
     <span class='ocr_line' id='line_1_20' title="bbox 211 2530 1279 2635; baseline 0.005 -31"><span class='ocrx_word' id='word_1_144' title='bbox 211 2530 306 2619; x_wconf 84' lang='lat' dir='ltr'>haec,</span> <span class='ocrx_word' id='word_1_145' title='bbox 322 2532 483 2629; x_wconf 85' lang='lat' dir='ltr'><strong>judices,</strong></span> <span class='ocrx_word' id='word_1_146' title='bbox 506 2560 587 2634; x_wconf 84' lang='lat' dir='ltr'><strong>quae</strong></span> <span class='ocrx_word' id='word_1_147' title='bbox 610 2539 687 2635; x_wconf 88' lang='lat' dir='ltr'><strong>pati</strong></span> <span class='ocrx_word' id='word_1_148' title='bbox 707 2536 810 2608; x_wconf 85' lang='lat' dir='ltr'><strong>nulio</strong></span> <span class='ocrx_word' id='word_1_149' title='bbox 832 2534 943 2608; x_wconf 90' lang='lat' dir='ltr'><strong>modo</strong></span> <span class='ocrx_word' id='word_1_150' title='bbox 960 2550 1184 2635; x_wconf 87' lang='lat' dir='ltr'><strong>potuerunt,</strong></span> <span class='ocrx_word' id='word_1_151' title='bbox 1201 2562 1279 2609; x_wconf 88' lang='lat' dir='ltr'><strong>non</strong></span> 
     </span>
     <span class='ocr_line' id='line_1_21' title="bbox 212 2642 1283 2745; baseline 0.002 -29"><span class='ocrx_word' id='word_1_152' title='bbox 212 2644 445 2741; x_wconf 91' lang='lat' dir='ltr'><strong>pertulerunt</strong></span> <span class='ocrx_word' id='word_1_153' title='bbox 456 2642 500 2715; x_wconf 80' lang='lat'><strong>¹³.</strong></span> <span class='ocrx_word' id='word_1_154' title='bbox 521 2650 710 2720; x_wconf 84' lang='lat' dir='ltr'><strong>Arationes</strong></span> <span class='ocrx_word' id='word_1_155' title='bbox 733 2661 809 2718; x_wconf 88' lang='lat' dir='ltr'><strong>tota</strong></span> <span class='ocrx_word' id='word_1_156' title='bbox 826 2646 944 2719; x_wconf 88' lang='lat' dir='ltr'><strong>Sicilia</strong></span> <span class='ocrx_word' id='word_1_157' title='bbox 962 2646 1121 2721; x_wconf 88' lang='lat' dir='ltr'><strong>desertas</strong></span> <span class='ocrx_word' id='word_1_158' title='bbox 1137 2663 1283 2745; x_wconf 88' lang='lat' dir='ltr'><strong>atquea</strong></span> 
     </span>
    </p>
   </div>
   <div class='ocr_carea' id='block_1_3' title="bbox 211 2901 1288 4242">
    <p class='ocr_par' dir='ltr' id='par_1_3' title="bbox 211 2901 1284 3446">
     <span class='ocr_line' id='line_1_22' title="bbox 250 2901 1281 2959; baseline 0.005 -10"><span class='ocrx_word' id='word_1_159' title='bbox 250 2901 277 2950; x_wconf 81' lang='lat'><strong>6.</strong></span> <span class='ocrx_word' id='word_1_160' title='bbox 293 2902 366 2952; x_wconf 82' lang='lat' dir='ltr'><strong>Grut.</strong></span> <span class='ocrx_word' id='word_1_161' title='bbox 376 2914 401 2953; x_wconf 84' lang='lat' dir='ltr'><strong>et</strong></span> <span class='ocrx_word' id='word_1_162' title='bbox 411 2904 491 2955; x_wconf 65' lang='lat' dir='ltr'><strong>Gru.</strong></span> <span class='ocrx_word' id='word_1_163' title='bbox 505 2906 589 2957; x_wconf 80' lang='lat' dir='ltr'><strong>eood.</strong></span> <span class='ocrx_word' id='word_1_164' title='bbox 601 2906 723 2957; x_wconf 77' lang='lat' dir='ltr'><strong>Nennim.</strong></span> <span class='ocrx_word' id='word_1_165' title='bbox 808 2920 849 2954; x_wconf 86' lang='lat'><strong>10.</strong></span> <span class='ocrx_word' id='word_1_166' title='bbox 862 2905 991 2953; x_wconf 74' lang='lat' dir='ltr'><strong>Feruntur.</strong></span> <span class='ocrx_word' id='word_1_167' title='bbox 1004 2904 1027 2952; x_wconf 84' lang='grc' dir='ltr'><strong>Δ</strong></span> <span class='ocrx_word' id='word_1_168' title='bbox 1041 2901 1138 2953; x_wconf 74' lang='lat' dir='ltr'><strong>Sioulit.</strong></span> <span class='ocrx_word' id='word_1_169' title='bbox 1150 2904 1177 2952; x_wconf 82' lang='lat' dir='ltr'><strong>st</strong></span> <span class='ocrx_word' id='word_1_170' title='bbox 1186 2915 1226 2959; x_wconf 85' lang='lat' dir='ltr'><strong>tot</strong></span> <span class='ocrx_word' id='word_1_171' title='bbox 1235 2921 1281 2954; x_wconf 85' lang='lat' dir='ltr'><strong>no-</strong></span> 
     </span>
     <span class='ocr_line' id='line_1_23' title="bbox 214 2980 1281 3052; baseline 0.004 -23"><span class='ocrx_word' id='word_1_172' title='bbox 214 2980 393 3032; x_wconf 74' lang='lat' dir='ltr'><strong>eemuetttdt&#39;ne.</strong></span> <span class='ocrx_word' id='word_1_173' title='bbox 406 2984 475 3033; x_wconf 78' lang='lat' dir='ltr'><strong>Nihil</strong></span> <span class='ocrx_word' id='word_1_174' title='bbox 484 2984 571 3034; x_wconf 82' lang='lat' dir='ltr'><strong>horum</strong></span> <span class='ocrx_word' id='word_1_175' title='bbox 580 2986 615 3034; x_wconf 74' lang='lat' dir='ltr'><strong>in</strong></span> <span class='ocrx_word' id='word_1_176' title='bbox 627 2986 726 3052; x_wconf 72' lang='lat' dir='ltr'><strong>placet,</strong></span> <span class='ocrx_word' id='word_1_177' title='bbox 769 2983 877 3032; x_wconf 69' lang='lat' dir='ltr'><strong>minibus</strong></span> <span class='ocrx_word' id='word_1_178' title='bbox 890 2993 973 3032; x_wconf 79' lang='lat' dir='ltr'><strong>mete</strong></span> <span class='ocrx_word' id='word_1_179' title='bbox 984 2983 1104 3031; x_wconf 74' lang='lat' dir='ltr'><strong>frontem</strong></span> <span class='ocrx_word' id='word_1_180' title='bbox 1121 2982 1198 3031; x_wconf 75' lang='lat' dir='ltr'><strong>sinuli</strong></span> <span class='ocrx_word' id='word_1_181' title='bbox 1210 3000 1281 3050; x_wconf 71' lang='lat' dir='ltr'><strong>equo</strong></span> 
     </span>
     <span class='ocr_line' id='line_1_24' title="bbox 214 3057 1018 3130; baseline 0.006 -24"><span class='ocrx_word' id='word_1_182' title='bbox 214 3068 243 3107; x_wconf 90' lang='lat' dir='ltr'><strong>ut</strong></span> <span class='ocrx_word' id='word_1_183' title='bbox 253 3057 417 3109; x_wconf 72' lang='lat' dir='ltr'><strong>admittemus.</strong></span> <span class='ocrx_word' id='word_1_184' title='bbox 424 3062 441 3109; x_wconf 87' lang='lat' dir='ltr'><strong>J</strong></span> <span class='ocrx_word' id='word_1_185' title='bbox 444 3065 484 3111; x_wconf 68' lang='grc' dir='ltr'><strong>Ν.</strong></span> <span class='ocrx_word' id='word_1_186' title='bbox 494 3066 558 3113; x_wconf 62' lang='lat' dir='ltr'><strong>Ie-</strong></span> <span class='ocrx_word' id='word_1_187' title='bbox 567 3067 628 3130; x_wconf 70' lang='lat' dir='ltr'><strong>Lege</strong></span> <span class='ocrx_word' id='word_1_188' title='bbox 638 3077 662 3112; x_wconf 87' lang='lat' dir='ltr'><strong>et</strong></span> <span class='ocrx_word' id='word_1_189' title='bbox 669 3081 727 3112; x_wconf 83' lang='lat' dir='ltr'><strong>eon·</strong></span> <span class='ocrx_word' id='word_1_190' title='bbox 770 3063 852 3112; x_wconf 82' lang='lat' dir='ltr'><strong>animo</strong></span> <span class='ocrx_word' id='word_1_191' title='bbox 864 3063 1018 3128; x_wconf 69' lang='lat' dir='ltr'><strong>persolvunt.</strong></span> 
     </span>
     <span class='ocr_line' id='line_1_25' title="bbox 214 3137 1283 3208; baseline 0.005 -22"><span class='ocrx_word' id='word_1_192' title='bbox 214 3137 316 3186; x_wconf 71' lang='lat' dir='ltr'><strong>ditione.</strong></span> <span class='ocrx_word' id='word_1_193' title='bbox 328 3139 384 3201; x_wconf 76' lang='lat' dir='ltr'><strong>Qua</strong></span> <span class='ocrx_word' id='word_1_194' title='bbox 395 3141 422 3187; x_wconf 82' lang='lat' dir='ltr'><strong>in</strong></span> <span class='ocrx_word' id='word_1_195' title='bbox 440 3140 571 3190; x_wconf 75' lang='lat' dir='ltr'><strong>amicitiem</strong></span> <span class='ocrx_word' id='word_1_196' title='bbox 589 3143 675 3208; x_wconf 87' lang='lat' dir='ltr'><strong>populi</strong></span> <span class='ocrx_word' id='word_1_197' title='bbox 685 3158 727 3191; x_wconf 84' lang='lat' dir='ltr'><strong>ro-</strong></span> <span class='ocrx_word' id='word_1_198' title='bbox 809 3157 849 3193; x_wconf 88' lang='lat'><strong>11.</strong></span> <span class='ocrx_word' id='word_1_199' title='bbox 859 3143 936 3192; x_wconf 78' lang='lat' dir='ltr'><strong>Nova.</strong></span> <span class='ocrx_word' id='word_1_200' title='bbox 945 3145 969 3191; x_wconf 78' lang='lat' dir='ltr'>A</span> <span class='ocrx_word' id='word_1_201' title='bbox 980 3145 1056 3191; x_wconf 81' lang='lat' dir='ltr'><strong>Verre</strong></span> <span class='ocrx_word' id='word_1_202' title='bbox 1064 3144 1170 3208; x_wconf 83' lang='lat' dir='ltr'><strong>primum</strong></span> <span class='ocrx_word' id='word_1_203' title='bbox 1178 3153 1283 3208; x_wconf 81' lang='lat' dir='ltr'><strong>reperta,</strong></span> 
     </span>
     <span class='ocr_line' id='line_1_26' title="bbox 214 3217 1283 3290; baseline 0.007 -24"><span class='ocrx_word' id='word_1_204' title='bbox 214 3217 281 3266; x_wconf 79' lang='lat' dir='ltr'><strong>mni</strong></span> <span class='ocrx_word' id='word_1_205' title='bbox 298 3217 391 3284; x_wconf 74' lang='lat' dir='ltr'><strong>recepti</strong></span> <span class='ocrx_word' id='word_1_206' title='bbox 400 3220 675 3270; x_wconf 72' lang='lat' dir='ltr'><strong>eunt-Oonditt&#39;one.</strong></span> <span class='ocrx_word' id='word_1_207' title='bbox 683 3224 728 3271; x_wconf 74' lang='lat' dir='ltr'><strong>r·-</strong></span> <span class='ocrx_word' id='word_1_208' title='bbox 771 3238 827 3286; x_wconf 77' lang='lat' dir='ltr'><strong>quta</strong></span> <span class='ocrx_word' id='word_1_209' title='bbox 845 3222 889 3271; x_wconf 82' lang='lat' dir='ltr'><strong>elii</strong></span> <span class='ocrx_word' id='word_1_210' title='bbox 909 3232 1040 3288; x_wconf 69' lang='lat' dir='ltr'><strong>pretores,</strong></span> <span class='ocrx_word' id='word_1_211' title='bbox 1056 3221 1171 3272; x_wconf 82' lang='lat' dir='ltr'><strong>ebeoluto</strong></span> <span class='ocrx_word' id='word_1_212' title='bbox 1193 3227 1283 3290; x_wconf 79' lang='lat' dir='ltr'><strong>Verre,</strong></span> 
     </span>
     <span class='ocr_line' id='line_1_27' title="bbox 214 3297 1284 3367; baseline 0.007 -22"><span class='ocrx_word' id='word_1_213' title='bbox 214 3297 297 3346; x_wconf 82' lang='lat' dir='ltr'><strong>etioet</strong></span> <span class='ocrx_word' id='word_1_214' title='bbox 304 3308 381 3346; x_wconf 75' lang='lat' dir='ltr'><strong>statut</strong></span> <span class='ocrx_word' id='word_1_215' title='bbox 392 3298 669 3365; x_wconf 79' lang='lat' dir='ltr'><strong>Sieuiomm‚atquejue</strong></span> <span class='ocrx_word' id='word_1_216' title='bbox 677 3317 728 3365; x_wconf 90' lang='lat' dir='ltr'><strong>quo</strong></span> <span class='ocrx_word' id='word_1_217' title='bbox 770 3300 1284 3367; x_wconf 72' lang='lat' dir='ltr'><strong>intubuntm.-Apmniidominarionem.</strong></span> 
     </span>
     <span class='ocr_line' id='line_1_28' title="bbox 211 3377 1284 3446; baseline 0.007 -22"><span class='ocrx_word' id='word_1_218' title='bbox 211 3378 263 3441; x_wconf 80' lang='lat' dir='ltr'><strong>jem</strong></span> <span class='ocrx_word' id='word_1_219' title='bbox 275 3377 333 3425; x_wconf 85' lang='lat' dir='ltr'><strong>inde</strong></span> <span class='ocrx_word' id='word_1_220' title='bbox 346 3377 377 3425; x_wconf 77' lang='lat' dir='ltr'><strong>ab</strong></span> <span class='ocrx_word' id='word_1_221' title='bbox 389 3378 443 3443; x_wconf 71' lang='lat' dir='ltr'><strong>lege</strong></span> <span class='ocrx_word' id='word_1_222' title='bbox 456 3379 588 3429; x_wconf 83' lang='lat' dir='ltr'><strong>Hieronioe</strong></span> <span class='ocrx_word' id='word_1_223' title='bbox 601 3380 727 3431; x_wconf 68' lang='lat' dir='ltr'><strong>vivebant.</strong></span> <span class='ocrx_word' id='word_1_224' title='bbox 772 3382 834 3445; x_wconf 70' lang='lat' dir='ltr'><strong>Qum</strong></span> <span class='ocrx_word' id='word_1_225' title='bbox 844 3397 977 3446; x_wconf 79' lang='lat' dir='ltr'><strong>numquam</strong></span> <span class='ocrx_word' id='word_1_226' title='bbox 990 3381 1082 3443; x_wconf 79' lang='lat' dir='ltr'><strong>deerit,</strong></span> <span class='ocrx_word' id='word_1_227' title='bbox 1096 3379 1227 3431; x_wconf 70' lang='lat' dir='ltr'><strong>sceleribu</strong></span> <span class='ocrx_word' id='word_1_228' title='bbox 1237 3382 1284 3430; x_wconf 81' lang='lat' dir='ltr'><strong>im·</strong></span> 
     </span>
    </p>

    <p class='ocr_par' dir='ltr' id='par_1_4' title="bbox 213 3455 1286 3920">
     <span class='ocr_line' id='line_1_29' title="bbox 251 3455 1036 3526; baseline 0.006 -23"><span class='ocrx_word' id='word_1_229' title='bbox 251 3472 275 3518; x_wconf 75' lang='lat' dir='ltr'><strong>p.</strong></span> <span class='ocrx_word' id='word_1_230' title='bbox 298 3456 375 3505; x_wconf 76' lang='lat' dir='ltr'><strong>Novis</strong></span> <span class='ocrx_word' id='word_1_231' title='bbox 394 3455 517 3509; x_wconf 56' lang='lat' dir='ltr'><strong>metatu.</strong></span> <span class='ocrx_word' id='word_1_232' title='bbox 538 3461 653 3510; x_wconf 66' lang='lat' dir='ltr'><strong>Decuma</strong></span> <span class='ocrx_word' id='word_1_233' title='bbox 673 3476 728 3526; x_wconf 84' lang='lat' dir='ltr'><strong>qute</strong></span> <span class='ocrx_word' id='word_1_234' title='bbox 771 3460 883 3525; x_wconf 76' lang='lat' dir='ltr'><strong>punitate</strong></span> <span class='ocrx_word' id='word_1_235' title='bbox 900 3461 1036 3525; x_wconf 73' lang='lat' dir='ltr'><strong>proposita.</strong></span> 
     </span>
     <span class='ocr_line' id='line_1_30' title="bbox 213 3537 1285 3605; baseline 0.003 -20"><span class='ocrx_word' id='word_1_236' title='bbox 213 3550 266 3585; x_wconf 81' lang='lat' dir='ltr'><strong>uon</strong></span> <span class='ocrx_word' id='word_1_237' title='bbox 281 3537 371 3600; x_wconf 63' lang='lat' dir='ltr'><strong>gnua,</strong></span> <span class='ocrx_word' id='word_1_238' title='bbox 387 3553 468 3603; x_wconf 80' lang='lat' dir='ltr'><strong>neque</strong></span> <span class='ocrx_word' id='word_1_239' title='bbox 480 3554 512 3589; x_wconf 80' lang='lat' dir='ltr'><strong>ex</strong></span> <span class='ocrx_word' id='word_1_240' title='bbox 522 3539 577 3605; x_wconf 70' lang='lat' dir='ltr'><strong>lege</strong></span> <span class='ocrx_word' id='word_1_241' title='bbox 590 3540 729 3600; x_wconf 73' lang='lat' dir='ltr'><strong>debentur,</strong></span> <span class='ocrx_word' id='word_1_242' title='bbox 811 3553 851 3587; x_wconf 80' lang='lat' dir='ltr'><strong>n.</strong></span> <span class='ocrx_word' id='word_1_243' title='bbox 866 3538 950 3587; x_wconf 72' lang='lat' dir='ltr'><strong>Gratis</strong></span> <span class='ocrx_word' id='word_1_244' title='bbox 965 3538 1035 3587; x_wconf 79' lang='lat' dir='ltr'><strong>dare.</strong></span> <span class='ocrx_word' id='word_1_245' title='bbox 1046 3538 1106 3589; x_wconf 75' lang='lat' dir='ltr'><strong>Non</strong></span> <span class='ocrx_word' id='word_1_246' title='bbox 1118 3538 1230 3604; x_wconf 78' lang='lat' dir='ltr'><strong>eoeipere</strong></span> <span class='ocrx_word' id='word_1_247' title='bbox 1240 3553 1285 3603; x_wconf 83' lang='lat' dir='ltr'><strong>pe·</strong></span> 
     </span>
     <span class='ocr_line' id='line_1_31' title="bbox 214 3615 1286 3685; baseline -0.001 -21"><span class='ocrx_word' id='word_1_248' title='bbox 214 3615 258 3664; x_wconf 74' lang='lat' dir='ltr'><strong>ned</strong></span> <span class='ocrx_word' id='word_1_249' title='bbox 271 3615 408 3665; x_wconf 74' lang='lat' dir='ltr'><strong>contituta</strong></span> <span class='ocrx_word' id='word_1_250' title='bbox 418 3619 499 3682; x_wconf 84' lang='lat' dir='ltr'><strong>pretio</strong></span> <span class='ocrx_word' id='word_1_251' title='bbox 517 3619 677 3685; x_wconf 81' lang='lat' dir='ltr'><strong>imperentur.</strong></span> <span class='ocrx_word' id='word_1_252' title='bbox 692 3645 729 3657; x_wconf 90' lang='lat'>—</span> <span class='ocrx_word' id='word_1_253' title='bbox 772 3617 869 3665; x_wconf 77' lang='lat' dir='ltr'><strong>etenim</strong></span> <span class='ocrx_word' id='word_1_254' title='bbox 882 3617 1045 3681; x_wconf 69' lang='lat' dir='ltr'><strong>quntoribm</strong></span> <span class='ocrx_word' id='word_1_255' title='bbox 1057 3633 1072 3665; x_wconf 86' lang='lat' dir='ltr'><strong>e</strong></span> <span class='ocrx_word' id='word_1_256' title='bbox 1085 3628 1169 3665; x_wconf 69' lang='lat' dir='ltr'><strong>unam</strong></span> <span class='ocrx_word' id='word_1_257' title='bbox 1181 3615 1286 3664; x_wconf 73' lang='lat' dir='ltr'><strong>atu-ibu-</strong></span> 
     </span>
     <span class='ocr_line' id='line_1_32' title="bbox 213 3692 1285 3765; baseline -0.002 -22"><span class='ocrx_word' id='word_1_258' title='bbox 213 3696 432 3758; x_wconf 77' lang='lat' dir='ltr'><strong>Propterannonae</strong></span> <span class='ocrx_word' id='word_1_259' title='bbox 439 3697 636 3763; x_wconf 75' lang='lat' dir='ltr'><strong>rationem.Quh</strong></span> <span class='ocrx_word' id='word_1_260' title='bbox 644 3700 729 3765; x_wconf 68' lang='lat' dir='ltr'><strong>prime</strong></span> <span class='ocrx_word' id='word_1_261' title='bbox 773 3705 836 3753; x_wconf 78' lang='lat' dir='ltr'><strong>tam,</strong></span> <span class='ocrx_word' id='word_1_262' title='bbox 851 3694 967 3759; x_wconf 67' lang='lat' dir='ltr'><strong>quonium</strong></span> <span class='ocrx_word' id='word_1_263' title='bbox 980 3696 1033 3757; x_wconf 81' lang='lat' dir='ltr'><strong>eim</strong></span> <span class='ocrx_word' id='word_1_264' title='bbox 1044 3696 1155 3761; x_wconf 70' lang='lat' dir='ltr'><strong>pecunia</strong></span> <span class='ocrx_word' id='word_1_265' title='bbox 1171 3692 1285 3752; x_wconf 86' lang='lat' dir='ltr'><strong>nomine,</strong></span> 
     </span>
     <span class='ocr_line' id='line_1_33' title="bbox 214 3771 1285 3841; baseline -0.001 -20"><span class='ocrx_word' id='word_1_266' title='bbox 214 3771 324 3822; x_wconf 65' lang='lat' dir='ltr'><strong>decuma</strong></span> <span class='ocrx_word' id='word_1_267' title='bbox 336 3789 388 3822; x_wconf 85' lang='lat' dir='ltr'><strong>non</strong></span> <span class='ocrx_word' id='word_1_268' title='bbox 403 3773 543 3826; x_wconf 76' lang='lat' dir='ltr'><strong>euffioerent</strong></span> <span class='ocrx_word' id='word_1_269' title='bbox 563 3777 592 3827; x_wconf 82' lang='lat' dir='ltr'><strong>in</strong></span> <span class='ocrx_word' id='word_1_270' title='bbox 604 3794 728 3828; x_wconf 74' lang='lat' dir='ltr'><strong>annonem</strong></span> <span class='ocrx_word' id='word_1_271' title='bbox 773 3785 891 3841; x_wconf 80' lang='lat' dir='ltr'><strong>proetoree</strong></span> <span class='ocrx_word' id='word_1_272' title='bbox 915 3773 1031 3823; x_wconf 69' lang='lat' dir='ltr'><strong>undecim</strong></span> <span class='ocrx_word' id='word_1_273' title='bbox 1051 3775 1199 3822; x_wconf 79' lang='lat' dir='ltr'><strong>trumentum</strong></span> <span class='ocrx_word' id='word_1_274' title='bbox 1221 3773 1285 3821; x_wconf 73' lang='lat' dir='ltr'><strong>eeti-</strong></span> 
     </span>
     <span class='ocr_line' id='line_1_34' title="bbox 214 3854 848 3920; baseline 0 -18"><span class='ocrx_word' id='word_1_275' title='bbox 214 3854 303 3920; x_wconf 83' lang='lat' dir='ltr'><strong>populi</strong></span> <span class='ocrx_word' id='word_1_276' title='bbox 315 3856 419 3905; x_wconf 76' lang='lat' dir='ltr'><strong>romani.</strong></span> <span class='ocrx_word' id='word_1_277' title='bbox 772 3863 848 3904; x_wconf 75' lang='lat' dir='ltr'><strong>ment.</strong></span> 
     </span>
    </p>

    <p class='ocr_par' dir='ltr' id='par_1_5' title="bbox 216 3928 1286 4080">
     <span class='ocr_line' id='line_1_35' title="bbox 251 3928 1286 3998; baseline 0 -19"><span class='ocrx_word' id='word_1_278' title='bbox 251 3933 276 3981; x_wconf 83' lang='lat'><strong>8.</strong></span> <span class='ocrx_word' id='word_1_279' title='bbox 290 3935 397 3981; x_wconf 82' lang='lat' dir='ltr'><strong>Ematur</strong></span> <span class='ocrx_word' id='word_1_280' title='bbox 403 3944 535 3998; x_wconf 75' lang='lat' dir='ltr'><strong>praterea.</strong></span> <span class='ocrx_word' id='word_1_281' title='bbox 545 3936 659 3997; x_wconf 80' lang='lat' dir='ltr'><strong>800,ooo</strong></span> <span class='ocrx_word' id='word_1_282' title='bbox 676 3951 729 3985; x_wconf 85' lang='lat' dir='ltr'><strong>mo·</strong></span> <span class='ocrx_word' id='word_1_283' title='bbox 814 3928 856 3982; x_wconf 78' lang='lat'><strong>13.</strong></span> <span class='ocrx_word' id='word_1_284' title='bbox 882 3932 940 3979; x_wconf 78' lang='lat' dir='ltr'><strong>Non</strong></span> <span class='ocrx_word' id='word_1_285' title='bbox 961 3932 1119 3996; x_wconf 72' lang='lat' dir='ltr'><strong>pertulerim.</strong></span> <span class='ocrx_word' id='word_1_286' title='bbox 1144 3930 1286 3980; x_wconf 70' lang='lat' dir='ltr'><strong>tattonem</strong></span> 
     </span>
     <span class='ocr_line' id='line_1_36' title="bbox 216 4010 1286 4080; baseline -0.001 -19"><span class='ocrx_word' id='word_1_287' title='bbox 216 4010 335 4062; x_wconf 73' lang='lat' dir='ltr'><strong>dttvtde</strong></span> <span class='ocrx_word' id='word_1_288' title='bbox 352 4030 427 4080; x_wconf 80' lang='lat' dir='ltr'><strong>eopre</strong></span> <span class='ocrx_word' id='word_1_289' title='bbox 437 4030 490 4080; x_wconf 83' lang='lat' dir='ltr'><strong>oep.</strong></span> <span class='ocrx_word' id='word_1_290' title='bbox 505 4032 546 4079; x_wconf 83' lang='lat'><strong>7⁰·</strong></span> <span class='ocrx_word' id='word_1_291' title='bbox 775 4013 841 4063; x_wconf 81' lang='lat' dir='ltr'><strong>enim</strong></span> <span class='ocrx_word' id='word_1_292' title='bbox 854 4012 1028 4074; x_wconf 72' lang='lat' dir='ltr'><strong>deseruerunt,</strong></span> <span class='ocrx_word' id='word_1_293' title='bbox 1047 4010 1116 4061; x_wconf 77' lang='lat' dir='ltr'><strong>eadee</strong></span> <span class='ocrx_word' id='word_1_294' title='bbox 1129 4012 1219 4077; x_wconf 74' lang='lat' dir='ltr'><strong>patriae</strong></span> <span class='ocrx_word' id='word_1_295' title='bbox 1229 4011 1286 4060; x_wconf 83' lang='lat' dir='ltr'><strong>reli·</strong></span> 
     </span>
    </p>

    <p class='ocr_par' dir='ltr' id='par_1_6' title="bbox 218 4088 1288 4242">
     <span class='ocr_line' id='line_1_37' title="bbox 252 4088 1288 4159; baseline 0.002 -19"><span class='ocrx_word' id='word_1_296' title='bbox 252 4106 279 4154; x_wconf 80' lang='lat'><strong>9.</strong></span> <span class='ocrx_word' id='word_1_297' title='bbox 290 4092 408 4143; x_wconf 67' lang='lat' dir='ltr'><strong>Solum</strong></span> <span class='ocrx_word' id='word_1_298' title='bbox 417 4094 520 4156; x_wconf 76' lang='lat' dir='ltr'><strong>Puram,</strong></span> <span class='ocrx_word' id='word_1_299' title='bbox 529 4093 655 4145; x_wconf 70' lang='lat' dir='ltr'><strong>residem</strong></span> <span class='ocrx_word' id='word_1_300' title='bbox 664 4094 731 4143; x_wconf 76' lang='lat' dir='ltr'><strong>edm</strong></span> <span class='ocrx_word' id='word_1_301' title='bbox 774 4101 896 4159; x_wconf 82' lang='lat' dir='ltr'><strong>querunt,</strong></span> <span class='ocrx_word' id='word_1_302' title='bbox 907 4107 939 4140; x_wconf 83' lang='lat' dir='ltr'><strong>ne</strong></span> <span class='ocrx_word' id='word_1_303' title='bbox 951 4088 1088 4157; x_wconf 76' lang='lat' dir='ltr'><strong>portemur</strong></span> <span class='ocrx_word' id='word_1_304' title='bbox 1104 4107 1160 4156; x_wconf 73' lang='lat' dir='ltr'><strong>que</strong></span> <span class='ocrx_word' id='word_1_305' title='bbox 1173 4092 1225 4158; x_wconf 83' lang='lat' dir='ltr'><strong>peti</strong></span> <span class='ocrx_word' id='word_1_306' title='bbox 1235 4106 1288 4142; x_wconf 85' lang='lat' dir='ltr'><strong>uon</strong></span> 
     </span>
     <span class='ocr_line' id='line_1_38' title="bbox 218 4169 1179 4242; baseline 0.006 -24"><span class='ocrx_word' id='word_1_307' title='bbox 218 4178 244 4218; x_wconf 84' lang='lat' dir='ltr'><strong>et</strong></span> <span class='ocrx_word' id='word_1_308' title='bbox 256 4169 369 4222; x_wconf 70' lang='lat' dir='ltr'><strong>senilium</strong></span> <span class='ocrx_word' id='word_1_309' title='bbox 381 4171 501 4225; x_wconf 73' lang='lat' dir='ltr'><strong>ttendm.</strong></span> <span class='ocrx_word' id='word_1_310' title='bbox 773 4172 970 4239; x_wconf 68' lang='lat' dir='ltr'><strong>pomereto</strong></span> <span class='ocrx_word' id='word_1_311' title='bbox 982 4190 1055 4242; x_wconf 73' lang='lat' dir='ltr'><strong>supra</strong></span> <span class='ocrx_word' id='word_1_312' title='bbox 1067 4189 1123 4239; x_wconf 83' lang='lat' dir='ltr'><strong>oep.</strong></span> <span class='ocrx_word' id='word_1_313' title='bbox 1135 4172 1179 4224; x_wconf 78' lang='lat'><strong>51.</strong></span> 
     </span>
    </p>
   </div>
   <div class='ocr_carea' id='block_1_4' title="bbox 0 0 1610 4770">
    <p class='ocr_par' dir='ltr' id='par_1_7' title="bbox 0 0 1610 4770">
     <span class='ocr_line' id='line_1_39' title="bbox 0 0 1610 4770; baseline 0 0"><span class='ocrx_word' id='word_1_314' title='bbox 0 0 1610 4770; x_wconf 95' lang='lat' dir='ltr'><strong> </strong></span> 
     </span>
    </p>
   </div>
  </div>
 </body>
</html>
