3116 4774
341 402 410 494 472
659 398 708 464 Μ.
733 397 773 463 T.
801 393 1077 464 CICERONIS

340 521 517 587 rationem
527 511 556 599 ⁵,
574 511 751 584 fraudavit
767 517 992 611 quempiam,
1006 515 1043 582 iu
1057 534 1121 597 eu,
1139 533 1215 605 quo
1232 506 1396 579 delictum

341 627 458 721 majus
478 638 550 710 est,
566 647 611 695 eo
629 648 739 721 poena
760 638 814 695 est
836 618 1004 694 tardiori.
1026 625 1089 690 Est
1105 621 1199 689 enim
1219 627 1332 715 t'urpe
1348 617 1398 711 ju·

341 736 487 807 dicium.
510 739 539 804 E
557 731 652 804 facto
671 733 817 830 quidem
838 742 980 828 turpe⁷.
1002 729 1129 801 Videte
1150 728 1280 825 igitur,
1300 748 1398 824 quam

342 847 468 942 inique
500 842 655 931 accidat,
688 844 775 939 quia
803 865 861 913 res
892 840 1040 936 indigua
1067 840 1134 926 sit,
1157 838 1241 909 ideo
1263 851 1399 934 turpem

343 956 643 1027 existimationem
665 954 787 1049 sequi;
804 952 889 1048 quia
910 950 1028 1046 turpis
1046 947 1263 1017 existimatio
1282 966 1399 1040 sequa·
1469 1008 1470 1019 ,

345 1080 422 1152 tur,
438 1063 520 1136 ideo
534 1086 609 1133 rem
625 1060 808 1157 indignam
824 1083 898 1129 uon
910 1057 1064 1152 judicari
1077 1051 1105 1125 ⁸.
1120 1060 1166 1126 At
1178 1058 1208 1125 si
1221 1055 1309 1152 quis
1321 1053 1400 1124 milti

345 1175 416 1246 hoc
434 1172 564 1269 judex,
586 1183 864 1265 recuperatorve
890 1165 1008 1237 dicat:
1028 1166 1212 1236 «Potuisti
1236 1166 1338 1236 enim
1358 1161 1401 1231 le·

344 1287 446 1356 viore
464 1281 604 1351 actione
630 1275 868 1374 confligere93
890 1277 1038 1374 potuisti
1054 1274 1099 1346 ad
1118 1291 1223 1345 tuum
1243 1276 1308 1370 jus
1325 1271 1401 1343 iaci·

347 1393 437 1462 liore
456 1402 493 1461 et
517 1385 766 1458 commodiore
782 1385 920 1479 judicio
934 1396 966 1430 ¹⁰
985 1387 1196 1483 pervenire:
1214 1408 1330 1481 quare
1349 1394 1401 1452 ant

345 1514 446 1570 muta
464 1499 663 1583 actionem,
684 1510 747 1566 aut
765 1496 841 1566 noli
863 1496 951 1567 mihi
972 1497 1122 1581 instare,
1141 1511 1183 1566 ut
1201 1495 1402 1590 judicemr3

346 1609 511 1679 tamenin
529 1620 592 1678 aut
609 1606 769 1678 timidior
784 1606 958 1696 videatur,
975 1630 1085 1703 quam
1101 1604 1252 1694 fortem,
1267 1621 1331 1678 aut
1348 1626 1401 1675 cu·
1482 1606 1484 1663 Ὺ

339 1792 413 1841 <modi
449 1791 552 1840 tooiettt
582 1790 734 1839 excludetur·
767 1792 854 1839 Jtoot.
899 1802 939 1839 oet
958 1789 1069 1855 eliquit),
1086 1789 1207 1851 judicium
1224 1801 1299 1857 turpe
1317 1799 1365 1845 eet,
1383 1796 1404 1833 tt

344 1875 509 1921 Ourwnut.
522 1897 558 1908 —
571 1875 623 1918 Aut
635 1886 686 1918 rent
699 1869 855 1919 mandatum.
899 1870 965 1918 ledit
977 1871 1192 1928 existimationem
1203 1869 1237 1918 ob
1246 1884 1348 1934 eamque
1356 1881 1404 1914 oru-

346 1951 491 2001 Mtudrtmn
509 1950 640 2014 gratuitum
656 1958 707 2005 eat,
726 1960 855 2013 propterea
900 1966 951 1997 tem
967 1949 1059 1996 terdim
1078 1959 1104 1997 et
1121 1951 1197 1997 terim
1215 1947 1404 2014 transigendum:

345 2031 414 2096 qood
426 2031 544 2093 originem
555 2045 586 2076 ex
597 2026 680 2075 officio
689 2037 761 2090 utque
775 2027 857 2075 amici·
900 2044 952 2077 nou
966 2008 1123 2092 euim⁰perrt
1141 2044 1179 2076 ret
1197 2040 1249 2087 ett,
1267 2043 1347 2092 ueque
1361 2021 1404 2072 levi

346 2112 379 2159 tir
390 2110 476 2169 trehit,
489 2110 506 2157 l.
520 2125 542 2167 r,
554 2109 582 2156 if.
592 2105 706 2158 mandati.
720 2108 779 2167 Bjue
796 2106 858 2154 obli·
901 2118 1027 2158 momeuto
1038 2107 1176 2155 aestimande
1185 2108 1246 2155 civit
1257 2123 1321 2156 rom.
1331 2100 1405 2153 existi·

348 2192 414 2256 gatio
428 2205 461 2236 ex
480 2204 601 2237 eoueemu
620 2186 815 2236 enuntiatorium
832 2187 858 2234 iu
902 2189 991 2236 metio:
1007 2187 1141 2235 tuicioero
1154 2187 1288 2247 objectioni
1295 2183 1404 2233 contiuuo
1495 2238 1496 2255 χ

348 2268 422 2317 rebue
441 2267 550 2316 houettia
571 2267 696 2323 ooueittit,
715 2267 812 2329 quotiee
830 2276 859 2312 ut
902 2270 936 2316 tio
947 2268 1034 2327 refert,
1045 2267 1191 2315 «Etfiotum
1203 2267 1301 2331 quidem
1312 2277 1403 2327 turpem
1496 2286 1497 2291 ¹

347 2348 474 2411 negotium
487 2356 596 2394 nostrum
609 2355 691 2407 geret,
703 2342 807 2406 aliquem
819 2358 859 2390 ro·
903 2349 975 2404 Sane,
989 2347 1086 2410 iuquit,
1099 2356 1168 2410 turpe
1177 2346 1224 2394 hoo
1229 2344 1350 2412 judicium
1359 2349 1406 2394 ett;

349 2441 447 2487 gamot,
465 2424 619 2480 mandamur,
633 2431 706 2484 etque
723 2421 857 2468 wdbimut·
903 2436 927 2473 et
947 2426 1107 2488 ignominiam
1128 2425 1216 2483 effert,
1242 2440 1289 2472 neo
1310 2420 1405 2483 injuria,
1496 2450 1498 2455 <

347 2507 424 2551 lont.
903 2503 1083 2568 quutufoottrm
1101 2516 1171 2567 turpe
1187 2505 1233 2563 tit,
1247 2521 1296 2567 quo
1317 2499 1406 2565 dignit„

386 2583 410 2628 5.
424 2581 477 2626 Ant
485 2578 592 2646 fiducite
610 2577 739 2627 rationem.
760 2576 860 2626 riductt
904 2593 940 2630 ott
958 2583 1031 2630 oelorl
1052 2594 1076 2630 et
1093 2594 1186 2631 mature
1201 2581 1404 2633 condemnatione.

349 2669 385 2708 ert
397 2674 473 2723 genno
484 2669 637 2717 contractor,
651 2674 701 2721 qno
714 2656 788 2705 fidem
801 2657 860 2705 elte-
903 2661 1022 2711 Lambiuo
1037 2663 1100 2709 euim
1111 2661 1211 2726 jirotnm
1230 2659 1354 2727 reponenti
1367 2657 1406 2704 lu·
1496 2718 1497 2721 Ἴ

347 2739 399 2787 rim
412 2738 510 2802 sequuti
523 2739 563 2788 vel
575 2738 671 2802 lilium,
690 2739 729 2786 vel
741 2738 858 2785 heredite-
903 2741 989 2788 beuter
999 2741 1125 2788 utentior.
1138 2743 1259 2790 llotrrort.
1268 2742 1335 2790 Paul.
1345 2741 1409 2789 ntra.

350 2830 399 2868 tem
411 2818 589 2883 relinquimur,
610 2830 638 2868 ut
652 2820 757 2867 vioitsim
770 2818 859 2885 menoi-
904 2829 928 2867 et
936 2821 1043 2867 Muretus
1049 2816 1408 2883 pmbeutiactum.-Erterrit⁸

349 2899 675 2965 prndremrnoipetur.Vidt
684 2901 752 2947 Roet.
762 2899 788 2945 in
797 2899 859 2960 Top.
905 2911 973 2963 torpe
975 2898 1106 2962 judicium.
1118 2899 1232 2961 Objeotio
1246 2910 1296 2957 est,
1308 2911 1335 2947 ut
1347 2895 1409 2953 dixu

384 2980 409 3027 6.
423 2981 453 3025 In
465 2994 509 3036 eo,
526 2996 575 3042 qno
587 2978 701 3026 delictum
712 2975 793 3041 majus
810 2986 859 3036 ert,
904 2979 944 3026 oui
957 2979 1073 3041 porticula
1086 2979 1149 3025 euim
1164 2979 1301 3043 frequenter
1315 2990 1410 3027 reeom-

352 3072 381 3104 eo
393 3072 469 3120 poeno
482 3068 517 3104 ert
531 3056 633 3104 tardior.
643 3056 757 3120 indigne,
767 3056 859 3119 iuquit,
903 3057 1150 3122 modrturzexemplt
1170 3059 1253 3107 erebra
1272 3070 1331 3108 tunt
1348 3051 1410 3121 apud

349 3150 425 3198 quum
446 3136 471 3181 in
495 3136 590 3183 notione
610 3147 646 3182 eet
667 3136 809 3199 stipulatus,
836 3146 860 3181 et
903 3136 1110 3205 ltuuoourtorem.
1123 3141 1199 3186 lutat.

348 3212 416 3261 verbi
427 3213 500 3261 unius
513 3214 644 3276 obligatio,
654 3214 771 3261 sententia
780 3213 859 3260 rtatim
941 3216 965 3265 8.
976 3217 1078 3280 Aliquot
1091 3217 1167 3274 MSS,
1177 3214 1311 3266 vindicari.
1319 3219 1336 3266 J
1337 3220 1376 3264 Ν.
1385 3216 1411 3261 t·

348 3291 522 3356 pronuntietur
548 3293 585 3354 (iu
606 3309 656 3356 quo
678 3303 759 3339 umen
781 3294 861 3340 miuor
940 3311 965 3358 9.
993 3297 1094 3344 Potuisti
1118 3296 1182 3344 enim
1210 3295 1298 3344 leviore
1318 3294 1411 3342 anone

352 3368 423 3432 eulpa
437 3369 484 3431 eat)
494 3369 534 3417 hio
547 3370 590 3418 uhi
604 3387 676 3434 grove
690 3370 805 3418 delictum
815 3382 861 3430 eet,
906 3373 1042 3441 configere.
1062 3378 1141 3436 Quam
1156 3374 1220 3434 hee,
1233 3391 1288 3439 quie
1299 3384 1336 3422 ert
1349 3368 1411 3421 deri

352 3459 377 3497 et
390 3447 469 3496 eoelue
488 3449 560 3512 plene
578 3450 709 3511 nefarium,
723 3449 817 3498 differri
834 3466 862 3498 ee
906 3465 995 3500 ennete
1009 3463 1034 3500 et
1048 3452 1150 3512 injuria,
1161 3454 1227 3502 unde
1242 3455 1320 3518 turpia
1329 3450 1411 3501 existi·

352 3528 786 3592 pmcrasumrijudtotumutorrou.
906 3532 980 3579 morlo
994 3532 1111 3595 requitur.
1126 3534 1247 3583 llorrort,
1262 3559 1299 3571 -
1313 3533 1364 3582 Alii
1381 3530 1412 3578 te·

389 3624 412 3669 7.
422 3608 467 3655 Est
474 3606 538 3654 enim
548 3618 617 3672 turpe
618 3606 755 3673 judicium:
768 3624 782 3655 e
791 3607 863 3672 scroto
906 3610 987 3665 tiore,
999 3610 1065 3673 quod
1076 3612 1188 3674 repudio.
1198 3614 1299 3660 Putant.

353 3686 452 3749 quidem
463 3698 541 3751 turpe.
550 3687 645 3735 Vitioae
657 3698 681 3735 et
692 3703 766 3750 prava
777 3687 863 3736 dittiu·
945 3704 985 3737 ιο.
999 3688 1042 3736 Ad
1054 3691 1186 3756 turtmjm
1205 3692 1272 3755 quod
1286 3691 1330 3739 tibi
1342 3688 1413 3738 debe·

353 3764 404 3813 ctio
415 3767 558 3814 seutentiam
569 3766 768 3831 elegantiuiruam
784 3761 863 3815 iuudi·
907 3778 954 3816 tur.
969 3769 1009 3816 sto
1021 3769 1079 3818 leuo
1093 3770 1119 3818 iu
1139 3770 1219 3817 Plauti
1232 3770 1344 3818 Rudente
1354 3782 1412 3831 que·

352 3851 392 3890 tua
414 3847 511 3895 evertit.
535 3847 708 3895 Sormooluatio
728 3847 792 3894 euim
810 3846 863 3894 hteo
906 3849 1020 3912 riturjttr
1033 3865 1103 3897 rtrum
1123 3849 1170 3896 tibi
1184 3849 1215 3897 de
1229 3849 1324 3897 aucillis
1343 3845 1410 3908 eripi-

350 3929 406 3977 ett,
418 3921 444 3967 in
455 3939 503 3985 qur
518 3925 622 3986 primum
638 3936 723 3973 routre
737 3925 863 3989 ditputtu·
906 3951 942 3962 —
954 3927 1075 3974 Faciliora
1091 3938 1117 3974 et
1136 3927 1299 3975 commodiore
1308 3924 1411 3991 judicio.

351 3996 413 4043 tium
422 4000 494 4046 vnit:
503 4013 644 4063 pouuutur;
658 4002 744 4051 deiude
757 4016 860 4065 retpou·
906 4002 956 4051 Ubi
970 4004 1036 4050 uullr
1049 4014 1087 4052 ett
1100 4003 1238 4068 ampliatio,
1254 4005 1320 4054 nulle
1337 4001 1413 4069 turpi-

351 4074 389 4126 tio
400 4077 518 4140 requitur,
527 4079 575 4128 hoo
587 4094 675 4129 muro:
687 4083 722 4129 At
733 4081 798 4129 euim
810 4078 861 4153 (dij
903 4079 975 4130 tudo.
988 4084 1062 4130 luant
