3116 4774
372 421 570 488 ORATIO
595 420 694 487 eno
719 423 766 488 Α.
784 422 997 492 cecini.
1142 425 1210 521 497

157 544 214 616 usi
227 564 368 629 sumus,
380 565 427 612 an
439 541 780 638 aliamquampiam,
800 566 845 612 an
863 545 1041 612 omninot
1054 542 1212 617 nullam?

158 653 301 723 Nullam
326 675 401 722 esse
428 652 607 721 actionem
630 649 748 722 dicere
769 650 808 721 in
831 675 871 722 re
888 667 961 721 tam
979 650 1109 746 insigni
1126 668 1214 725 tam·

128 778 135 799 ‘
159 785 230 856 que
249 761 380 847 atroci,
399 784 518 856 neque
538 759 753 855 prudentiae,
774 783 893 855 neque
912 760 1132 832 auctoritatis
1145 779 1214 834 tuae

98 904 105 915 ·
160 880 263 939 est¹⁰.
279 869 356 939 Alia
374 869 402 937 si
419 893 490 964 qua
506 864 599 938 forte
616 885 689 956 est,
708 893 787 965 quae
800 893 866 939 nos
880 867 1028 964 fugerit,
1043 869 1120 956 dic,
1134 875 1215 968 quae

160 982 227 1048 sit:
245 979 353 1075 cupio
367 977 513 1048 discere.
528 981 609 1048 Haec
625 981 655 1047 si
671 994 743 1067 est,
763 1003 835 1075 qua
854 1002 921 1048 nos
940 982 994 1049 usi
1016 1003 1161 1069 snmus;
1179 996 1215 1053 te

158 1087 297 1181 judice,
315 1089 499 1158 vincamus
511 1097 540 1128 ¹¹
562 1111 707 1159 necesse
724 1103 786 1159 est.
802 1093 887 1160 Non
901 1088 998 1158 enim
1014 1112 1151 1177 vereor,
1168 1116 1217 1163 ne

160 1197 230 1267 boc
262 1195 380 1283 dicas,
407 1199 446 1266 in
474 1196 599 1267 eadem
632 1221 760 1284 causa,
793 1196 920 1267 eodem
950 1195 1158 1286 interdicto,
1181 1215 1216 1271 te

161 1322 330 1404 oportere
352 1308 511 1392 restitui,
531 1309 706 1405 Caecinam
732 1330 807 1376 non
832 1314 1051 1402 oportere¹².
1075 1313 1216 1379 Etenim

163 1421 221 1488 cui
239 1419 470 1513 perspicuum
489 1440 563 1485 non
586 1419 658 1501 sit„
669 1416 714 1487 ad
733 1419 909 1487 incertum
926 1419 1086 1489 revocari
1099 1416 1216 1509 bona,

163 1524 341 1612 fortunas,
357 1525 598 1620 possessiones
615 1527 797 1611 omnium,
816 1528 845 1597 si
860 1526 934 1597 ulla
951 1553 995 1598 ex
1013 1541 1114 1624 parte
1134 1553 1217 1600 sen-

165 1636 275 1705 tentia
292 1633 399 1726 hujus
416 1633 596 1704 interdicti
616 1632 819 1719 deminuta,
839 1632 943 1703 aut¹³
959 1634 1136 1706 infirmata
1152 1638 1218 1709 sit?

17 1714 69 1847 ’
166 1744 195 1814 si
217 1744 426 1813 auctoritate
453 1745 612 1812 virorum
641 1743 766 1813 talium
793 1744 845 1813 vis
865 1758 1083 1816 armatorum
1101 1745 1220 1817 homi-

50 1882 61 1909 ·‘
166 1875 253 1922 num
283 1850 419 1944 jndicio
448 1850 687 1948 approbata¹t
714 1850 895 1940 videatur,
922 1854 961 1922 in
988 1878 1063 1949 quo
1084 1855 1219 1949 judicio

166 1986 240 2031 non
256 1960 301 2032 de
317 1962 423 2032 armis
440 1959 663 2048 dubitatum,
677 1961 740 2034 sed
751 1961 797 2033 de
811 1961 930 2034 verbis
943 1965 1130 2058 quaesitnm
1143 1990 1220 2037 esse

166 2071 414 2142 dicatnri'lsne
427 2069 523 2168 apud
533 2096 594 2140 vos
608 2069 787 2141 obtinebit
800 2093 943 2141 causam
957 2095 1075 2157 snam,
1100 2075 1164 2167 qui
1182 2097 1220 2144 se

166 2184 213 2251 ita
232 2178 453 2251 defenderit:
470 2181 568 2275 Ejeci
591 2205 657 2277 ego
679 2194 715 2251 te
737 2182 880 2249 armatis
898 2177 1126 2269 hominibus,
1145 2207 1220 2253 non

166 2376 310 2434 necionem,
324 2386 353 2423 nt
366 2384 461 2423 eonettt
474 2389 503 2422 ex
516 2373 579 2435 jnrie
591 2372 669 2422 libris.
752 2388 792 2421 ra.
804 2375 832 2420 In
844 2371 930 2421 eadem
940 2388 1063 2422 consu...
1072 2385 1096 2422 te
1109 2388 1220 2440 oportere

167 2456 267 2503 Pion.
715 2450 813 2507 menni,
824 2451 946 2499 Cneioam
954 2467 1003 2499 non
1012 2459 1221 2520 oportereffiqm:

202 2550 227 2596 9.
248 2536 331 2580 Utrum
344 2530 410 2578 hane
424 2524 671 2591 anuntiabant,
715 2530 826 2577 monim
840 2530 940 2593 petibus
952 2532 978 2577 in
992 2531 1071 2579 aneio
1086 2535 1153 2596 peria
1164 2537 1220 2595 jore

167 2607 672 2674 qnanosusisumus,anoiiam‚onomnino
715 2607 841 2656 tutderan
853 2609 942 2672 Topic.
960 2607 1003 2655 ubi
1023 2626 1106 2674 pereto
1125 2628 1220 2663 cenem

168 2692 268 2739 nnllam.
279 2689 381 2753 Quintil.
391 2687 478 2747 tint,
493 2686 590 2746 10,ubi
601 2687 672 2735 diete-
715 2702 766 2734 ecee
779 2687 868 2735 tedium
881 2698 907 2734 et
920 2687 990 2734 fundi
1008 2689 1123 2737 ostendit.
1136 2692 1170 2739 Ee
1183 2695 1220 2741 vie

168 2771 200 2816 rit
225 2769 256 2817 de
281 2768 421 2815 divisione:
443 2766 629 2813 nPericuloenm
647 2777 672 2814 et
714 2766 858 2830 tegumenti.
884 2767 932 2812 Pro
954 2765 1071 2813 Marcesso
1086 2784 1093 2816 :
1109 2773 1221 2821 Hebe.

18 2844 33 2919 ²¹
168 2863 224 2894 enm
241 2862 297 2893 curn
310 2845 454 2895 intuendum
471 2860 564 2907 genae:
582 2844 672 2907 quinti
715 2842 918 2906 menterengebnr
929 2843 1129 2905 quumvidebem
1144 2849 1221 2899 virum

168 2927 195 2972 in
207 2923 369 2988 proponendo
381 2938 457 2971 unum
468 2922 594 2986 quodlibet
607 2923 670 2971 omi·
714 2923 800 2981 olem,
818 2922 903 2986 quiin
927 2920 1010 2969 eaden
1030 2937 1100 2969 canu
1118 2925 1219 2989 faiam,

169 3004 279 3060 serimus,
300 3018 355 3050 cnm
374 3003 424 3049 rien
445 3017 543 3065 quoqne
564 3010 615 3049 tote
634 3018 671 3050 ree
714 3015 765 3049 non
776 3002 804 3048 in
817 3000 899 3048 eedem
913 3015 964 3047 eeee
977 3000 1102 3048 sonum.
1113 3003 1213 3057 Pmn.

169 3083 277 3130 solvitur.
291 3081 377 3142 Tutius
387 3078 456 3142 quod
467 3079 553 3127 Cicero
563 3095 609 3144 pro
620 3079 672 3127 Cn·
754 3080 795 3129 13.
815 3077 938 3125 Sententia
956 3076 1027 3142 hujus
1043 3079 1166 3131 interdicti
1181 3086 1223 3134 de-

26 3164 29 3169 ’
123 3185 131 3208 a
169 3164 221 3209 eine
238 3161 312 3218 feeit,
331 3175 405 3222 quum
421 3160 564 3223 interrogat,
583 3159 604 3204 ei
620 3158 674 3206 bne
717 3156 810 3204 mtbuta
830 3168 874 3203 ant
893 3155 1017 3221 infimata
1037 3155 1077 3206 sit.
1099 3161 1222 3214 sementi.

23 3232 36 3265 ᾖ
76 3230 81 3237 ’
115 3234 118 3237 ’
168 3240 233 3289 actio
252 3255 303 3287 non
322 3238 365 3299 eit,
385 3232 438 3301 qnae
455 3236 503 3284 eit?
520 3236 593 3283 timul
610 3236 673 3282 enim
716 3234 789 3295 bujue
804 3233 942 3294 interdicti,
964 3251 1020 3299 qnae
1037 3237 1096 3287 lutet
1117 3241 1144 3289 in
1162 3260 1221 3293 tone

92 3338 96 3343 ·
136 3382 139 3389 1
170 3316 533 3369 removenturomnio».1m.
716 3312 836 3377 dq'ectus,
854 3330 897 3361 eeu
908 3314 1061 3378 prohibitus,
1076 3324 1220 3383 angutiae.

97 3426 101 3433 ·
136 3426 141 3435 ·
171 3418 176 3424 ·
207 3391 674 3461 ro.Neqneprndentioe‚nequeaucto·
715 3389 762 3439 bne
773 3392 1221 3452 terminieoooclnmuntlebefim

17 3474 36 3503 ς’
85 3487 91 3494 “
168 3478 248 3526 ruatis
258 3488 307 3524 tnoe
315 3485 358 3522 est.
368 3469 670 3530 Alienumtumientie,
716 3470 755 3518 eit.
768 3470 843 3518 lou.

169 3568 193 3605 et
206 3556 394 3612 existimatione,
405 3566 453 3615 qut
461 3560 569 3614 praestat.
578 3575 613 3586 —
622 3550 674 3596 An·
755 3551 837 3604 inlus
846 3561 995 3597 matonam
1001 3549 1123 3599 bominum
1128 3552 1223 3617 judieii»

169 3635 305 3682 ctoritatem
325 3642 367 3679 aut
391 3641 491 3690 notun,
514 3638 558 3675 ant
578 3637 674 3691 tempne
716 3626 1119 3690 approbatum.1.amhinue,.vu
1135 3645 1219 3683 armat.

169 3713 255 3762 adfert.
272 3713 370 3760 Naturae
392 3707 522 3756 auctoritas
539 3706 564 3752 in
584 3707 674 3753 virtute
717 3703 785 3752 bom.
794 3704 849 3764 jud.
862 3706 1032 3770 approbem,
1042 3724 1125 3756 verum
1136 3721 1222 3773 prater

170 3802 205 3839 eet
223 3792 332 3838 maxima.
353 3790 460 3851 Tempus
478 3786 587 3833 continet
606 3783 674 3849 inge·
716 3782 809 3846 libroe;
832 3794 948 3846 eeqnntue
967 3785 1059 3833 ecilieet
1079 3791 1221 3838 eontentiem

170 3866 525 3927 manutenementum.
717 3862 898 3923 nonomen,
922 3874 1044 3926 umquem
1075 3876 1222 3917 armatorum

208 3944 516 4012 11.Tejodice,vincamus
526 3954 621 3989 neeesse
627 3952 673 3990 est.
717 3940 811 3989 nullum
831 3941 863 3988 eit
875 3941 925 3999 jue.
937 3937 1022 3990 Geor.
1039 3968 1075 3979 -
1087 3947 1221 4010 Perpetem,

169 4027 265 4074 Summa
278 4024 384 4071 victoriae
399 4022 488 4071 fidncia
500 4021 527 4068 in
545 4017 611 4067 hunc
627 4036 675 4069 ter·
718 4020 784 4069 Num
798 4020 834 4067 vie
845 4029 992 4068 emttomm
1002 4021 1129 4071 bominum
1142 4026 1221 4090 prive-

169 4119 264 4152 monem
278 4101 418 4151 includitur.
719 4108 799 4147 tonun
810 4108 890 4165 potest
903 4097 953 4149 diei
967 4101 1009 4162 jue
1026 4105 1160 4153 armatum?
1180 4108 1221 4155 Au

265 4191 312 4257 ΙΙ.
341 4200 563 4265 tiemonem.
1059 4186 1102 4257 32
