3142 4774
358 426 412 495 IN
437 424 653 493 VERREM
677 424 782 493 ACT.
803 425 861 507 ΙΙ,
886 424 978 491 LlB.
1003 425 1074 492 Ill.
1187 419 1235 518 69

179 549 420 621 calamitatum
439 559 594 632 metum,
615 543 760 641 publica
774 545 986 614 auctoritate
1000 541 1236 616 defendimus.

179 661 303 728 Unum
322 650 415 724 hoc⁶
437 652 532 724 illius
550 652 862 725 senatusconsulto
882 652 1160 749 reprehensum,
1179 654 1240 725 dc-

179 777 392 858 cretumque
410 776 483 851 est,
499 775 558 849 ut,
580 761 713 858 quibus
728 761 789 833 ille
810 760 856 832 de
877 762 993 859 capite
1008 761 1238 860 dempsisset,

180 871 220 943 hi
252 873 421 970 pecunias
450 874 488 943 in
522 871 687 942 aerarium
714 868 902 943 referrent.
942 873 1072 943 Statuit
1096 887 1241 945 senatus

181 981 286 1068 hoc⁷,
312 1006 358 1054 ue
384 982 434 1052 illi
465 979 614 1079 quidem
641 1005 719 1054 esse
746 981 904 1069 licitum,
935 985 993 1052 cui
1019 997 1243 1055 concesserat

182 1094 324 1181 omnia,
353 1116 374 1163 a
406 1087 568 1190 popu10⁸
600 1089 774 1163 factarum
795 1094 1100 1189 quaesitarumque
1120 1115 1244 1165 rerum

182 1225 340 1272 summas
358 1202 581 1273 imminuere.
600 1200 706 1272 Illum
723 1202 808 1273 viris
824 1198 1023 1272 fortissimis
1036 1201 1246 1294 judicarunt

183 1325 302 1406 patres
323 1311 517 1408 conscripti
536 1312 721 1381 remittere
740 1308 787 1382 de
804 1333 945 1381 summa
962 1335 1039 1381 non
1059 1313 1243 1411 potuisse:

185 1434 220 1491 te
237 1420 382 1491 mulieri
404 1420 594 1490 teterrimae
617 1432 715 1491 recte
736 1419 914 1491 remisisse
940 1433 1124 1491 senatores
1145 1419 1245 1516 judi·

185 1528 342 1601 cahuut?
359 1530 444 1617 Ille,
460 1529 507 1600 de
524 1553 598 1624 quo
617 1527 697 1625 lege
715 1527 872 1626 populus
888 1550 1060 1600 romanus
1073 1528 1244 1624 jusserat,

186 1655 229 1712 ut
245 1643 358 1740 ipsius
374 1641 543 1713 voluntas
563 1638 701 1738 populo
718 1662 870 1711 romano
885 1652 978 1711 esset
1000 1663 1067 1737 pro
1083 1640 1177 1738 lege,
1196 1654 1245 1711 ta·

186 1775 273 1823 men
296 1752 335 1820 in
362 1749 433 1822 hoo
454 1775 530 1821 uno
552 1772 701 1846 genere,
725 1763 888 1821 veterum
913 1748 1086 1847 religione
1108 1750 1245 1847 legum,

187 1859 486 1959 reprehenditur:
510 1873 571 1945 tu,
600 1859 664 1955 qui
687 1857 858 1931 omnibus
883 1858 1022 1957 legibus
1044 1861 1246 1958 implicatus

188 1969 379 2056 tenebam,
402 1969 586 2043 libidinem
602 1967 670 2041 tibi
688 1983 789 2041 tuam
806 1995 874 2068 pro
894 1970 971 2069 lege
989 1995 1066 2043 esse
1082 1971 1248 2043 voluisti?

188 2086 231 2151 lu
252 2079 317 2151 illo
335 2078 622 2179 reprehenditur,
642 2077 741 2174 quod
760 2102 805 2149 ex
826 2102 868 2149 ea
884 2083 1038 2176 pecunia
1053 2080 1248 2165 remiserit,

189 2214 297 2288 quam
318 2190 395 2287 ipse
412 2192 623 2287 quaesierat:
642 2185 709 2259 tibi
731 2185 962 2275 concedetur,
983 2189 1048 2284 qui
1067 2187 1111 2258 de
1133 2191 1248 2285 capite

189 2299 417 2398 vectigalium
439 2298 567 2396 populi
588 2297 730 2368 romani
748 2296 938 2367 remisisti?

238 2412 396 2481 xxxvi.
414 2411 535 2506 Atque
552 2409 589 2477 in
605 2406 675 2478 hoc
693 2429 824 2504 genere
838 2405 993 2477 audaciae
1012 2407 1127 2479 multo
1143 2411 1247 2480 etiam

190 2517 437 2618 impudentius
462 2519 501 2589 in
521 2517 682 2589 decumis
706 2516 988 2613 Segesteusium¹
1009 2532 1167 2589 versatus
1181 2533 1250 2589 est:

193 2782 223 2815 ro
242 2764 327 2814 consul
346 2780 374 2813 ea
392 2729 506 2813 v‹leforadit
516 2776 523 2812 ε
534 2778 605 2822 nam,
624 2777 699 2826 quum
743 2760 860 2819 misisset,
871 2758 898 2807 hi
908 2757 1003 2807 ωᾶιω
1018 2758 1045 2806 ἰιι
1057 2761 1166 2808 ennom
1179 2761 1252 2810 refer·

193 2845 385 2910 proscriptorum
394 2843 465 2893 liberi
477 2859 539 2907 quos
550 2841 615 2891 Sulla
629 2857 698 2906 ape·
742 2850 805 2889 rent.
819 2835 894 2888 conf.
912 2837 1034 2887 Plutarch.
1045 2839 1071 2885 in
1085 2838 1139 2888 Cat.
1152 2842 1216 2889 Min.

194 2923 275 2973 tendis
282 2922 416 2971 honoribus
424 2922 595 2988 prohibuerat,
602 2921 628 2968 iu
637 2920 700 2969 inte·
780 2934 804 2979 7.
816 2917 883 2975 Alii,
894 2927 926 2967 st.
937 2926 1036 2965 serratus
1041 2952 1049 2974 ,
1063 2916 1119 2967 ltoc.
1133 2920 1159 2968 J.
1172 2921 1204 2969 V.
1222 2924 1251 2969 L.

94 3022 99 3033 ¹
195 3018 265 3067 grum
273 3001 366 3048 restitui
376 2998 701 3059 contenderent,iiarestitit
780 2995 1253 3061 8.Apoprto.Quarp0pu1mmmruas

195 3081 295 3138 cinero,
311 3089 336 3127 et
346 3094 378 3127 ue
396 3077 457 3142 quid
468 3088 599 3126 novaretur
607 3112 616 3136 ,
634 3077 699 3125 obti·
744 3075 796 3139 ipee
807 3074 871 3124 solvi
878 3066 989 3135 jusserat.
1000 3074 1041 3122 Sic
1053 3075 1252 3140 explieatGraev.

196 3162 266 3218 „0113
279 3159 351 3222 quis,
363 3166 391 3205 ut
412 3156 447 3204 ait
467 3156 568 3217 Florus,
582 3158 633 3213 ΠΙ,
647 3157 700 3212 ²3,
744 3153 786 3203 aed
797 3153 866 3202 malit
875 3153 958 3202 abesse
967 3170 993 3207 a,
1003 3154 1035 3202 ita
1047 3156 1198 3220 utriuQuae
1207 3176 1255 3218 res,

198 3262 210 3284 ,
224 3238 369 3306 ‚mmm
389 3236 458 3301 quui
479 3250 549 3298 ²8¹²
569 3236 702 3299 raueiaeqne
744 3251 765 3281 a.
774 3233 884 3297 pecuniae
902 3232 1036 3297 populo,i.
1050 3252 1072 3282 e.
1087 3236 1171 3300 populi
1185 3239 1253 3289 bono

196 3322 257 3386 reip,
275 3318 424 3383 „quiescere
436 3314 653 3381 quandocumque,
671 3330 702 3362 ue
744 3326 770 3364 et
782 3313 914 3363 commodo
934 3315 1004 3362 frctoe
1021 3332 1041 3363 s.
1055 3318 1127 3366 armis
1138 3331 1213 3383 partae
1229 3333 1255 3371 et

196 3394 702 3462 vumwnuomtpnmeinderentuo.
744 3395 852 3459 qomitae
868 3394 974 3443 fuerunt.
995 3395 1035 3443 Sic
1056 3397 1255 3461 etiambcajard.

197 3480 237 3530 ct.
248 3478 281 3527 ad
294 3478 345 3526 Διί.
357 3480 394 3535 ll,
407 3492 432 3524 a.
745 3471 843 3522 Schiitz.
858 3481 906 3522 etc.
916 3483 964 3520 eta
978 3475 1038 3537 Reg.
1046 3476 1160 3525 rodono
1171 3478 1255 3528 abesto

232 3560 258 3607 6,
275 3559 354 3613 Unum
366 3555 422 3605 froc.
436 3556 492 3603 lloc
500 3569 576 3601 ouum
585 3552 701 3600 Sullaefa·
746 3562 831 3599 mouet
847 3550 994 3599 lallemaud.
1017 3554 1119 3604 llotom.
1143 3558 1255 3605 cenabat

197 3647 278 3697 otum,
290 3636 359 3701 quod
370 3632 494 3683 nonnullis
502 3631 597 3680 areclis
609 3632 661 3680 auia
673 3630 704 3677 do
746 3629 888 3693 legendum:
898 3631 1011 3694 «abipso
1022 3633 1164 3684 laetarum».
1173 3637 1255 3684 lamb.

198 3717 292 3781 capite,
307 3714 327 3764 i.
339 3731 363 3763 e.
376 3713 406 3763 de
418 3727 510 3761 summa
520 3710 677 3775 pecuum-um
690 3726 704 3756 e
748 3707 816 3757 dedit
831 3708 879 3755 «ab
890 3710 945 3773 ipso
955 3721 1078 3773 partarum
1087 3713 1121 3759 ».'

197 3793 471 3858 bonieproacriptorum
482 3790 529 3838 sub
541 3788 703 3837 triumui-
783 3788 904 3833 XXXVI.
924 3804 946 3835 r.
965 3788 1145 3851 Segestemium.
1167 3792 1258 3843 Civitas
1311 3852 1314 3857 .

197 3875 244 3933 tis,
256 3872 295 3921 vel
314 3888 345 3921 οι
366 3869 522 3934 vectigalibus
540 3866 705 3925 redacturum,
749 3868 802 3915 hoec
813 3875 864 3912 erat
876 3865 989 3911 immunis
1006 3882 1060 3930 sup.
1075 3867 1168 3933 eupli,
1186 3883 1257 3939 atque

200 3952 291 4017 rliquid
311 3949 457 4007 mmiairset,
480 3963 531 4012 quo
550 3947 630 3993 minus
644 3948 705 4009 reip.
750 3945 808 3994 iude
819 3942 939 4007 eolligunt
951 3945 1046 3992 Manut.
1060 3947 1139 3996 Graev.
1149 3950 1257 4013 Desjard.

202 4032 373 4096 persolverent,
385 4036 480 4077 senatus
493 4023 654 4090 reprehendit,
664 4024 706 4073 de·
752 4042 804 4075 nm
814 4027 854 4088 jus
862 4039 946 4082 mutu,
956 4027 1031 4073 Verte
1040 4040 1156 4091 pretore,
1165 4048 1215 4082 uon
1224 4052 1260 4083 re-

203 4111 324 4174 creiitque
338 4118 364 4158 ut
377 4107 413 4157 illi
432 4105 521 4172 quibus
539 4104 654 4169 pecunias
672 4119 708 4151 ro·
754 4106 860 4155 tinuim
875 4106 974 4155 liotom.
987 4108 1058 4156 etiam
1074 4107 1103 4158 de
1115 4112 1204 4161 ntudo
1217 4130 1259 4163 ro.
