<?xml version="1.0" encoding="UTF-8"?>
<!DOCTYPE html PUBLIC "-//W3C//DTD XHTML 1.0 Transitional//EN"
    "http://www.w3.org/TR/xhtml1/DTD/xhtml1-transitional.dtd">
<html xmlns="http://www.w3.org/1999/xhtml" xml:lang="en" lang="en">
 <head>
  <title>
</title>
<meta http-equiv="Content-Type" content="text/html;charset=utf-8" />
  <meta name='ocr-system' content='tesseract 3.04.00' />
  <meta name='ocr-capabilities' content='ocr_page ocr_carea ocr_par ocr_line ocrx_word'/>
</head>
<body>
  <div class='ocr_page' id='page_1' title='image "./mtciceronisquae00bouigoog_0139.png"; bbox 0 0 3176 4770; ppageno 0'>
   <div class='ocr_carea' id='block_1_1' title="bbox 200 2746 573 2813">
    <p class='ocr_par' dir='ltr' id='par_1_1' title="bbox 200 2746 573 2813">
     <span class='ocr_line' id='line_1_1' title="bbox 200 2746 573 2813; baseline -0.008 -15"><span class='ocrx_word' id='word_1_1' title='bbox 200 2774 202 2783; x_wconf 49' lang='grc' dir='ltr'><em>ν</em></span> <span class='ocrx_word' id='word_1_2' title='bbox 282 2746 363 2797; x_wconf 81' lang='lat' dir='ltr'><strong>officis</strong></span> <span class='ocrx_word' id='word_1_3' title='bbox 373 2760 410 2796; x_wconf 85' lang='lat' dir='ltr'><strong>est</strong></span> <span class='ocrx_word' id='word_1_4' title='bbox 422 2747 573 2813; x_wconf 82' lang='lat' dir='ltr'><strong>complexus.</strong></span> 
     </span>
    </p>
   </div>
   <div class='ocr_carea' id='block_1_2' title="bbox 292 365 1039 446">
    <p class='ocr_par' dir='ltr' id='par_1_2' title="bbox 292 365 1039 446">
     <span class='ocr_line' id='line_1_2' title="bbox 292 365 1039 446; baseline 0.005 -15"><span class='ocrx_word' id='word_1_5' title='bbox 292 365 359 446; x_wconf 77' lang='lat' dir='ltr'><strong>rad</strong></span> <span class='ocrx_word' id='word_1_6' title='bbox 602 366 650 430; x_wconf 88' lang='grc' dir='ltr'><strong>Μ.</strong></span> <span class='ocrx_word' id='word_1_7' title='bbox 677 366 716 431; x_wconf 89' lang='grc' dir='ltr'><strong>Τ.</strong></span> <span class='ocrx_word' id='word_1_8' title='bbox 745 366 1039 436; x_wconf 84' lang='lat' dir='ltr'>CICERONIS</span> 
     </span>
    </p>
   </div>
   <div class='ocr_carea' id='block_1_3' title="bbox 190 481 1447 1790">
    <p class='ocr_par' dir='ltr' id='par_1_3' title="bbox 190 481 1447 1447">
     <span class='ocr_line' id='line_1_3' title="bbox 285 481 1352 583; baseline 0.007 -30"><span class='ocrx_word' id='word_1_9' title='bbox 285 482 432 581; x_wconf 85' lang='lat' dir='ltr'><strong>probari</strong></span> <span class='ocrx_word' id='word_1_10' title='bbox 447 481 477 527; x_wconf 79' lang='lat'><strong>¹³</strong></span> <span class='ocrx_word' id='word_1_11' title='bbox 493 483 617 570; x_wconf 87' lang='lat' dir='ltr'><strong>velim,</strong></span> <span class='ocrx_word' id='word_1_12' title='bbox 636 510 694 554; x_wconf 90' lang='lat' dir='ltr'><strong>me</strong></span> <span class='ocrx_word' id='word_1_13' title='bbox 710 484 873 572; x_wconf 89' lang='lat' dir='ltr'><strong>dicente,</strong></span> <span class='ocrx_word' id='word_1_14' title='bbox 886 487 987 583; x_wconf 91' lang='lat' dir='ltr'><strong>quod</strong></span> <span class='ocrx_word' id='word_1_15' title='bbox 1002 513 1076 557; x_wconf 91' lang='lat' dir='ltr'><strong>uon</strong></span> <span class='ocrx_word' id='word_1_16' title='bbox 1093 502 1176 558; x_wconf 89' lang='lat' dir='ltr'><strong>ante</strong></span> <span class='ocrx_word' id='word_1_17' title='bbox 1189 488 1352 560; x_wconf 83' lang='lat' dir='ltr'><strong>mihimet</strong></span> 
     </span>
     <span class='ocr_line' id='line_1_4' title="bbox 285 594 1447 695; baseline 0.003 -30"><span class='ocrx_word' id='word_1_18' title='bbox 285 597 354 693; x_wconf 86' lang='lat' dir='ltr'><strong>ipsi</strong></span> <span class='ocrx_word' id='word_1_19' title='bbox 374 594 566 693; x_wconf 85' lang='lat' dir='ltr'><strong>probatum</strong></span> <span class='ocrx_word' id='word_1_20' title='bbox 585 597 640 666; x_wconf 88' lang='lat' dir='ltr'><strong>sit.</strong></span> <span class='ocrx_word' id='word_1_21' title='bbox 660 600 703 665; x_wconf 90' lang='lat' dir='ltr'><strong>In</strong></span> <span class='ocrx_word' id='word_1_22' title='bbox 720 595 788 665; x_wconf 87' lang='lat' dir='ltr'><strong>hac</strong></span> <span class='ocrx_word' id='word_1_23' title='bbox 801 598 831 643; x_wconf 65' lang='lat'><strong>¹²⁴</strong></span> <span class='ocrx_word' id='word_1_24' title='bbox 847 598 999 694; x_wconf 85' lang='lat' dir='ltr'><strong>pecunia</strong></span> <span class='ocrx_word' id='word_1_25' title='bbox 1017 596 1181 695; x_wconf 83' lang='lat' dir='ltr'><strong>publica,</strong></span> <span class='ocrx_word' id='word_1_26' title='bbox 1196 597 1350 693; x_wconf 89' lang='lat' dir='ltr'><strong>judices,</strong></span> <span class='ocrx_word' id='word_1_27' title='bbox 1443 606 1447 613; x_wconf 87' lang='grc'><strong><em>’</em></strong></span> 
     </span>
     <span class='ocr_line' id='line_1_5' title="bbox 287 704 1350 805; baseline 0.004 -31"><span class='ocrx_word' id='word_1_28' title='bbox 287 705 371 775; x_wconf 77' lang='lat' dir='ltr'><strong>haec·</strong></span> <span class='ocrx_word' id='word_1_29' title='bbox 389 709 510 776; x_wconf 88' lang='lat' dir='ltr'><strong>insunt</strong></span> <span class='ocrx_word' id='word_1_30' title='bbox 536 706 604 775; x_wconf 85' lang='lat' dir='ltr'><strong>tria</strong></span> <span class='ocrx_word' id='word_1_31' title='bbox 632 731 764 802; x_wconf 85' lang='lat' dir='ltr'><strong>genera</strong></span> <span class='ocrx_word' id='word_1_32' title='bbox 792 704 1002 777; x_wconf 85' lang='lat' dir='ltr'><strong>furtorum:</strong></span> <span class='ocrx_word' id='word_1_33' title='bbox 1037 710 1214 805; x_wconf 86' lang='lat' dir='ltr'><strong>primum,</strong></span> <span class='ocrx_word' id='word_1_34' title='bbox 1238 733 1350 805; x_wconf 90' lang='lat' dir='ltr'><strong>quum</strong></span> 
     </span>
     <span class='ocr_line' id='line_1_6' title="bbox 287 814 1353 912; baseline 0.003 -29"><span class='ocrx_word' id='word_1_35' title='bbox 287 816 403 910; x_wconf 85' lang='lat' dir='ltr'><strong>posita</strong></span> <span class='ocrx_word' id='word_1_36' title='bbox 423 829 516 886; x_wconf 83' lang='lat' dir='ltr'><strong>esset</strong></span> <span class='ocrx_word' id='word_1_37' title='bbox 535 818 689 911; x_wconf 90' lang='lat' dir='ltr'><strong>pecunia</strong></span> <span class='ocrx_word' id='word_1_38' title='bbox 708 815 805 912; x_wconf 85' lang='lat' dir='ltr'><strong>apud</strong></span> <span class='ocrx_word' id='word_1_39' title='bbox 823 840 883 899; x_wconf 80' lang='lat' dir='ltr'><strong>eas</strong></span> <span class='ocrx_word' id='word_1_40' title='bbox 896 820 1084 889; x_wconf 81' lang='lat' dir='ltr'>societates</span> <span class='ocrx_word' id='word_1_41' title='bbox 1096 814 1138 906; x_wconf 82' lang='lat'><strong>¹⁵,</strong></span> <span class='ocrx_word' id='word_1_42' title='bbox 1157 818 1255 890; x_wconf 90' lang='lat' dir='ltr'><strong>unde</strong></span> <span class='ocrx_word' id='word_1_43' title='bbox 1275 832 1353 890; x_wconf 84' lang='lat' dir='ltr'><strong>erat</strong></span> 
     </span>
     <span class='ocr_line' id='line_1_7' title="bbox 288 922 1352 1013; baseline 0.004 -19"><span class='ocrx_word' id='word_1_44' title='bbox 288 923 478 1009; x_wconf 84' lang='lat' dir='ltr'><strong>attributa,</strong></span> <span class='ocrx_word' id='word_1_45' title='bbox 505 922 601 994; x_wconf 89' lang='lat' dir='ltr'><strong>binis</strong></span> <span class='ocrx_word' id='word_1_46' title='bbox 622 927 824 996; x_wconf 88' lang='lat' dir='ltr'><strong>centesimis</strong></span> <span class='ocrx_word' id='word_1_47' title='bbox 837 922 868 969; x_wconf 82' lang='lat'><strong>¹⁶</strong></span> <span class='ocrx_word' id='word_1_48' title='bbox 889 923 1086 997; x_wconf 78' lang='lat' dir='ltr'><strong>foeiicratus</strong></span> <span class='ocrx_word' id='word_1_49' title='bbox 1108 942 1180 1011; x_wconf 85' lang='lat' dir='ltr'><strong>est;</strong></span> <span class='ocrx_word' id='word_1_50' title='bbox 1202 926 1352 1013; x_wconf 87' lang='lat' dir='ltr'><strong>deinde,</strong></span> 
     </span>
     <span class='ocr_line' id='line_1_8' title="bbox 190 1030 1352 1131; baseline 0.003 -30"><span class='ocrx_word' id='word_1_51' title='bbox 190 1030 194 1037; x_wconf 80' lang='grc'><strong>’</strong></span> <span class='ocrx_word' id='word_1_52' title='bbox 286 1033 474 1129; x_wconf 87' lang='lat' dir='ltr'><strong>permultis</strong></span> <span class='ocrx_word' id='word_1_53' title='bbox 498 1032 700 1104; x_wconf 90' lang='lat' dir='ltr'><strong>civitatibus</strong></span> <span class='ocrx_word' id='word_1_54' title='bbox 725 1060 792 1131; x_wconf 94' lang='lat' dir='ltr'><strong>pro</strong></span> <span class='ocrx_word' id='word_1_55' title='bbox 820 1033 1005 1107; x_wconf 84' lang='lat' dir='ltr'><strong>frumento</strong></span> <span class='ocrx_word' id='word_1_56' title='bbox 1031 1036 1121 1106; x_wconf 85' lang='lat' dir='ltr'><strong>nihil</strong></span> <span class='ocrx_word' id='word_1_57' title='bbox 1143 1035 1247 1106; x_wconf 89' lang='lat' dir='ltr'><strong>solvit</strong></span> <span class='ocrx_word' id='word_1_58' title='bbox 1272 1062 1352 1105; x_wconf 88' lang='lat' dir='ltr'><strong>orn-</strong></span> 
     </span>
     <span class='ocr_line' id='line_1_9' title="bbox 287 1141 1351 1237; baseline 0.003 -27"><span class='ocrx_word' id='word_1_59' title='bbox 287 1141 391 1228; x_wconf 80' lang='lat' dir='ltr'><strong>uin03</strong></span> <span class='ocrx_word' id='word_1_60' title='bbox 407 1155 610 1237; x_wconf 84' lang='lat' dir='ltr'><strong>postremo,</strong></span> <span class='ocrx_word' id='word_1_61' title='bbox 626 1146 654 1212; x_wconf 90' lang='lat' dir='ltr'><strong>si</strong></span> <span class='ocrx_word' id='word_1_62' title='bbox 667 1146 725 1213; x_wconf 94' lang='lat' dir='ltr'><strong>cui</strong></span> <span class='ocrx_word' id='word_1_63' title='bbox 738 1145 873 1215; x_wconf 85' lang='lat' dir='ltr'><strong>civitati</strong></span> <span class='ocrx_word' id='word_1_64' title='bbox 886 1144 1010 1233; x_wconf 88' lang='lat' dir='ltr'><strong>solvit,</strong></span> <span class='ocrx_word' id='word_1_65' title='bbox 1024 1160 1165 1216; x_wconf 81' lang='lat' dir='ltr'><strong>tantum</strong></span> <span class='ocrx_word' id='word_1_66' title='bbox 1180 1144 1351 1231; x_wconf 82' lang='lat' dir='ltr'><strong>detraxit,</strong></span> 
     </span>
     <span class='ocr_line' id='line_1_10' title="bbox 286 1251 1350 1353; baseline 0.004 -32"><span class='ocrx_word' id='word_1_67' title='bbox 286 1265 465 1346; x_wconf 88' lang='lat' dir='ltr'><strong>quantum</strong></span> <span class='ocrx_word' id='word_1_68' title='bbox 488 1251 719 1323; x_wconf 88' lang='lat' dir='ltr'><strong>commodum</strong></span> <span class='ocrx_word' id='word_1_69' title='bbox 743 1252 867 1342; x_wconf 82' lang='lat' dir='ltr'><strong>fuit¹73</strong></span> <span class='ocrx_word' id='word_1_70' title='bbox 890 1255 1002 1342; x_wconf 90' lang='lat' dir='ltr'><strong>nulli,</strong></span> <span class='ocrx_word' id='word_1_71' title='bbox 1025 1252 1164 1353; x_wconf 80' lang='lat' dir='ltr'><strong>quod¹⁸</strong></span> <span class='ocrx_word' id='word_1_72' title='bbox 1186 1254 1350 1326; x_wconf 88' lang='lat' dir='ltr'><strong>debitum</strong></span> 
     </span>
     <span class='ocr_line' id='line_1_11' title="bbox 288 1358 1191 1447; baseline 0.003 -17"><span class='ocrx_word' id='word_1_73' title='bbox 288 1374 358 1447; x_wconf 86' lang='lat' dir='ltr'><strong>est,</strong></span> <span class='ocrx_word' id='word_1_74' title='bbox 379 1358 547 1430; x_wconf 86' lang='lat' dir='ltr'><strong>reddidit.</strong></span> <span class='ocrx_word' id='word_1_75' title='bbox 1190 1426 1191 1433; x_wconf 71' lang='grc'>,</span> 
     </span>
    </p>

    <p class='ocr_par' dir='ltr' id='par_1_4' title="bbox 285 1472 1351 1790">
     <span class='ocr_line' id='line_1_12' title="bbox 331 1472 1349 1572; baseline 0.004 -34"><span class='ocrx_word' id='word_1_76' title='bbox 331 1472 453 1539; x_wconf 85' lang='lat' dir='ltr'><strong>LXXI.</strong></span> <span class='ocrx_word' id='word_1_77' title='bbox 480 1476 526 1540; x_wconf 82' lang='lat' dir='ltr'><strong>Ac</strong></span> <span class='ocrx_word' id='word_1_78' title='bbox 553 1474 713 1567; x_wconf 78' lang='lat' dir='ltr'><strong>primum·</strong></span> <span class='ocrx_word' id='word_1_79' title='bbox 720 1484 730 1516; x_wconf 91' lang='lat'>¹</span> <span class='ocrx_word' id='word_1_80' title='bbox 755 1472 826 1545; x_wconf 91' lang='lat' dir='ltr'><strong>hoc</strong></span> <span class='ocrx_word' id='word_1_81' title='bbox 851 1489 955 1544; x_wconf 84' lang='lat' dir='ltr'><strong>exte</strong></span> <span class='ocrx_word' id='word_1_82' title='bbox 982 1499 1127 1571; x_wconf 83' lang='lat' dir='ltr'><strong>quaero:</strong></span> <span class='ocrx_word' id='word_1_83' title='bbox 1146 1472 1260 1572; x_wconf 78' lang='lat' dir='ltr'><strong>[tu]²,</strong></span> <span class='ocrx_word' id='word_1_84' title='bbox 1291 1477 1349 1543; x_wconf 91' lang='lat' dir='ltr'><strong>cui</strong></span> 
     </span>
     <span class='ocr_line' id='line_1_13' title="bbox 285 1577 1351 1680; baseline 0.003 -32"><span class='ocrx_word' id='word_1_85' title='bbox 285 1577 466 1676; x_wconf 89' lang='lat' dir='ltr'><strong>publicani</strong></span> <span class='ocrx_word' id='word_1_86' title='bbox 476 1606 519 1651; x_wconf 85' lang='lat' dir='ltr'><strong>ex</strong></span> <span class='ocrx_word' id='word_1_87' title='bbox 529 1583 723 1677; x_wconf 83' lang='lat' dir='ltr'><strong>Carpinatii</strong></span> <span class='ocrx_word' id='word_1_88' title='bbox 732 1582 844 1653; x_wconf 90' lang='lat' dir='ltr'><strong>literis</strong></span> <span class='ocrx_word' id='word_1_89' title='bbox 853 1580 1184 1680; x_wconf 82' lang='lat' dir='ltr'><strong>gratiasegerunt³;</strong></span> <span class='ocrx_word' id='word_1_90' title='bbox 1197 1583 1351 1680; x_wconf 83' lang='lat' dir='ltr'><strong>pecunia</strong></span> 
     </span>
     <span class='ocr_line' id='line_1_14' title="bbox 287 1686 1350 1790; baseline 0.002 -33"><span class='ocrx_word' id='word_1_91' title='bbox 287 1686 428 1784; x_wconf 89' lang='lat' dir='ltr'><strong>publica</strong></span> <span class='ocrx_word' id='word_1_92' title='bbox 442 1715 486 1761; x_wconf 85' lang='lat' dir='ltr'><strong>ex</strong></span> <span class='ocrx_word' id='word_1_93' title='bbox 504 1692 628 1762; x_wconf 65' lang='lat' dir='ltr'><strong>{erario</strong></span> <span class='ocrx_word' id='word_1_94' title='bbox 645 1709 809 1789; x_wconf 85' lang='lat' dir='ltr'><strong>erogata,</strong></span> <span class='ocrx_word' id='word_1_95' title='bbox 832 1718 877 1763; x_wconf 84' lang='lat' dir='ltr'><strong>ex</strong></span> <span class='ocrx_word' id='word_1_96' title='bbox 892 1693 1127 1789; x_wconf 84' lang='lat' dir='ltr'><strong>vectigalibus</strong></span> <span class='ocrx_word' id='word_1_97' title='bbox 1148 1692 1277 1790; x_wconf 92' lang='lat' dir='ltr'><strong>populi</strong></span> <span class='ocrx_word' id='word_1_98' title='bbox 1292 1717 1350 1760; x_wconf 89' lang='lat' dir='ltr'><strong>ro-</strong></span> 
     </span>
    </p>
   </div>
   <div class='ocr_carea' id='block_1_4' title="bbox 286 1799 1523 1899">
    <p class='ocr_par' dir='ltr' id='par_1_5' title="bbox 286 1799 1523 1899">
     <span class='ocr_line' id='line_1_15' title="bbox 286 1799 1523 1899; baseline 0.001 -31"><span class='ocrx_word' id='word_1_99' title='bbox 286 1800 383 1869; x_wconf 88' lang='lat' dir='ltr'><strong>mani</strong></span> <span class='ocrx_word' id='word_1_100' title='bbox 400 1800 444 1870; x_wconf 89' lang='lat' dir='ltr'><strong>ad</strong></span> <span class='ocrx_word' id='word_1_101' title='bbox 461 1800 655 1872; x_wconf 85' lang='lat' dir='ltr'><strong>emendum</strong></span> <span class='ocrx_word' id='word_1_102' title='bbox 670 1799 893 1871; x_wconf 84' lang='lat' dir='ltr'><strong>frumentum</strong></span> <span class='ocrx_word' id='word_1_103' title='bbox 908 1801 1097 1885; x_wconf 83' lang='lat' dir='ltr'><strong>attributa,</strong></span> <span class='ocrx_word' id='word_1_104' title='bbox 1114 1799 1270 1871; x_wconf 86' lang='lat' dir='ltr'><strong>fueritne</strong></span> <span class='ocrx_word' id='word_1_105' title='bbox 1284 1799 1349 1870; x_wconf 89' lang='lat' dir='ltr'><strong>tibi</strong></span> <span class='ocrx_word' id='word_1_106' title='bbox 1430 1888 1434 1899; x_wconf 77' lang='lat'><strong>.</strong></span> <span class='ocrx_word' id='word_1_107' title='bbox 1519 1866 1523 1877; x_wconf 83' lang='grc'>,</span> 
     </span>
    </p>
   </div>
   <div class='ocr_carea' id='block_1_5' title="bbox 284 1908 1350 2340">
    <p class='ocr_par' dir='ltr' id='par_1_6' title="bbox 284 1908 1350 2340">
     <span class='ocr_line' id='line_1_16' title="bbox 286 1908 1350 2009; baseline -0.001 -29"><span class='ocrx_word' id='word_1_108' title='bbox 286 1915 438 2007; x_wconf 82' lang='lat' dir='ltr'><strong>quoestui</strong></span> <span class='ocrx_word' id='word_1_109' title='bbox 451 1911 465 1981; x_wconf 76' lang='lat' dir='ltr'><strong>i</strong></span> <span class='ocrx_word' id='word_1_110' title='bbox 479 1912 715 2009; x_wconf 82' lang='lat' dir='ltr'><strong>pensitaritne</strong></span> <span class='ocrx_word' id='word_1_111' title='bbox 731 1909 798 1980; x_wconf 89' lang='lat' dir='ltr'><strong>tibi</strong></span> <span class='ocrx_word' id='word_1_112' title='bbox 814 1910 919 1981; x_wconf 86' lang='lat' dir='ltr'><strong>binas</strong></span> <span class='ocrx_word' id='word_1_113' title='bbox 933 1913 1169 1981; x_wconf 84' lang='lat' dir='ltr'><strong>centesimas?</strong></span> <span class='ocrx_word' id='word_1_114' title='bbox 1182 1908 1300 1981; x_wconf 86' lang='lat' dir='ltr'><strong>Credo</strong></span> <span class='ocrx_word' id='word_1_115' title='bbox 1314 1924 1350 1979; x_wconf 89' lang='lat' dir='ltr'><strong>te</strong></span> 
     </span>
     <span class='ocr_line' id='line_1_17' title="bbox 285 2019 1348 2121; baseline -0.004 -29"><span class='ocrx_word' id='word_1_116' title='bbox 285 2039 501 2117; x_wconf 82' lang='lat' dir='ltr'><strong>negaturum</strong></span> <span class='ocrx_word' id='word_1_117' title='bbox 518 2024 657 2120; x_wconf 90' lang='lat' dir='ltr'><strong>:turpis</strong></span> <span class='ocrx_word' id='word_1_118' title='bbox 683 2027 779 2093; x_wconf 89' lang='lat' dir='ltr'><strong>enim</strong></span> <span class='ocrx_word' id='word_1_119' title='bbox 801 2038 856 2094; x_wconf 87' lang='lat' dir='ltr'><strong>est</strong></span> <span class='ocrx_word' id='word_1_120' title='bbox 877 2038 914 2093; x_wconf 88' lang='lat' dir='ltr'><strong>et</strong></span> <span class='ocrx_word' id='word_1_121' title='bbox 938 2024 1140 2121; x_wconf 86' lang='lat' dir='ltr'><strong>periculosa</strong></span> <span class='ocrx_word' id='word_1_122' title='bbox 1158 2019 1348 2093; x_wconf 86' lang='lat' dir='ltr'><strong>confessio.</strong></span> 
     </span>
     <span class='ocr_line' id='line_1_18' title="bbox 284 2130 1348 2229; baseline 0 -29"><span class='ocrx_word' id='word_1_123' title='bbox 284 2132 373 2202; x_wconf 91' lang='lat' dir='ltr'><strong>Mihi</strong></span> <span class='ocrx_word' id='word_1_124' title='bbox 385 2148 506 2203; x_wconf 88' lang='lat' dir='ltr'><strong>autem</strong></span> <span class='ocrx_word' id='word_1_125' title='bbox 518 2130 590 2202; x_wconf 88' lang='lat' dir='ltr'><strong>hoc</strong></span> <span class='ocrx_word' id='word_1_126' title='bbox 603 2131 823 2229; x_wconf 83' lang='lat' dir='ltr'><strong>perarduum</strong></span> <span class='ocrx_word' id='word_1_127' title='bbox 841 2148 896 2204; x_wconf 86' lang='lat' dir='ltr'><strong>est</strong></span> <span class='ocrx_word' id='word_1_128' title='bbox 909 2131 1158 2204; x_wconf 82' lang='lat' dir='ltr'><strong>demonstrare</strong></span> <span class='ocrx_word' id='word_1_129' title='bbox 1173 2158 1180 2199; x_wconf 94' lang='lat'><strong>:</strong></span> <span class='ocrx_word' id='word_1_130' title='bbox 1197 2132 1348 2228; x_wconf 72' lang='lat' dir='ltr'><strong>quibust</strong></span> 
     </span>
     <span class='ocr_line' id='line_1_19' title="bbox 284 2241 1349 2340; baseline -0.004 -27"><span class='ocrx_word' id='word_1_131' title='bbox 284 2245 379 2315; x_wconf 87' lang='lat' dir='ltr'><strong>enim</strong></span> <span class='ocrx_word' id='word_1_132' title='bbox 407 2241 581 2313; x_wconf 81' lang='lat' dir='ltr'><strong>testibus?</strong></span> <span class='ocrx_word' id='word_1_133' title='bbox 601 2241 824 2340; x_wconf 78' lang='lat' dir='ltr'><strong>publicanis?</strong></span> <span class='ocrx_word' id='word_1_134' title='bbox 851 2247 990 2315; x_wconf 85' lang='lat' dir='ltr'><strong>tractati</strong></span> <span class='ocrx_word' id='word_1_135' title='bbox 1018 2241 1217 2313; x_wconf 87' lang='lat' dir='ltr'><strong>honorifice</strong></span> <span class='ocrx_word' id='word_1_136' title='bbox 1245 2255 1349 2312; x_wconf 84' lang='lat' dir='ltr'><strong>s&#39;unt:</strong></span> 
     </span>
    </p>
   </div>
   <div class='ocr_carea' id='block_1_6' title="bbox 282 2510 1349 2892">
    <p class='ocr_par' dir='ltr' id='par_1_7' title="bbox 282 2510 1349 2736">
     <span class='ocr_line' id='line_1_20' title="bbox 323 2510 1349 2577; baseline 0.001 -21"><span class='ocrx_word' id='word_1_137' title='bbox 323 2512 362 2557; x_wconf 78' lang='lat'><strong>13.</strong></span> <span class='ocrx_word' id='word_1_138' title='bbox 377 2510 487 2559; x_wconf 73' lang='lat' dir='ltr'><strong>Prolati.</strong></span> <span class='ocrx_word' id='word_1_139' title='bbox 500 2510 650 2558; x_wconf 75' lang='lat' dir='ltr'><strong>Persuaderi.</strong></span> <span class='ocrx_word' id='word_1_140' title='bbox 662 2511 733 2559; x_wconf 87' lang='lat' dir='ltr'><strong>Nihil</strong></span> <span class='ocrx_word' id='word_1_141' title='bbox 745 2511 791 2560; x_wconf 79' lang='lat' dir='ltr'><strong>linc</strong></span> <span class='ocrx_word' id='word_1_142' title='bbox 837 2515 928 2574; x_wconf 86' lang='lat' dir='ltr'><strong>scelus,</strong></span> <span class='ocrx_word' id='word_1_143' title='bbox 944 2514 970 2563; x_wconf 82' lang='lat'><strong>1⁰</strong></span> <span class='ocrx_word' id='word_1_144' title='bbox 979 2531 1075 2563; x_wconf 81' lang='lat' dir='ltr'><strong>usuram</strong></span> <span class='ocrx_word' id='word_1_145' title='bbox 1093 2514 1255 2577; x_wconf 70' lang='lat' dir='ltr'><strong>illegitimum</strong></span> <span class='ocrx_word' id='word_1_146' title='bbox 1268 2511 1296 2558; x_wconf 73' lang='lat'><strong>2⁰</strong></span> <span class='ocrx_word' id='word_1_147' title='bbox 1311 2511 1349 2558; x_wconf 89' lang='lat' dir='ltr'><strong>ln-</strong></span> 
     </span>
     <span class='ocr_line' id='line_1_21' title="bbox 282 2588 1050 2657; baseline 0.009 -20"><span class='ocrx_word' id='word_1_148' title='bbox 282 2590 401 2638; x_wconf 83' lang='lat' dir='ltr'><strong>seutentia</strong></span> <span class='ocrx_word' id='word_1_149' title='bbox 414 2588 549 2653; x_wconf 82' lang='lat' dir='ltr'><strong>pulchrius,</strong></span> <span class='ocrx_word' id='word_1_150' title='bbox 558 2605 606 2651; x_wconf 86' lang='lat' dir='ltr'><strong>qua</strong></span> <span class='ocrx_word' id='word_1_151' title='bbox 614 2588 700 2637; x_wconf 85' lang='lat' dir='ltr'><strong>Cicero</strong></span> <span class='ocrx_word' id='word_1_152' title='bbox 709 2592 794 2653; x_wconf 84' lang='lat' dir='ltr'><strong>paneis</strong></span> <span class='ocrx_word' id='word_1_153' title='bbox 837 2593 942 2641; x_wconf 77' lang='lat' dir='ltr'><strong>debitam</strong></span> <span class='ocrx_word' id='word_1_154' title='bbox 960 2595 1050 2657; x_wconf 76' lang='lat' dir='ltr'><strong>exegit.</strong></span> 
     </span>
     <span class='ocr_line' id='line_1_22' title="bbox 283 2667 1260 2736; baseline 0.003 -21"><span class='ocrx_word' id='word_1_155' title='bbox 283 2669 362 2716; x_wconf 85' lang='lat' dir='ltr'><strong>verbis</strong></span> <span class='ocrx_word' id='word_1_156' title='bbox 372 2668 453 2716; x_wconf 87' lang='lat' dir='ltr'><strong>omnin</strong></span> <span class='ocrx_word' id='word_1_157' title='bbox 462 2667 522 2715; x_wconf 87' lang='lat' dir='ltr'><strong>boni</strong></span> <span class='ocrx_word' id='word_1_158' title='bbox 535 2667 673 2717; x_wconf 76' lang='lat' dir='ltr'><strong>inhonesti</strong></span> <span class='ocrx_word' id='word_1_159' title='bbox 687 2669 793 2717; x_wconf 75' lang='lat' dir='ltr'><strong>oratoris</strong></span> <span class='ocrx_word' id='word_1_160' title='bbox 875 2688 916 2733; x_wconf 82' lang='lat'><strong>¹7·</strong></span> <span class='ocrx_word' id='word_1_161' title='bbox 930 2672 1086 2720; x_wconf 82' lang='lat' dir='ltr'><strong>Commodum</strong></span> <span class='ocrx_word' id='word_1_162' title='bbox 1091 2672 1155 2736; x_wconf 83' lang='lat' dir='ltr'><strong>juit.</strong></span> <span class='ocrx_word' id='word_1_163' title='bbox 1169 2669 1260 2718; x_wconf 84' lang='lat' dir='ltr'><strong>Libuit.</strong></span> 
     </span>
    </p>

    <p class='ocr_par' dir='ltr' id='par_1_8' title="bbox 836 2749 1346 2892">
     <span class='ocr_line' id='line_1_23' title="bbox 875 2749 1346 2811; baseline -0.004 -15"><span class='ocrx_word' id='word_1_164' title='bbox 875 2750 915 2798; x_wconf 79' lang='lat'><strong>18.</strong></span> <span class='ocrx_word' id='word_1_165' title='bbox 931 2750 1004 2811; x_wconf 83' lang='lat' dir='ltr'><strong>Quod</strong></span> <span class='ocrx_word' id='word_1_166' title='bbox 1009 2750 1116 2796; x_wconf 79' lang='lat' dir='ltr'><strong>debitum</strong></span> <span class='ocrx_word' id='word_1_167' title='bbox 1124 2749 1263 2795; x_wconf 83' lang='lat' dir='ltr'><strong>est.Totnm</strong></span> <span class='ocrx_word' id='word_1_168' title='bbox 1273 2763 1346 2796; x_wconf 83' lang='lat' dir='ltr'><strong>omne</strong></span> 
     </span>
     <span class='ocr_line' id='line_1_24' title="bbox 836 2827 1176 2892; baseline -0.003 -17"><span class='ocrx_word' id='word_1_169' title='bbox 836 2828 903 2892; x_wconf 89' lang='lat' dir='ltr'><strong>quod</strong></span> <span class='ocrx_word' id='word_1_170' title='bbox 916 2827 1019 2876; x_wconf 79' lang='lat' dir='ltr'><strong>debebat</strong></span> <span class='ocrx_word' id='word_1_171' title='bbox 1032 2828 1176 2892; x_wconf 85' lang='lat' dir='ltr'><strong>respublica.</strong></span> 
     </span>
    </p>
   </div>
   <div class='ocr_carea' id='block_1_7' title="bbox 872 2908 1347 2973">
    <p class='ocr_par' dir='ltr' id='par_1_9' title="bbox 872 2908 1347 2973">
     <span class='ocr_line' id='line_1_25' title="bbox 872 2908 1347 2973; baseline 0.006 -19"><span class='ocrx_word' id='word_1_172' title='bbox 872 2909 962 2957; x_wconf 84' lang='lat' dir='ltr'><strong>LXXI.</strong></span> <span class='ocrx_word' id='word_1_173' title='bbox 973 2923 994 2957; x_wconf 88' lang='lat'><strong>1.</strong></span> <span class='ocrx_word' id='word_1_174' title='bbox 1002 2911 1040 2956; x_wconf 80' lang='lat' dir='ltr'><strong>Ac</strong></span> <span class='ocrx_word' id='word_1_175' title='bbox 1045 2908 1162 2973; x_wconf 83' lang='lat' dir='ltr'><strong>primum.</strong></span> <span class='ocrx_word' id='word_1_176' title='bbox 1176 2909 1254 2957; x_wconf 80' lang='lat' dir='ltr'><strong>Prima</strong></span> <span class='ocrx_word' id='word_1_177' title='bbox 1264 2924 1347 2956; x_wconf 78' lang='lat' dir='ltr'><strong>nunu·</strong></span> 
     </span>
    </p>
   </div>
   <div class='ocr_carea' id='block_1_8' title="bbox 229 2827 794 2970">
    <p class='ocr_par' dir='ltr' id='par_1_10' title="bbox 229 2827 794 2970">
     <span class='ocr_line' id='line_1_26' title="bbox 229 2827 599 2897; baseline -0.011 -20"><span class='ocrx_word' id='word_1_178' title='bbox 229 2890 232 2897; x_wconf 33' lang='grc'>1</span> <span class='ocrx_word' id='word_1_179' title='bbox 321 2838 362 2886; x_wconf 72' lang='grc' dir='ltr'><strong>ι4.</strong></span> <span class='ocrx_word' id='word_1_180' title='bbox 375 2831 405 2875; x_wconf 86' lang='lat' dir='ltr'><strong>In</strong></span> <span class='ocrx_word' id='word_1_181' title='bbox 421 2827 475 2877; x_wconf 79' lang='lat' dir='ltr'><strong>lsac.</strong></span> <span class='ocrx_word' id='word_1_182' title='bbox 490 2827 599 2876; x_wconf 77' lang='lat' dir='ltr'><strong>Partitio.</strong></span> 
     </span>
     <span class='ocr_line' id='line_1_27' title="bbox 321 2905 794 2970; baseline -0.004 -13"><span class='ocrx_word' id='word_1_183' title='bbox 321 2910 351 2957; x_wconf 86' lang='lat'><strong>15</strong></span> <span class='ocrx_word' id='word_1_184' title='bbox 354 2942 360 2956; x_wconf 91' lang='lat'><strong>.</strong></span> <span class='ocrx_word' id='word_1_185' title='bbox 369 2908 507 2956; x_wconf 78' lang='lat' dir='ltr'><strong>Societates.</strong></span> <span class='ocrx_word' id='word_1_186' title='bbox 519 2905 707 2956; x_wconf 74' lang='lat' dir='ltr'><strong>publicanorum</strong></span> <span class='ocrx_word' id='word_1_187' title='bbox 717 2925 731 2956; x_wconf 85' lang='lat' dir='ltr'><strong>a</strong></span> <span class='ocrx_word' id='word_1_188' title='bbox 740 2908 794 2970; x_wconf 89' lang='lat' dir='ltr'><strong>qui·</strong></span> 
     </span>
    </p>
   </div>
   <div class='ocr_carea' id='block_1_9' title="bbox 190 2988 790 3051">
    <p class='ocr_par' dir='ltr' id='par_1_11' title="bbox 190 2988 790 3051">
     <span class='ocr_line' id='line_1_28' title="bbox 190 2988 790 3051; baseline -0.003 -15"><span class='ocrx_word' id='word_1_189' title='bbox 190 3026 194 3031; x_wconf 88' lang='lat'><strong>.</strong></span> <span class='ocrx_word' id='word_1_190' title='bbox 283 2990 328 3039; x_wconf 85' lang='lat' dir='ltr'><strong>bus</strong></span> <span class='ocrx_word' id='word_1_191' title='bbox 341 2988 489 3036; x_wconf 73' lang='lat' dir='ltr'><strong>numeranda</strong></span> <span class='ocrx_word' id='word_1_192' title='bbox 498 2999 549 3036; x_wconf 86' lang='lat' dir='ltr'><strong>erat</strong></span> <span class='ocrx_word' id='word_1_193' title='bbox 562 2988 662 3051; x_wconf 76' lang='lat' dir='ltr'><strong>pretori</strong></span> <span class='ocrx_word' id='word_1_194' title='bbox 675 3004 705 3035; x_wconf 81' lang='lat' dir='ltr'><strong>ex</strong></span> <span class='ocrx_word' id='word_1_195' title='bbox 723 3003 790 3035; x_wconf 83' lang='lat' dir='ltr'><strong>sena·</strong></span> 
     </span>
    </p>
   </div>
   <div class='ocr_carea' id='block_1_10' title="bbox 282 3069 794 3194">
    <p class='ocr_par' dir='ltr' id='par_1_12' title="bbox 282 3069 794 3194">
     <span class='ocr_line' id='line_1_29' title="bbox 282 3069 553 3118; baseline 0.004 -1"><span class='ocrx_word' id='word_1_196' title='bbox 282 3081 321 3117; x_wconf 83' lang='lat' dir='ltr'><strong>tus</strong></span> <span class='ocrx_word' id='word_1_197' title='bbox 331 3069 454 3117; x_wconf 87' lang='lat' dir='ltr'><strong>consulto.</strong></span> <span class='ocrx_word' id='word_1_198' title='bbox 533 3104 553 3118; x_wconf 74' lang='lat'><strong>.,</strong></span> 
     </span>
     <span class='ocr_line' id='line_1_30' title="bbox 320 3145 794 3194; baseline -0.004 -1"><span class='ocrx_word' id='word_1_199' title='bbox 320 3149 359 3194; x_wconf 84' lang='lat' dir='ltr'><strong>rli.</strong></span> <span class='ocrx_word' id='word_1_200' title='bbox 374 3147 441 3192; x_wconf 70' lang='lat' dir='ltr'><strong>Ilitu&#39;s</strong></span> <span class='ocrx_word' id='word_1_201' title='bbox 453 3145 595 3193; x_wconf 73' lang='lat' dir='ltr'><strong>centesimis.</strong></span> <span class='ocrx_word' id='word_1_202' title='bbox 609 3145 718 3193; x_wconf 81' lang='lat' dir='ltr'><strong>Snbaud:</strong></span> <span class='ocrx_word' id='word_1_203' title='bbox 730 3160 794 3192; x_wconf 85' lang='lat' dir='ltr'><strong>men·</strong></span> 
     </span>
    </p>
   </div>
   <div class='ocr_carea' id='block_1_11' title="bbox 281 3223 792 3527">
    <p class='ocr_par' dir='ltr' id='par_1_13' title="bbox 281 3223 792 3527">
     <span class='ocr_line' id='line_1_31' title="bbox 281 3223 792 3287; baseline -0.006 -14"><span class='ocrx_word' id='word_1_204' title='bbox 281 3224 363 3273; x_wconf 63' lang='lat' dir='ltr'><strong>seruit.</strong></span> <span class='ocrx_word' id='word_1_205' title='bbox 376 3224 482 3286; x_wconf 71' lang='lat' dir='ltr'><strong>Singulis</strong></span> <span class='ocrx_word' id='word_1_206' title='bbox 499 3223 609 3271; x_wconf 72' lang='lat' dir='ltr'><strong>kalendis</strong></span> <span class='ocrx_word' id='word_1_207' title='bbox 620 3240 675 3287; x_wconf 80' lang='lat' dir='ltr'><strong>pars</strong></span> <span class='ocrx_word' id='word_1_208' title='bbox 694 3223 792 3287; x_wconf 79' lang='lat' dir='ltr'><strong>rapide,</strong></span> 
     </span>
     <span class='ocr_line' id='line_1_32' title="bbox 282 3302 792 3365; baseline -0.002 -14"><span class='ocrx_word' id='word_1_209' title='bbox 282 3321 324 3351; x_wconf 84' lang='lat' dir='ltr'><strong>sen</strong></span> <span class='ocrx_word' id='word_1_210' title='bbox 332 3305 417 3359; x_wconf 84' lang='lat' dir='ltr'><strong>sortis,</strong></span> <span class='ocrx_word' id='word_1_211' title='bbox 426 3302 567 3359; x_wconf 79' lang='lat' dir='ltr'><strong>centesima,</strong></span> <span class='ocrx_word' id='word_1_212' title='bbox 578 3318 644 3350; x_wconf 83' lang='lat' dir='ltr'><strong>more</strong></span> <span class='ocrx_word' id='word_1_213' title='bbox 654 3312 677 3350; x_wconf 83' lang='lat' dir='ltr'><strong>et</strong></span> <span class='ocrx_word' id='word_1_214' title='bbox 685 3302 792 3365; x_wconf 78' lang='lat' dir='ltr'><strong>legibus,</strong></span> 
     </span>
     <span class='ocr_line' id='line_1_33' title="bbox 282 3380 792 3445; baseline -0.002 -13"><span class='ocrx_word' id='word_1_215' title='bbox 282 3383 397 3432; x_wconf 83' lang='lat' dir='ltr'><strong>creditori</strong></span> <span class='ocrx_word' id='word_1_216' title='bbox 410 3380 576 3445; x_wconf 73' lang='lat' dir='ltr'><strong>pendebatur,</strong></span> <span class='ocrx_word' id='word_1_217' title='bbox 588 3397 667 3429; x_wconf 79' lang='lat' dir='ltr'><strong>usnrae</strong></span> <span class='ocrx_word' id='word_1_218' title='bbox 682 3383 792 3431; x_wconf 86' lang='lat' dir='ltr'><strong>nomine:</strong></span> 
     </span>
     <span class='ocr_line' id='line_1_34' title="bbox 281 3460 792 3527; baseline -0.004 -16"><span class='ocrx_word' id='word_1_219' title='bbox 281 3480 336 3527; x_wconf 75' lang='lat' dir='ltr'><strong>quse</strong></span> <span class='ocrx_word' id='word_1_220' title='bbox 348 3477 420 3509; x_wconf 85' lang='lat' dir='ltr'><strong>usura</strong></span> <span class='ocrx_word' id='word_1_221' title='bbox 432 3460 489 3507; x_wconf 84' lang='lat' dir='ltr'><strong>ideo</strong></span> <span class='ocrx_word' id='word_1_222' title='bbox 506 3462 635 3508; x_wconf 83' lang='lat' dir='ltr'><strong>centesirna</strong></span> <span class='ocrx_word' id='word_1_223' title='bbox 649 3462 792 3520; x_wconf 81' lang='lat' dir='ltr'><strong>dicebatur,</strong></span> 
     </span>
    </p>
   </div>
   <div class='ocr_carea' id='block_1_12' title="bbox 202 3540 792 3607">
    <p class='ocr_par' dir='ltr' id='par_1_14' title="bbox 202 3540 792 3607">
     <span class='ocr_line' id='line_1_35' title="bbox 202 3540 792 3607; baseline -0.02 -13"><span class='ocrx_word' id='word_1_224' title='bbox 202 3588 205 3601; x_wconf 83' lang='lat'><strong><em>‚</em></strong></span> <span class='ocrx_word' id='word_1_225' title='bbox 280 3542 349 3607; x_wconf 89' lang='lat' dir='ltr'><strong>quod</strong></span> <span class='ocrx_word' id='word_1_226' title='bbox 361 3540 492 3589; x_wconf 85' lang='lat' dir='ltr'><strong>centesimo</strong></span> <span class='ocrx_word' id='word_1_227' title='bbox 506 3554 587 3586; x_wconf 82' lang='lat' dir='ltr'><strong>mense</strong></span> <span class='ocrx_word' id='word_1_228' title='bbox 602 3552 692 3586; x_wconf 82' lang='lat' dir='ltr'><strong>sortem</strong></span> <span class='ocrx_word' id='word_1_229' title='bbox 712 3556 792 3603; x_wconf 70' lang='lat' dir='ltr'><strong>sequa-</strong></span> 
     </span>
    </p>
   </div>
   <div class='ocr_carea' id='block_1_13' title="bbox 281 3620 791 3672">
    <p class='ocr_par' dir='ltr' id='par_1_15' title="bbox 281 3620 791 3672">
     <span class='ocr_line' id='line_1_36' title="bbox 281 3620 791 3672; baseline -0.01 -1"><span class='ocrx_word' id='word_1_230' title='bbox 281 3635 325 3672; x_wconf 83' lang='lat' dir='ltr'><strong>ret.</strong></span> <span class='ocrx_word' id='word_1_231' title='bbox 336 3620 369 3670; x_wconf 77' lang='lat' dir='ltr'><strong>At</strong></span> <span class='ocrx_word' id='word_1_232' title='bbox 385 3623 432 3668; x_wconf 85' lang='lat' dir='ltr'><strong>ists</strong></span> <span class='ocrx_word' id='word_1_233' title='bbox 444 3620 534 3666; x_wconf 80' lang='lat' dir='ltr'><strong>Verres</strong></span> <span class='ocrx_word' id='word_1_234' title='bbox 544 3634 596 3665; x_wconf 89' lang='lat' dir='ltr'><strong>non</strong></span> <span class='ocrx_word' id='word_1_235' title='bbox 606 3629 737 3666; x_wconf 82' lang='lat' dir='ltr'><strong>contentus</strong></span> <span class='ocrx_word' id='word_1_236' title='bbox 750 3630 791 3667; x_wconf 90' lang='lat' dir='ltr'><strong>ut·</strong></span> 
     </span>
    </p>
   </div>
   <div class='ocr_carea' id='block_1_14' title="bbox 835 2986 1351 3683">
    <p class='ocr_par' dir='ltr' id='par_1_16' title="bbox 836 2986 1269 3053">
     <span class='ocr_line' id='line_1_37' title="bbox 836 2986 1269 3053; baseline 0.009 -21"><span class='ocrx_word' id='word_1_237' title='bbox 836 2987 872 3033; x_wconf 86' lang='lat' dir='ltr'><strong>tio</strong></span> <span class='ocrx_word' id='word_1_238' title='bbox 884 2986 915 3033; x_wconf 88' lang='lat' dir='ltr'><strong>de</strong></span> <span class='ocrx_word' id='word_1_239' title='bbox 925 2987 1083 3037; x_wconf 80' lang='lat' dir='ltr'><strong>foeneratione</strong></span> <span class='ocrx_word' id='word_1_240' title='bbox 1096 2989 1129 3038; x_wconf 84' lang='lat' dir='ltr'><strong>sd</strong></span> <span class='ocrx_word' id='word_1_241' title='bbox 1139 3000 1212 3053; x_wconf 65' lang='lat' dir='ltr'><strong>caput</strong></span> <span class='ocrx_word' id='word_1_242' title='bbox 1224 2991 1269 3050; x_wconf 79' lang='lat'><strong>73.</strong></span> 
     </span>
    </p>

    <p class='ocr_par' dir='ltr' id='par_1_17' title="bbox 835 3066 1351 3683">
     <span class='ocr_line' id='line_1_38' title="bbox 872 3066 1350 3125; baseline 0.002 -13"><span class='ocrx_word' id='word_1_243' title='bbox 872 3082 896 3114; x_wconf 80' lang='lat' dir='ltr'><strong>a.</strong></span> <span class='ocrx_word' id='word_1_244' title='bbox 910 3069 953 3114; x_wconf 81' lang='lat' dir='ltr'><strong>Tu.</strong></span> <span class='ocrx_word' id='word_1_245' title='bbox 963 3069 1073 3116; x_wconf 85' lang='lat' dir='ltr'><strong>Verbum</strong></span> <span class='ocrx_word' id='word_1_246' title='bbox 1086 3068 1180 3117; x_wconf 80' lang='lat' dir='ltr'><strong>nullutn</strong></span> <span class='ocrx_word' id='word_1_247' title='bbox 1191 3079 1240 3125; x_wconf 84' lang='lat' dir='ltr'><strong>est,</strong></span> <span class='ocrx_word' id='word_1_248' title='bbox 1252 3068 1291 3115; x_wconf 87' lang='lat' dir='ltr'><strong>cui</strong></span> <span class='ocrx_word' id='word_1_249' title='bbox 1301 3066 1350 3114; x_wconf 84' lang='lat' dir='ltr'><strong>hoc</strong></span> 
     </span>
     <span class='ocr_line' id='line_1_39' title="bbox 835 3147 1350 3212; baseline -0.006 -18"><span class='ocrx_word' id='word_1_250' title='bbox 835 3162 972 3210; x_wconf 84' lang='lat' dir='ltr'><strong>pronomen</strong></span> <span class='ocrx_word' id='word_1_251' title='bbox 986 3149 1147 3212; x_wconf 76' lang='lat' dir='ltr'><strong>respondent:</strong></span> <span class='ocrx_word' id='word_1_252' title='bbox 1161 3147 1299 3195; x_wconf 87' lang='lat' dir='ltr'><strong>Schellerus</strong></span> <span class='ocrx_word' id='word_1_253' title='bbox 1309 3161 1350 3192; x_wconf 85' lang='lat' dir='ltr'><strong>vo·</strong></span> 
     </span>
     <span class='ocr_line' id='line_1_40' title="bbox 836 3226 1347 3292; baseline -0.008 -18"><span class='ocrx_word' id='word_1_254' title='bbox 836 3229 943 3275; x_wconf 79' lang='lat' dir='ltr'><strong>nativum</strong></span> <span class='ocrx_word' id='word_1_255' title='bbox 955 3240 1036 3292; x_wconf 76' lang='lat' dir='ltr'><strong>putat.</strong></span> <span class='ocrx_word' id='word_1_256' title='bbox 1052 3228 1099 3275; x_wconf 81' lang='lat' dir='ltr'><strong>Sed</strong></span> <span class='ocrx_word' id='word_1_257' title='bbox 1113 3226 1226 3292; x_wconf 71' lang='lat' dir='ltr'><strong>syllepsis</strong></span> <span class='ocrx_word' id='word_1_258' title='bbox 1244 3235 1281 3271; x_wconf 86' lang='lat' dir='ltr'><strong>est</strong></span> <span class='ocrx_word' id='word_1_259' title='bbox 1295 3239 1347 3271; x_wconf 89' lang='lat' dir='ltr'><strong>non</strong></span> 
     </span>
     <span class='ocr_line' id='line_1_41' title="bbox 836 3303 1348 3366; baseline -0.014 -13"><span class='ocrx_word' id='word_1_260' title='bbox 836 3307 950 3355; x_wconf 77' lang='lat' dir='ltr'><strong>inusitata</strong></span> <span class='ocrx_word' id='word_1_261' title='bbox 969 3306 1103 3361; x_wconf 83' lang='lat' dir='ltr'><strong>veteribus,</strong></span> <span class='ocrx_word' id='word_1_262' title='bbox 1124 3305 1168 3366; x_wconf 87' lang='lat' dir='ltr'><strong>qui</strong></span> <span class='ocrx_word' id='word_1_263' title='bbox 1193 3303 1348 3355; x_wconf 82' lang='lat' dir='ltr'><strong>sententium,</strong></span> 
     </span>
     <span class='ocr_line' id='line_1_42' title="bbox 837 3380 1348 3450; baseline -0.018 -16"><span class='ocrx_word' id='word_1_264' title='bbox 837 3387 912 3450; x_wconf 76' lang='lat' dir='ltr'><strong>magis</strong></span> <span class='ocrx_word' id='word_1_265' title='bbox 924 3401 996 3447; x_wconf 82' lang='lat' dir='ltr'><strong>qnam</strong></span> <span class='ocrx_word' id='word_1_266' title='bbox 1011 3384 1084 3430; x_wconf 79' lang='lat' dir='ltr'><strong>verbu</strong></span> <span class='ocrx_word' id='word_1_267' title='bbox 1104 3380 1270 3444; x_wconf 81' lang='lat' dir='ltr'><strong>respicientes,</strong></span> <span class='ocrx_word' id='word_1_268' title='bbox 1292 3389 1348 3442; x_wconf 85' lang='lat' dir='ltr'><strong>post</strong></span> 
     </span>
     <span class='ocr_line' id='line_1_43' title="bbox 836 3458 1350 3527; baseline -0.014 -16"><span class='ocrx_word' id='word_1_269' title='bbox 836 3463 1002 3527; x_wconf 79' lang='lat' dir='ltr'><strong>interpositum</strong></span> <span class='ocrx_word' id='word_1_270' title='bbox 1033 3459 1212 3523; x_wconf 77' lang='lat' dir='ltr'><strong>parenthesim,</strong></span> <span class='ocrx_word' id='word_1_271' title='bbox 1237 3459 1272 3505; x_wconf 86' lang='lat' dir='ltr'><strong>sic</strong></span> <span class='ocrx_word' id='word_1_272' title='bbox 1300 3458 1350 3504; x_wconf 85' lang='lat' dir='ltr'><strong>lor-</strong></span> 
     </span>
     <span class='ocr_line' id='line_1_44' title="bbox 836 3538 1351 3601; baseline -0.012 -11"><span class='ocrx_word' id='word_1_273' title='bbox 836 3552 904 3590; x_wconf 82' lang='lat' dir='ltr'><strong>munt</strong></span> <span class='ocrx_word' id='word_1_274' title='bbox 915 3541 1063 3597; x_wconf 72' lang='lat' dir='ltr'><strong>orationem,</strong></span> <span class='ocrx_word' id='word_1_275' title='bbox 1077 3538 1148 3601; x_wconf 78' lang='lat' dir='ltr'><strong>quasi</strong></span> <span class='ocrx_word' id='word_1_276' title='bbox 1161 3553 1250 3585; x_wconf 82' lang='lat' dir='ltr'><strong>novsrn</strong></span> <span class='ocrx_word' id='word_1_277' title='bbox 1268 3553 1351 3600; x_wconf 83' lang='lat' dir='ltr'><strong>quntu-</strong></span> 
     </span>
     <span class='ocr_line' id='line_1_45' title="bbox 837 3615 1350 3683; baseline -0.01 -15"><span class='ocrx_word' id='word_1_278' title='bbox 837 3622 894 3668; x_wconf 82' lang='lat' dir='ltr'><strong>dum</strong></span> <span class='ocrx_word' id='word_1_279' title='bbox 902 3618 1031 3683; x_wconf 83' lang='lat' dir='ltr'><strong>periodum</strong></span> <span class='ocrx_word' id='word_1_280' title='bbox 1038 3615 1350 3676; x_wconf 59' lang='lat' dir='ltr'><strong>ordianturnenultmhs-</strong></span> 
     </span>
    </p>
   </div>
   <div class='ocr_carea' id='block_1_15' title="bbox 279 3697 1350 4161">
    <p class='ocr_par' dir='ltr' id='par_1_18' title="bbox 279 3697 1350 3923">
     <span class='ocr_line' id='line_1_46' title="bbox 281 3697 1349 3766; baseline -0.009 -15"><span class='ocrx_word' id='word_1_281' title='bbox 281 3715 338 3766; x_wconf 89' lang='lat' dir='ltr'><strong>pote</strong></span> <span class='ocrx_word' id='word_1_282' title='bbox 351 3701 436 3750; x_wconf 77' lang='lat' dir='ltr'><strong>leviori</strong></span> <span class='ocrx_word' id='word_1_283' title='bbox 445 3735 452 3753; x_wconf 83' lang='grc'><strong>.</strong></span> <span class='ocrx_word' id='word_1_284' title='bbox 460 3715 512 3747; x_wconf 78' lang='lat' dir='ltr'><strong>eum</strong></span> <span class='ocrx_word' id='word_1_285' title='bbox 522 3697 671 3762; x_wconf 78' lang='lat' dir='ltr'><strong>duplicavit,</strong></span> <span class='ocrx_word' id='word_1_286' title='bbox 680 3709 704 3745; x_wconf 89' lang='lat' dir='ltr'><strong>et</strong></span> <span class='ocrx_word' id='word_1_287' title='bbox 713 3698 793 3761; x_wconf 73' lang='lat' dir='ltr'><strong>exegit</strong></span> <span class='ocrx_word' id='word_1_288' title='bbox 837 3701 909 3749; x_wconf 79' lang='lat' dir='ltr'><strong>beant</strong></span> <span class='ocrx_word' id='word_1_289' title='bbox 919 3698 1072 3762; x_wconf 86' lang='lat' dir='ltr'><strong>superiorum</strong></span> <span class='ocrx_word' id='word_1_290' title='bbox 1081 3697 1212 3745; x_wconf 80' lang='lat' dir='ltr'><strong>verborum</strong></span> <span class='ocrx_word' id='word_1_291' title='bbox 1223 3697 1349 3743; x_wconf 82' lang='lat' dir='ltr'><strong>rationem.</strong></span> 
     </span>
     <span class='ocr_line' id='line_1_47' title="bbox 282 3773 1350 3841; baseline -0.007 -13"><span class='ocrx_word' id='word_1_292' title='bbox 282 3784 349 3829; x_wconf 85' lang='lat' dir='ltr'><strong>binas</strong></span> <span class='ocrx_word' id='word_1_293' title='bbox 362 3779 503 3828; x_wconf 81' lang='lat' dir='ltr'><strong>centesimas</strong></span> <span class='ocrx_word' id='word_1_294' title='bbox 517 3787 650 3826; x_wconf 80' lang='lat' dir='ltr'><strong>menstruus</strong></span> <span class='ocrx_word' id='word_1_295' title='bbox 663 3777 694 3825; x_wconf 84' lang='lat' dir='ltr'><strong>sb</strong></span> <span class='ocrx_word' id='word_1_296' title='bbox 709 3793 736 3825; x_wconf 77' lang='lat' dir='ltr'><strong>es</strong></span> <span class='ocrx_word' id='word_1_297' title='bbox 747 3792 793 3839; x_wconf 90' lang='lat' dir='ltr'><strong>pu·</strong></span> <span class='ocrx_word' id='word_1_298' title='bbox 823 3786 825 3789; x_wconf 85' lang='lat'>&#39;</span> <span class='ocrx_word' id='word_1_299' title='bbox 873 3781 896 3827; x_wconf 86' lang='grc'><strong>3.</strong></span> <span class='ocrx_word' id='word_1_300' title='bbox 909 3777 1011 3824; x_wconf 79' lang='lat' dir='ltr'><strong>Gratias</strong></span> <span class='ocrx_word' id='word_1_301' title='bbox 1021 3787 1130 3841; x_wconf 71' lang='lat' dir='ltr'><strong>egeriem.</strong></span> <span class='ocrx_word' id='word_1_302' title='bbox 1138 3775 1202 3822; x_wconf 82' lang='lat' dir='ltr'><strong>Vide</strong></span> <span class='ocrx_word' id='word_1_303' title='bbox 1221 3790 1294 3837; x_wconf 80' lang='lat' dir='ltr'><strong>supra</strong></span> <span class='ocrx_word' id='word_1_304' title='bbox 1305 3773 1350 3822; x_wconf 86' lang='lat' dir='ltr'><strong>lib.</strong></span> 
     </span>
     <span class='ocr_line' id='line_1_48' title="bbox 279 3857 1084 3923; baseline -0.002 -16"><span class='ocrx_word' id='word_1_305' title='bbox 279 3860 430 3907; x_wconf 78' lang='lat' dir='ltr'><strong>blicsnorurn</strong></span> <span class='ocrx_word' id='word_1_306' title='bbox 444 3860 575 3917; x_wconf 74' lang='lat' dir='ltr'><strong>woietnte,</strong></span> <span class='ocrx_word' id='word_1_307' title='bbox 589 3857 792 3923; x_wconf 84' lang='lat' dir='ltr'><strong>spndqnsmde-</strong></span> <span class='ocrx_word' id='word_1_308' title='bbox 837 3860 942 3921; x_wconf 82' lang='lat' dir='ltr'><strong>11‚csp.</strong></span> <span class='ocrx_word' id='word_1_309' title='bbox 959 3872 1002 3917; x_wconf 75' lang='lat'><strong>70·</strong></span> <span class='ocrx_word' id='word_1_310' title='bbox 1081 3882 1084 3887; x_wconf 63' lang='lat'><strong>.</strong></span> 
     </span>
    </p>

    <p class='ocr_par' dir='ltr' id='par_1_19' title="bbox 279 3933 1350 4161">
     <span class='ocr_line' id='line_1_49' title="bbox 281 3933 1349 4004; baseline -0.009 -17"><span class='ocrx_word' id='word_1_311' title='bbox 281 3942 359 4004; x_wconf 80' lang='lat' dir='ltr'><strong>posita</strong></span> <span class='ocrx_word' id='word_1_312' title='bbox 377 3950 427 3986; x_wconf 82' lang='lat' dir='ltr'><strong>crat</strong></span> <span class='ocrx_word' id='word_1_313' title='bbox 445 3939 486 3986; x_wconf 83' lang='lat' dir='ltr'><strong>ills</strong></span> <span class='ocrx_word' id='word_1_314' title='bbox 502 3940 620 4002; x_wconf 76' lang='lat' dir='ltr'><strong>pecnnia,</strong></span> <span class='ocrx_word' id='word_1_315' title='bbox 638 3950 662 3986; x_wconf 90' lang='lat' dir='ltr'><strong>et</strong></span> <span class='ocrx_word' id='word_1_316' title='bbox 684 3953 731 4002; x_wconf 86' lang='lat' dir='ltr'><strong>pro</strong></span> <span class='ocrx_word' id='word_1_317' title='bbox 744 3952 793 3997; x_wconf 75' lang='lat' dir='ltr'><strong>qus</strong></span> <span class='ocrx_word' id='word_1_318' title='bbox 873 3945 896 3990; x_wconf 68' lang='lat' dir='ltr'><strong>t.</strong></span> <span class='ocrx_word' id='word_1_319' title='bbox 910 3935 1011 3998; x_wconf 81' lang='lat' dir='ltr'><strong>Quibus,</strong></span> <span class='ocrx_word' id='word_1_320' title='bbox 1025 3945 1071 3983; x_wconf 81' lang='lat' dir='ltr'><strong>etc.</strong></span> <span class='ocrx_word' id='word_1_321' title='bbox 1091 3933 1258 3981; x_wconf 79' lang='lat' dir='ltr'><strong>Dubitatiouis</strong></span> <span class='ocrx_word' id='word_1_322' title='bbox 1268 3947 1349 3978; x_wconf 77' lang='lat' dir='ltr'><strong>exem·</strong></span> 
     </span>
     <span class='ocr_line' id='line_1_50' title="bbox 279 4012 1350 4085; baseline -0.008 -18"><span class='ocrx_word' id='word_1_323' title='bbox 279 4021 348 4085; x_wconf 84' lang='lat' dir='ltr'><strong>quusi</strong></span> <span class='ocrx_word' id='word_1_324' title='bbox 358 4036 403 4083; x_wconf 84' lang='lat' dir='ltr'><strong>pro</strong></span> <span class='ocrx_word' id='word_1_325' title='bbox 417 4020 544 4081; x_wconf 86' lang='lat' dir='ltr'><strong>deposito,</strong></span> <span class='ocrx_word' id='word_1_326' title='bbox 559 4036 631 4067; x_wconf 78' lang='lat' dir='ltr'><strong>usura</strong></span> <span class='ocrx_word' id='word_1_327' title='bbox 645 4020 711 4067; x_wconf 84' lang='lat' dir='ltr'><strong>nulla</strong></span> <span class='ocrx_word' id='word_1_328' title='bbox 722 4015 793 4062; x_wconf 80' lang='lat' dir='ltr'><strong>debe·</strong></span> <span class='ocrx_word' id='word_1_329' title='bbox 838 4012 923 4080; x_wconf 82' lang='lat' dir='ltr'><strong>plum,</strong></span> <span class='ocrx_word' id='word_1_330' title='bbox 947 4031 998 4077; x_wconf 87' lang='lat' dir='ltr'><strong>quo</strong></span> <span class='ocrx_word' id='word_1_331' title='bbox 1013 4014 1101 4078; x_wconf 82' lang='lat' dir='ltr'><strong>seepius</strong></span> <span class='ocrx_word' id='word_1_332' title='bbox 1115 4014 1190 4060; x_wconf 86' lang='lat' dir='ltr'><strong>utitur</strong></span> <span class='ocrx_word' id='word_1_333' title='bbox 1207 4022 1304 4071; x_wconf 84' lang='lat' dir='ltr'><strong>orator,</strong></span> <span class='ocrx_word' id='word_1_334' title='bbox 1323 4022 1350 4058; x_wconf 84' lang='lat' dir='ltr'><strong>ut</strong></span> 
     </span>
     <span class='ocr_line' id='line_1_51' title="bbox 279 4089 1314 4161; baseline -0.013 -12"><span class='ocrx_word' id='word_1_335' title='bbox 279 4098 463 4161; x_wconf 76' lang='lat' dir='ltr'><strong>butunDuplex</strong></span> <span class='ocrx_word' id='word_1_336' title='bbox 473 4098 548 4158; x_wconf 80' lang='lat' dir='ltr'><strong>igitur</strong></span> <span class='ocrx_word' id='word_1_337' title='bbox 556 4099 639 4144; x_wconf 84' lang='lat' dir='ltr'><strong>Verris</strong></span> <span class='ocrx_word' id='word_1_338' title='bbox 648 4099 674 4143; x_wconf 84' lang='lat' dir='ltr'><strong>in</strong></span> <span class='ocrx_word' id='word_1_339' title='bbox 686 4096 733 4142; x_wconf 84' lang='lat' dir='ltr'><strong>boc</strong></span> <span class='ocrx_word' id='word_1_340' title='bbox 747 4095 792 4142; x_wconf 89' lang='lat' dir='ltr'><strong>luit</strong></span> <span class='ocrx_word' id='word_1_341' title='bbox 838 4093 1016 4142; x_wconf 84' lang='lat' dir='ltr'><strong>vehementiori</strong></span> <span class='ocrx_word' id='word_1_342' title='bbox 1028 4104 1098 4141; x_wconf 85' lang='lat' dir='ltr'><strong>motu</strong></span> <span class='ocrx_word' id='word_1_343' title='bbox 1110 4090 1184 4139; x_wconf 84' lang='lat' dir='ltr'><strong>verbu</strong></span> <span class='ocrx_word' id='word_1_344' title='bbox 1197 4089 1314 4153; x_wconf 83' lang='lat' dir='ltr'><strong>impellat.</strong></span> 
     </span>
    </p>
   </div>
   <div class='ocr_carea' id='block_1_16' title="bbox 0 0 1592 4770">
    <p class='ocr_par' dir='ltr' id='par_1_20' title="bbox 0 0 1592 4770">
     <span class='ocr_line' id='line_1_52' title="bbox 0 0 1592 4770; baseline 0 1"><span class='ocrx_word' id='word_1_345' title='bbox 0 0 1592 4770; x_wconf 95' lang='lat' dir='ltr'><strong> </strong></span> 
     </span>
    </p>
   </div>
  </div>
 </body>
</html>
