3142 4774
321 418 368 491 68
643 420 691 486 Μ.
717 421 756 487 Τ.
780 418 1057 491 CICERONIS

322 543 447 613 cunias
467 539 672 612 decumanis
692 537 738 610 ab
760 540 1033 612 Herbitensibus
1054 539 1155 612 datas
1176 565 1253 615 esse
1276 543 1380 617 dico:

323 675 399 748 quo
415 649 467 719 illi
487 645 689 736 frumenm,
705 662 742 719 et
761 649 897 746 quibus
914 651 1078 749 pecuniis
1097 666 1219 726 tamen
1235 678 1256 726 a
1272 654 1380 729 decu·

320 782 510 831 manorum
522 757 662 852 injuriis
679 761 773 829 cives
786 782 872 831 suos
884 785 962 830 non
974 758 1219 833 redemerunt.
1234 763 1383 835 Perditis

319 872 482 943 enimet
511 865 660 965 direptis
692 883 875 939 aratorum
909 868 1040 959 bonis,
1070 868 1147 943 haec
1174 872 1383 945 decumanis

321 1003 456 1051 merces
474 974 644 1063 dabatru,
669 976 926 1074 utaliquando
947 1003 992 1050 ex
1015 1003 1142 1052 eorum
1162 984 1256 1078 agris
1273 997 1382 1082 atque

320 1115 365 1160 ex
375 1086 529 1159 urbibus
540 1084 693 1157 abirent.
707 1090 835 1185 ltaque
848 1111 962 1185 quum
974 1087 1137 1161 Philinus
1149 1090 1383 1181 Herbitensis,

319 1200 431 1269 homo
448 1194 619 1282 disertus,
642 1211 680 1267 et
697 1195 870 1294 prudens,
887 1212 924 1270 et
940 1197 1040 1270 domi
1055 1199 1204 1289 nobilis,
1227 1203 1273 1274 de
1288 1204 1382 1275 cala·

320 1310 445 1378 mirate
463 1317 665 1392 aratorum,
687 1304 791 1377 etde
813 1305 913 1404 suga,
930 1321 968 1379 et
985 1307 1031 1380 de
1053 1309 1275 1408 reliquorum
1297 1337 1383 1412 pau·

319 1420 427 1490 citate
453 1413 599 1512 publice
625 1412 777 1502 diceret,
804 1416 1122 1506 animadvertistis,
1145 1418 1300 1515 judices,
1325 1447 1384 1520 ge·

319 1530 452 1598 mitum
479 1524 608 1624 populi
630 1528 791 1613 romani,
811 1527 919 1621 cujus
940 1524 1146 1626 frequentia
1166 1529 1252 1602 huic
1270 1556 1382 1604 causae

319 1658 524 1734 numquam
551 1631 695 1706 defuit:
721 1658 795 1731 qua
825 1634 870 1706 de
900 1638 1080 1732 paucitate
1109 1655 1291 1712 aratorum
1313 1643 1383 1714 alio

321 1748 403 1820 loco
421 1745 548 1817 dicam.

367 1859 511 1928 XXXV.
532 1854 640 1925 Nunc
660 1851 769 1939 illud,
792 1853 894 1950 quod
911 1879 1016 1953 paene
1029 1860 1181 1956 praeterii
1192 1913 1201 1947 ‚
1214 1885 1290 1930 non
1308 1886 1383 1931 om·

321 1971 410 2040 nino
432 1960 714 2060 relinquendum
739 1963 904 2035 videtur:
927 1992 1029 2055 nam,
1049 1993 1115 2066 per
1134 1968 1221 2041 deos
1238 1974 1385 2042 immon-

321 2076 427 2151 tales!
454 2072 554 2172 quod
581 2071 627 2142 de
652 2075 789 2172 capite¹
823 2077 903 2173 ipso
934 2075 1108 2175 dempsit,
1135 2104 1211 2176 quo
1239 2079 1384 2153 tandem

322 2187 433 2260 modo
454 2181 559 2255 vobis
582 2206 658 2253 non
681 2183 793 2254 modo
814 2181 1020 2272 ferendum,
1044 2213 1171 2260 verum
1192 2193 1300 2261 etiam
1319 2216 1382 2262 au-

321 2296 511 2370 diendum²
522 2292 687 2364 videtur?
699 2298 803 2366 Unus
816 2297 934 2368 adhuc
948 2296 1017 2367 fuit
1035 2314 1119 2397 post
1130 2304 1281 2374 Romam
1295 2328 1383 2375 con·

322 2408 435 2479 ditam
455 2403 527 2500 (dii
546 2403 765 2474 immortales
787 2403 919 2493 faxint,
937 2412 987 2477 ne'
1001 2411 1046 2477 sit
1066 2408 1215 2505 alteri),
1234 2415 1293 2482 cui
1313 2437 1385 2483 res-

323 2514 469 2615 publica
495 2525 607 2582 totam
637 2534 676 2581 se
705 2514 863 2585 traderet
871 2512 899 2602 ³,
928 2515 1153 2615 temporibus
1180 2534 1322 2606 coacta,
1349 2535 1385 2590 et

323 2627 425 2699 malis
452 2622 679 2707 domesticis,
709 2627 759 2692 La
777 2625 883 2695 Sulla.
912 2626 980 2695 Hic
1006 2639 1146 2697 tantum
1175 2629 1314 2725 potuit,
1344 2644 1386 2699 ut

323 2760 452 2823 nemo,
470 2732 532 2804 illo
551 2732 682 2814 invito,
700 2755 769 2803 nec
786 2732 903 2817 bona,
922 2758 990 2806 nec
1008 2737 1178 2832 patriam,
1195 2761 1263 2808 nec
1276 2739 1385 2809 vitam

322 2849 481 2920 retinere
503 2857 644 2942 posset3
667 2856 808 2913 tantum
834 2845 943 2914 animi
966 2842 1093 2915 habuit
1116 2845 1161 2917 ad
1182 2847 1384 2935 audaciam,

323 2973 365 3030 ut
388 2955 507 3026 dicere
532 2955 570 3020 in
599 2953 774 3021 concione
800 2978 877 3022 non
905 2951 1105 3035 dubitaret,
1130 2954 1227 3027 bona
1253 2962 1386 3030 civium

322 3085 557 3139 romanorum
579 3084 694 3157 quum
719 3060 910 3148 venderet,
935 3087 972 3134 se
994 3063 1151 3161 praedam
1175 3090 1276 3137 suam
1297 3093 1386 3140 ven-

324 3178 410 3249 dere
419 3179 446 3244 ⁴.
465 3172 552 3266 Ejus
565 3193 691 3241 omues
709 3195 766 3240 res
782 3186 897 3269 gestas
915 3198 990 3245 non
1007 3174 1125 3247 solum
1140 3174 1384 3265 obtinemus⁵;

325 3281 600 3363 verumetiam,
627 3295 777 3375 propter
806 3283 983 3378 majorum
1012 3285 1325 3358 incommodorum
1350 3303 1387 3359 et

359 3436 470 3485 xxxv.
486 3432 649 3497 anunm.
659 3416 734 3495 Q'uoa
744 3431 774 3477 ae
784 3433 832 3479 eu.
912 3437 938 3483 3.
953 3433 1032 3493 orem,
1046 3432 1164 3491 esaias,
1180 3435 1387 3488 ussum„

325 3516 403 3567 menti
422 3526 532 3571 mmm,
553 3526 608 3573 que
627 3528 658 3558 ex
679 3512 833 3559 decumarum
877 3513 988 3559 cecini.
999 3513 1030 3558 V.
1044 3512 1071 3557 L.

325 3594 468 3646 venditione
476 3588 592 3639 solvenda
600 3590 835 3654 populor-omem,
914 3597 938 3644 t.
952 3588 1065 3636 amdam
1080 3606 1151 3639 satam
1168 3594 1282 3641 vendere.
1303 3597 1343 3643 Sic
1357 3595 1388 3644 de

326 3674 516 3731 abstulimus)
526 3666 607 3715 minna
615 3668 740 3727 AEwhrio,
750 3669 834 3733 Pippoe
878 3666 929 3715 ΟΠ.
939 3667 979 3726 11,
995 3667 1025 3714 15
1034 3683 1041 3717 ε
1056 3670 1118 3718 «Est
1130 3686 1202 3719 ansus
1215 3672 1308 3732 dicem,
1319 3675 1387 3723 Ιωι.

326 3756 379 3815 vir,
398 3752 515 3807 solverem
537 3746 615 3813 pluris
626 3764 731 3796 amorem
746 3748 835 3795 faciens
880 3745 971 3809 posita,
980 3740 1064 3809 'quum
1078 3747 1143 3797 bona
1155 3751 1181 3798 iu
1197 3752 1252 3799 fem
1266 3753 1389 3813 venderet,

327 3831 553 3894 mulierculaeqnam
561 3826 829 3893 superindumentum.
879 3823 1035 3874 othonorum
1048 3828 1169 3887 virorum,
1190 3840 1214 3878 et
1227 3829 1389 3895 locupletum,

364 3908 590 3960 mliocesthS
611 3908 711 3957 Nannii.
722 3903 786 3954 Edd.
798 3920 834 3970 pr.
879 3914 903 3950 et
923 3914 988 3951 certe
1006 3905 1115 3966 civium,
1140 3908 1247 3972 predam
1272 3927 1340 3959 mm
1362 3929 1389 3959 ω

328 4005 377 4054 quo
390 3987 496 4035 eamdem
507 3986 578 4034 modo
583 3985 715 4051 serendam
722 4015 730 4037 ,
749 3998 836 4029 verram
879 3981 983 4031 vendere
992 4006 1015 4030 s.

329 4065 404 4113 etiam
414 4064 563 4112 audiendum
576 4064 631 4112 vid.
645 4062 724 4110 Aldus
734 4059 776 4106 hic
785 4076 834 4108 tnr-
916 4061 940 4108 5.
953 4063 1099 4113 Obtinemas.
1114 4068 1172 4127 Ejus
1189 4080 1242 4117 acta
1254 4071 1336 4117 omnia
1349 4087 1386 4118 re·

328 4143 374 4192 luit
385 4139 632 4191 ant'madvertcndam.
645 4142 662 4188 J
664 4173 671 4186 .
682 4141 713 4187 V.
727 4141 754 4187 L.
880 4140 991 4190 tinemus.
999 4169 1035 4180 -
1046 4142 1209 4208 Defendimus.
1219 4149 1250 4196 Et
1259 4150 1312 4214 ipre
1320 4150 1389 4201 Cice-
