3054 4772
149 502 1204 532 mmmmmwwnmmmvwwvmmmmmmmmm
1300 508 1303 515 ¹

387 705 957 815 ARGUMENTUM.

143 936 273 997 Tandem
295 937 331 997 ad
353 938 454 997 barum
473 958 561 997 unam
580 940 744 998 orationum
764 942 962 1018 pervenimus,
979 960 1045 1019 qnae
1065 944 1204 1021 temporis

182 1034 287 1112 injuria
300 1034 337 1092 ad
350 1037 424 1093 hanc
441 1034 518 1093 diem
531 1047 658 1109 truncas,
674 1055 751 1094 nunc
766 1034 882 1095 demum
896 1037 992 1115 aliqua
1005 1038 1106 1097 saltem
1120 1054 1203 1117 parte

181 1143 272 1189 auctae
297 1144 358 1189 tum
382 1132 508 1209 primum
534 1131 563 1188 in
588 1131 680 1191 Gallia
706 1131 862 1209 prodeunt.
888 1133 1069 1192 Clarissimus
1097 1154 1202 1214 nempe

181 1231 215 1285 Β.
227 1232 263 1286 G.
279 1227 412 1286 Niebuhr
427 1228 467 1287 ill.
485 1229 588 1307 Angeli
606 1228 676 1287 Maii
695 1228 823 1305 vestigiis
844 1228 978 1288 insistens
994 1242 1057 1288 tum
1074 1234 1202 1291 nonnul-

180 1323 274 1381 larum
289 1324 437 1382 Ciceronis
454 1326 633 1396 orationum,
654 1338 715 1384 tum
736 1326 859 1384 maxime
877 1327 1041 1385 Fonteianae
1058 1328 1203 1407 fragmen-

181 1432 242 1477 tum
256 1438 293 1477 ex
310 1419 360 1477 illo
373 1418 553 1479 nobilissimo
565 1418 749 1479 bibliothecae
759 1422 906 1480 Vaticanus
919 1422 1024 1497 codice,
1038 1424 1132 1497 eruit,
1152 1426 1204 1503 qui

181 1513 298 1586 Tobiae,
320 1515 462 1589 Juditbae,
479 1515 548 1574 tobi
565 1529 654 1593 atque
665 1517 794 1576 Estheris
813 1517 907 1578 libros
924 1520 1067 1591 continet,
1083 1533 1113 1578 et
1127 1522 1203 1580 unde

181 1610 311 1672 detracta
322 1612 478 1689 merloti
492 1611 651 1691 scriptura,
664 1612 920 1674 celebratissimum
926 1619 962 1675 Τ.
972 1616 1048 1675 Livii
1062 1616 1203 1678 Historia·

180 1724 246 1764 mm
258 1708 447 1786 fragmentum
458 1708 630 1768 detexerunt
644 1708 699 1767 viri
712 1708 826 1767 diversa
839 1710 1009 1770 eruditionis
1024 1712 1110 1772 laude
1124 1734 1203 1792 prae-

181 1803 268 1876 clari,
281 1805 386 1864 Paulus
404 1806 541 1865 Brunsius
560 1819 589 1864 et
600 1805 686 1865 Vltus
701 1807 880 1865 invenatius.
903 1812 969 1880 Qua
982 1821 1078 1868 autem
1092 1812 1204 1870 ratione

181 1900 218 1958 ad
231 1913 343 1962 tautum
354 1904 441 1961 finem
453 1903 618 1980 pervenerit
629 1903 671 1962 Cl.
684 1902 827 1977 Niebuhr,
841 1903 872 1961 in
883 1904 1052 1981 praefatione
1067 1894 1135 1965 liuic
1149 1928 1203 1967 sno

180 1998 320 2057 volumini
342 2000 460 2077 pralium
480 1997 613 2077 pluribus
637 1998 790 2076 explicuit,
817 2018 870 2057 nos
891 2018 925 2057 ea
945 2011 1057 2058 tantum
1077 2021 1142 2078 quae
1165 2004 1203 2062 ad

180 2094 230 2152 Μ’.
242 2096 355 2154 Fonteii
369 2097 530 2155 orationem
543 2095 705 2173 pertinent,
720 2106 749 2153 et
761 2093 913 2161 abeodem
927 2094 1092 2155 doctissime
1106 2098 1204 2177 dispu-

181 2205 290 2259 tantur,
303 2191 498 2251 recitabimus.

218 2295 366 2348 Postrema
376 2291 506 2349 omnium
522 2289 640 2363 inventa
654 2302 698 2348 est
710 2290 850 2349 orationis
862 2308 918 2367 pro
932 2290 1052 2349 Fonteio
1067 2310 1152 2368 pars,
1172 2304 1201 2351 et

179 2386 296 2464 quidem
318 2401 376 2446 tarn
388 2407 471 2459 sero,
485 2398 518 2445 ut
534 2406 568 2444 ea
589 2387 735 2444 caruerint
752 2387 837 2463 primi
854 2385 979 2447 editores
992 2387 1112 2445 Veneti:
1127 2407 1201 2465 pro-

178 2496 245 2560 pter
259 2502 347 2561 quam
360 2482 491 2540 eamdem
508 2502 622 2540 causam
636 2502 703 2540 raro
715 2483 745 2539 in
760 2482 909 2541 codicibus
922 2482 1109 2542 collectarum
1124 2503 1201 2542 com-

181 2591 283 2656 paret,
309 2591 411 2655 atque,
433 2572 485 2636 ubi
501 2590 610 2649 exstat,
630 2578 761 2637 ultimum
783 2579 843 2639 lere
865 2580 895 2636 in
918 2579 973 2637 illis
995 2581 1091 2638 locum
1113 2592 1200 2639 tenet.

180 2678 247 2751 Ipse
268 2687 362 2732 autern
378 2673 470 2732 codex
487 2675 517 2732 in
531 2694 590 2752 quo
604 2689 716 2734 servata
735 2675 789 2733 luit
803 2675 898 2735 adhuc
911 2690 1058 2753 superest,
1069 2677 1099 2734 in
1114 2676 1201 2736 tabu-

181 2771 254 2830 lario
267 2772 395 2831 Basilicas
406 2772 551 2831 Vaticana
564 2786 740 2831 asservatus:
755 2791 843 2849 quem
855 2772 928 2844 illio,
944 2793 1010 2830 cunr
1026 2774 1125 2850 paucis
1139 2775 1203 2832 aliis

181 2868 287 2927 nobilis
299 2867 484 2927 bibliotheca
492 2870 629 2946 reliquiis,
643 2888 680 2927 ex
692 2866 823 2926 cladibus
834 2866 1105 2947 direptionibusque
1115 2869 1204 2930 Urbis

182 2966 266 3023 toties
285 2966 415 3043 repetitis
430 2965 567 3033 evasisse,
586 2984 668 3041 paene
688 2966 834 3022 miramur.
850 2969 913 3022 Jam
930 2983 1002 3021 vero
1020 2964 1051 3021 in
1071 2965 1122 3023 illo
1144 2966 1203 3024 lra-

181 3074 328 3140 gmentum
342 3061 428 3138 hujus
444 3061 583 3120 orationis
601 3080 665 3118 cum
682 3061 813 3119 oratione
827 3079 882 3137 pro
897 3064 931 3118 1..
943 3062 1060 3133 Flacco,
1074 3061 1134 3120 sive
1147 3081 1203 3140 po-

182 3158 239 3216 tins
263 3157 324 3234 ejus
344 3170 426 3235 parte
445 3158 556 3235 aliqua,
584 3157 715 3214 coaluit:
737 3155 872 3214 librarius
892 3156 985 3229 emm,
1005 3177 1093 3235 supra
1115 3178 1203 3235 quam

181 3253 261 3311 credi
278 3265 374 3332 potest
386 3253 539 3310 illiteratus
551 3252 654 3323 homo,
664 3264 695 3310 et
706 3252 767 3329 qui,
779 3263 902 3330 propter
914 3251 1110 3330 prodigiosam
1120 3273 1204 3313 men-

181 3349 287 3408 dorum
302 3348 515 3407 multitudinem
530 3369 595 3426 quae
607 3349 725 3427 singulis
739 3369 831 3428 prope
846 3349 975 3408 versibus
995 3350 1107 3422 intulit,
1130 3351 1204 3410 nibil

182 3467 302 3525 prorsus
321 3466 423 3505 eorum
447 3466 511 3524 quta
533 3446 679 3505 scribebat
699 3446 872 3506 intellexisse
896 3445 990 3505 videri
1014 3460 1122 3525 potest,
1144 3468 1204 3506 non

181 3544 403 3615 animadvertit,
421 3563 473 3603 seu
491 3545 711 3622 quaternionem
732 3545 895 3623 integrum,
912 3564 971 3630 'seu
998 3544 1127 3623 plagulas
1152 3545 1203 3604 ali-

180 3655 265 3721 quot,
279 3662 316 3700 ex
329 3643 460 3700 oratione
474 3663 528 3719 pro
545 3643 662 3717 Flacco,
684 3662 749 3720 quaa
771 3644 889 3700 alteram
910 3661 946 3698 ex
963 3640 1066 3698 ordine
1081 3661 1205 3719 praeces·

180 3742 250 3800 sisse
262 3737 389 3806 videtur,
406 3738 436 3796 in
454 3738 578 3797 mediam
592 3757 648 3816 pro
667 3738 788 3798 Fonteio
802 3737 922 3815 injectas
939 3737 1045 3795 luisse:
1061 3757 1148 3815 quam
1161 3739 1203 3799 in·

181 3849 289 3915 tegram
303 3836 434 3907 sortasse,
448 3849 498 3895 aut
511 3847 587 3893 certe
604 3834 666 3912 ejus
682 3834 797 3894 initium
811 3820 999 3903 haberemus,
1009 3832 1064 3891 nisi
1077 3847 1203 3911 quatuor

181 3933 267 4010 primi
279 3932 484 4011 quaterniones
497 3932 653 4010 perissent,
666 3932 707 3990 ita
725 3943 758 3990 ut
771 3931 890 4009 quintus
900 3950 917 3988 a
927 3929 1024 3988 verbis
1038 3931 1203 3992 eliternrum

181 4029 205 4087 si
213 4048 316 4087 veras·
330 4050 393 4108 cap.
405 4051 437 4103 ¹7
451 4050 508 4108 pro
523 4030 626 4089 Flacco
640 4029 769 4107 incipiat.
786 4034 861 4088 Nam
874 4048 910 4086 ne
926 4027 1079 4087 credamus
1094 4032 1207 4089 oratio-

179 4147 245 4185 nem
259 4147 314 4206 pro
327 4129 429 4187 Flacco
442 4131 471 4187 in
489 4128 524 4188 iis
538 4149 602 4207 quae
619 4128 770 4206 perierunt
783 4127 926 4187 exstitisse
936 4171 945 4197 ,
955 4127 1039 4205 eique
1051 4130 1158 4188 mutilae
1172 4148 1208 4187 ex

1001 4229 1058 4310 40.
