3016 4774
326 396 395 500 560
605 445 610 455 ·
669 424 956 494 excursus
977 427 1041 494 tv,

322 545 533 611 risconsultus
542 542 702 631 Aquillius
713 543 820 608 recedi
836 567 905 608 non
915 561 1082 633 oportere,
1093 544 1192 607 rerba
1208 548 1410 609 testamenti

322 651 459 716 Fulcinii
482 649 598 738 patris,
621 680 634 704 ι
647 665 685 713 ut
702 650 866 713 irueretur
883 672 949 713 una
967 672 1043 712 cum
1063 648 1131 712 filio
1149 665 1297 726 mater»,
1318 651 1405 738 qnid

321 758 459 821 valeant.
471 757 556 821 Nam
568 755 623 843 qui
635 753 703 818 fieri
717 756 841 842 potuit,
857 771 895 817 ut
909 770 984 842 post
997 753 1054 818 lilii
1069 770 1209 817 mortem
1227 756 1407 820 frueretur

322 886 388 927 una
403 885 479 926 oum
495 860 560 925 filio
574 859 696 924 mater?
707 877 764 924 aut
777 859 858 947 quid
874 860 916 923 sit
930 858 1018 923 aliud
1031 861 1216 923 «frueretur
1231 884 1306 923 una
1321 884 1404 925 ctam

322 968 389 1035 filio
402 985 538 1043 mater»,
548 988 646 1054 quam
656 966 842 1031 fruerentur
848 988 913 1029 una
923 982 1027 1029 mater
1037 981 1069 1029 et
1077 965 1182 1034 lilius?
1196 968 1287 1030 Utro
1295 967 1406 1032 modo

322 1073 449 1138 dicatur
468 1086 579 1134 monet
601 1070 733 1135 Paullus
756 1070 838 1135 nihil
853 1071 1026 1151 interesse,
1043 1071 1100 1156 qui
1129 1069 1164 1132 in
1183 1070 1259 1158 lege
1287 1096 1333 1159 7,
1360 1072 1405 1136 de

321 1179 492 1244 usufructu
504 1174 735 1240 accrescendo:
747 1205 760 1230 α
768 1175 836 1239 Nec
850 1175 938 1237 euim
954 1175 1103 1255 interest,
1112 1174 1232 1260 inquit,
1247 1175 1298 1239 ita
1311 1177 1405 1265 lege·

323 1305 377 1351 tur
388 1285 433 1349 illi
444 1307 519 1349 cum
534 1282 649 1347 Maesio
662 1305 673 1363 3
686 1304 725 1345 an
745 1281 790 1344 ita
800 1328 812 1362 „
824 1297 858 1344 et
870 1280 916 1344 illi
932 1296 965 1345 et
973 1280 1089 1345 Mevia
1097 1311 1120 1344 n.
1135 1281 1178 1344 Et
1190 1280 1225 1343 in
1243 1281 1323 1372 lege
1341 1305 1403 1368 29,

323 1415 422 1481 quam
437 1390 584 1477 proxime
599 1387 736 1451 citabam
755 1385 797 1451 de
813 1386 926 1475 legatis
944 1403 978 1451 et
997 1385 1254 1451 fideicommissis
1274 1389 1315 1451 in
1340 1391 1404 1454 bae

322 1496 462 1562 formula
477 1517 486 1559 t
503 1494 559 1557 «Si
574 1492 704 1561 Stichus
725 1509 758 1559 et
781 1492 885 1558 Dama
904 1492 986 1557 servi
1005 1494 1069 1556 mei
1087 1495 1121 1556 in
1139 1509 1309 1581 potestate
1329 1519 1403 1561 mes

322 1618 419 1667 erunt
435 1621 537 1687 quum
554 1599 688 1680 moriar,
705 1614 776 1664 tum
789 1598 918 1664 Stichus
938 1614 972 1663 et
987 1599 1089 1663 Dama
1108 1598 1202 1663 liberi
1220 1617 1352 1683 sunto,
1370 1620 1404 1669 et

322 1705 461 1772 fundum
478 1706 569 1769 illurn
591 1705 652 1769 sibi
673 1706 817 1771 habento
836 1730 844 1770 ε
861 1705 888 1769 si
904 1706 1043 1770 alterum
1066 1728 1105 1770 ex
1126 1705 1177 1770 his
1199 1723 1278 1794 post
1297 1724 1404 1773 testa·

321 1826 469 1889 meritum
482 1810 604 1874 factum
618 1808 772 1874 dominus
786 1810 966 1891 alienasset,
979 1809 1031 1873 vel
1044 1811 1300 1893 manumisisset,
1317 1836 1405 1879 neu·

320 1934 409 1982 uum
431 1915 570 1980 liberum
587 1914 737 1977 futurum
755 1914 861 1979 Labeo
877 1928 980 2000 putat
1001 1912 1066 1978 Sed
1085 1916 1216 1979 Tubero
1235 1939 1319 1982 eum
1340 1922 1401 2008 qni

321 2022 526 2087 remansisset
543 2020 578 2084 in
597 2036 775 2109 potestate,
794 2035 826 2085 et
843 2019 982 2083 liberum
1002 2022 1173 2103 futurum,
1196 2039 1229 2086 et
1248 2024 1398 2113 legatum

321 2129 521 2195 habiturum.
539 2127 724 2192 Tuberonis
741 2125 935 2192 sententiam
948 2124 1108 2189 voluntati
1123 2126 1271 2193 defuncti
1288 2135 1397 2222 magis

322 2252 402 2325 puto
416 2233 626 2299 convenire».
646 2233 698 2297 Sic
713 2231 772 2297 fit:
791 2231 846 2295 hic
857 2230 1039 2315 Tuberonis
1059 2233 1160 2321 magis
1178 2235 1297 2321 probat
1314 2261 1396 2302 sen.

321 2340 467 2404 tentiam.
481 2340 548 2402 Cur
565 2360 633 2401 nou
650 2337 759 2429 minus
774 2335 900 2402 licuerit
912 2336 966 2400 hic
978 2335 1120 2401 labeoni
1138 2339 1173 2401 in
1188 2339 1303 2405 eadem
1322 2367 1394 2409 esse

322 2467 398 2509 cum
419 2443 576 2505 Cicerone
593 2439 776 2504 sententia?
792 2442 851 2529 qui
867 2458 996 2506 censeat
1017 2441 1069 2505 illa
1086 2443 1185 2508 verba
1204 2452 1393 2514 testamenti

321 2580 334 2605 α
345 2565 384 2611 ut
398 2547 563 2609 frueretur
578 2568 644 2609 una
659 2568 735 2608 cum
752 2544 819 2610 filio
828 2576 859 2628 a,
876 2548 1041 2635 postulare
1053 2564 1092 2612 ut
1106 2550 1191 2613 vivat
1203 2550 1307 2636 lilius,
1322 2578 1392 2643 qno

321 2668 453 2716 mortuo
461 2651 556 2716 matri
563 2651 662 2716 sifrui
670 2650 762 2734 velit,
774 2675 882 2716 emere
888 2675 1018 2719 necesse
1029 2654 1071 2718 sit
1080 2703 1088 2729 ‚
1098 2677 1201 2742 quum
1208 2663 1390 2744 presertim

322 2759 348 2823 si
362 2757 447 2822 filius
462 2774 746 2840 rememoremur,
765 2759 914 2823 futurum
934 2775 1031 2841 esset,
1048 2776 1088 2823 ut
1103 2763 1196 2825 matri
1213 2785 1274 2828 suo
1291 2782 1391 2832 testa·

321 2881 434 2931 mento
451 2864 646 2933 consuleret
665 2866 778 2951 Itaque
796 2863 890 2945 fecit,
907 2880 939 2929 et
955 2882 1057 2929 mater
1071 2865 1155 2930 illius
1171 2884 1391 2955 testamento,

320 2988 359 3036 ut
375 2993 414 3034 ex
430 2972 483 3053 iis,
496 2993 568 3058 quae
582 2969 663 3053 dixi,
675 2986 820 3059 apparet,
832 2970 930 3034 stetit.
945 2971 1027 3054 Quas
1041 2973 1174 3060 exposui
1190 2990 1256 3038 tam
1268 2978 1391 3062 multa,

321 3099 389 3141 non
413 3092 480 3139 tam
502 3092 538 3140 ut
558 3076 592 3138 in
613 3077 807 3141 sententiam
824 3075 910 3139 illam
931 3077 1146 3141 Hottomanni
1167 3079 1390 3167 inquirerem,

321 3202 419 3267 quam
443 3197 482 3244 ut
506 3180 699 3270 intelligeres
722 3181 794 3260 jura
822 3179 898 3263 ista,
925 3198 957 3245 et
980 3183 1185 3249 auctoritates
1213 3185 1390 3256 hominum

322 3286 467 3373 quamvis
477 3285 689 3375 prudentium
704 3285 886 3367 cujusmodi
898 3286 1090 3377 plerumque
1102 3290 1168 3355 sint
1180 3314 1188 3356 ε
1201 3308 1306 3381 utque
1319 3298 1392 3362 nul-

321 3392 405 3477 lump
411 3390 465 3471 jus
488 3413 572 3476 esse,
597 3393 725 3459 nullave
748 3394 816 3475 lex,
842 3408 899 3457 aut
923 3393 1110 3460 institutum
1131 3397 1252 3486 possit,
1277 3402 1391 3489 quod,

321 3514 437 3584 preter
452 3498 590 3564 verbum
605 3500 680 3584 Dei,
693 3513 821 3564 maneat
835 3498 870 3561 in
886 3514 1052 3566 aeternum.
1070 3502 1105 3569 P.
1122 3500 1242 3569 Fauen.

713 3757 998 3788 ψ·-
