3186 4772
303 363 374 449 348
620 366 668 434 M.
691 366 730 431 T.
757 364 1036 433 CICERONIS

303 485 430 557 tudine
442 499 550 582 atque
558 482 816 583 imperatoriis³
827 483 994 555 laudibus
1003 498 1123 579 tegere
1131 486 1291 556 conaris?
1299 488 1362 556 llic

302 596 437 667 scilicet
451 611 505 667 est
514 595 748 667 metuendum
758 650 767 683 ‚
778 618 836 680 ne,
846 593 891 663 ad
902 594 1037 665 exitum
1050 592 1364 684 defensionistuae,

303 720 408 777 vetus
416 705 475 776 illa
483 707 688 776 Antoniana
702 704 844 775 dicendi
854 709 945 774 ratio
958 719 1067 800 atque
1077 706 1269 774 auctoritas
1280 729 1363 801 pro·

303 814 440 886 feratur
461 844 468 885 :
487 841 534 887 ne
553 817 729 886 excitetur
737 819 885 901 Verres,
900 813 1362 911 nedenudeturapectore‚

303 951 351 996 ne
364 928 550 997 cicatrices.
562 925 718 1023 populus
734 949 905 996 romanus
911 925 1101 1022 adspiciat,
1113 948 1157 993 ex
1171 924 1362 994 mulierum

305 1058 448 1121 morsu,
467 1036 612 1130 vestigia
628 1033 786 1105 libidinis
805 1050 913 1129 atque
932 1037 1110 1130 nequitie.

353 1146 411 1214 Dii
427 1143 573 1232 faciant,
593 1159 635 1215 ut
655 1149 707 1214 rei
722 1144 900 1231 militaris,
917 1158 958 1213 ut
971 1143 1057 1214 belli
1076 1145 1296 1214 mentionem
1314 1143 1331 1213 f
1348 1184 1364 1198 ·

307 1278 387 1326 cere
402 1251 549 1323 audeas!
564 1257 837 1349 Cognoscentur
852 1256 949 1325 enim
963 1255 1192 1324 omniaistius
1204 1258 1296 1325 aseral
1306 1254 1365 1324 illa

306 1378 443 1445 vetera,
473 1378 529 1446 ut,
558 1387 634 1432 non
658 1364 775 1433 solum
800 1367 838 1433 in
860 1365 1030 1461 imperio,
1054 1388 1180 1434 verum
1199 1369 1307 1435 etiam
1326 1367 1364 1433 in

306 1469 511 1569 stipendiis⁵
518 1472 633 1569 qualis
643 1472 1242 1571 fuerit,intelligatis3rcnovabitur
1250 1478 1365 1573 prima

306 1580 365 1653 illa
385 1580 530 1667 militia,
548 1606 664 1678 quum
683 1580 772 1654 iste⁶
795 1609 815 1654 e
833 1582 915 1654 foro
937 1583 1086 1670 abdami,
1108 1610 1201 1671 non,
1222 1601 1264 1655 ut
1290 1587 1367 1682 ipse

307 1686 489 1783 predicat,
507 1689 654 1787 perduci
668 1690 825 1780 solebat;
840 1693 1004 1764 aleatoris
1017 1694 1216 1765 Placentini
1230 1705 1365 1766 castra⁷

344 1838 369 1885 3.
380 1838 441 1898 Alii,
451 1851 479 1888 ut
488 1840 611 1902 Olivetus,
620 1842 716 1890 Lallem.
726 1842 816 1890 babent
859 1844 979 1906 explicat,
999 1855 1026 1891 ut
1044 1845 1135 1893 abduci
1146 1845 1177 1893 ds
1194 1863 1241 1894 aere
1257 1847 1336 1894 alieno
1354 1863 1368 1894 e

307 1916 469 1981 imperatoris.
482 1921 508 1969 J.
517 1922 550 1970 V.
560 1922 586 1969 L.
728 1926 732 1933 '
858 1921 955 1970 luxuria
969 1923 1104 1986 intelligat,
1124 1936 1227 1990 propter
1242 1925 1308 1989 quod
1325 1926 1367 1972 ad-

345 2006 371 2056 4.
390 1988 463 2050 AEra.
479 2003 541 2048 Sunt
553 1999 672 2064 stipendia
686 2016 740 2064 quse
754 1999 818 2065 mili·
861 2001 940 2049 dictus
953 2002 1068 2050 creditori
1081 2015 1105 2052 et
1118 2004 1236 2052 addacem
1248 2004 1278 2050 ab
1291 2018 1320 2051 so
1335 2003 1368 2050 de

310 2079 375 2128 tibus
391 2098 470 2129 annus
492 2081 630 2140 dabantur,
647 2093 672 2130 et
691 2091 818 2129 sumuntur
861 2079 915 2127 soro
931 2080 1029 2127 domum
1046 2091 1096 2139 est,
1111 2093 1136 2129 et
1152 2082 1273 2130 obnoxius
1288 2081 1367 2129 iactus

310 2238 402 2286 tentis:
415 2240 580 2302 cognoscetur
597 2250 666 2287 vetus
680 2238 721 2286 illa
739 2238 819 2286 omnis
861 2237 891 2285 de
902 2240 979 2285 Verre
991 2241 1099 2303 expetito
1111 2250 1213 2304 propter
1224 2240 1325 2288 formam
1336 2237 1369 2286 sd

310 2316 380 2365 istius
393 2318 494 2376 militia;
509 2318 607 2381 qnando
620 2328 645 2366 et
657 2320 727 2379 cujus
739 2318 817 2381 impe·
860 2315 999 2375 libidinem,
1014 2328 1039 2365 et
1050 2328 1179 2382 propterea
1191 2319 1217 2365 in
1231 2319 1287 2366 loro
1301 2334 1369 2381 qne·

311 2395 399 2441 ratoris
415 2396 441 2441 in
459 2396 543 2442 metris
560 2411 619 2452 rere,
639 2410 682 2441 seu
698 2396 818 2459 rtipendia
861 2398 955 2455 sito,et
966 2397 1023 2445 dein
1034 2397 1153 2461 perducto
1165 2396 1197 2445 ad
1209 2414 1252 2445 eos
1261 2398 1370 2461 quienm

310 2473 432 2520 meruerit.
453 2473 493 2520 Sic
507 2475 589 2520 Verris
601 2472 716 2521 libidines
728 2473 819 2537 allego·
862 2476 893 2524 ad
927 2475 1053 2523 libidinem
1087 2486 1235 2540 expeterent.
1271 2475 1369 2522 Ceteras

311 2551 360 2597 rice
372 2548 592 2615 significatorstor.
861 2555 1086 2618 interpretationes,
1106 2566 1134 2602 nt
1155 2563 1212 2619 pote
1233 2552 1264 2599 ad
1286 2551 1367 2599 locum

348 2630 372 2676 ⁵.
391 2626 422 2676 In
444 2628 576 2693 stipendiis.
596 2633 678 2695 Quum
699 2632 819 2695 stipendia
861 2632 923 2681 nibil
939 2633 1053 2681 facientes
1070 2643 1204 2697 praetereo:
1221 2629 1281 2679 mibi
1300 2631 1369 2694 prior

311 2710 528 2758 merereturmiles.
862 2713 937 2774 ansgis
946 2710 1125 2774 arridet,qan1n
1133 2713 1184 2775 ipse
1192 2709 1278 2775 Cicero
1286 2707 1371 2773 paullo

243 2816 252 2825 .
346 2789 820 2852 §.Quamistebuditiuverbisadduei,
861 2789 924 2836 inira
938 2788 1005 2838 dicat
1017 2790 1097 2843 omnia
1111 2790 1163 2850 ejus
1177 2787 1276 2846 demna,
1294 2788 1371 2837 etatis

307 2868 540 2932 perdoci.Solebant
548 2870 819 2927 nobilesadolescentes‚
863 2868 943 2916 fructu
956 2884 984 2915 ac
995 2870 1105 2933 corporis
1115 2878 1210 2931 questu
1221 2865 1294 2921 luisse
1303 2881 1373 2929 repa·

312 2962 387 3009 quum
397 2950 500 3013 primum
510 2962 648 3014 praetextam
658 2952 820 3014 deponerent,
863 2958 922 2994 rata.
934 2947 1040 2995 Videant
1051 2947 1180 2995 doctiores.

312 3036 441 3091 togamque
452 3028 545 3075 virilem
554 3027 694 3087 induerent,
700 3031 726 3077 in
741 3031 820 3078 lorum
901 3044 924 3089 7.
943 3026 1028 3074 Castra
1044 3025 1151 3091 appellat
1166 3025 1221 3073 loca
1242 3023 1284 3070 illa
1306 3021 1372 3069 ludis

311 3103 454 3164 nbijudicia
464 3106 644 3165 exercebantur,
653 3107 683 3155 ab
696 3109 780 3157 anticis
789 3110 821 3158 ad
863 3105 984 3156 aleatoriis
1002 3105 1136 3164 destinata,
1154 3103 1243 3168 quibus
1262 3100 1373 3165 quamvis

312 3191 420 3229 oratores
442 3184 576 3233 audiendos
600 3187 709 3249 perduci.
720 3190 821 3247 Verres,
863 3187 976 3251 frequens
984 3186 1077 3235 adesset
1085 3221 1094 3247 „
1102 3196 1180 3233 umen
1192 3180 1315 3245 stipendio
1335 3188 1371 3227 est

313 3259 370 3321 qnia
385 3260 463 3307 videri
477 3262 551 3311 vellet
566 3280 579 3310 a
597 3266 675 3326 prime
692 3267 820 3315 aetatcbo·
864 3266 973 3317 orbatus,
995 3269 1078 3329 Quum
1095 3264 1160 3311 eninr
1179 3271 1280 3325 propter
1298 3259 1372 3305 infre·

313 3352 397 3384 narum
415 3354 494 3388 rerum
513 3342 600 3390 studiis
616 3343 689 3390 inisse
707 3344 820 3404 deditus,
864 3347 996 3409 quendam,
1003 3342 1134 3390 absentiam
1143 3336 1371 3402 adimistipsndinm

311 3416 360 3465 hoc
367 3419 441 3467 modo
448 3420 593 3483 perductum
600 3421 655 3468 sein
662 3422 741 3471 forum
748 3424 821 3472 fnisse
863 3422 980 3471 militibus
988 3419 1072 3466 solest.
1081 3419 1117 3466 Ex
1124 3417 1236 3480 ambiguo
1242 3418 1312 3477 jocus
1321 3414 1370 3461 ele-

312 3497 469 3562 prtedicsbat.
489 3501 522 3547 At
535 3510 619 3547 contra
631 3501 740 3549 eumdem
753 3503 821 3562 loro,
864 3516 923 3563 gana
939 3509 989 3553 est;
1002 3512 1058 3542 nam
1071 3512 1146 3558 quum
1158 3496 1268 3542 videatur
1277 3493 1370 3550 dicere,

313 3592 363 3625 non
367 3578 508 3639 judiciario,
517 3579 560 3625 sed
569 3579 611 3626 illo
620 3579 645 3627 in
655 3597 705 3643 qno
714 3580 822 3629 inambn·
864 3589 944 3625 tamen
961 3573 984 3621 ei
1001 3574 1149 3636 stipendium
1164 3585 1201 3621 est
1218 3573 1374 3636 ademptum,

312 3654 395 3705 labant
414 3658 487 3706 otiosi
512 3670 536 3706 et
557 3658 671 3723 flagitiosi
693 3660 818 3721 homines,
864 3652 1299 3720 signffiffltstltavfflmomniflffl
1308 3650 1372 3698 [ΝΜ

313 3749 356 3795 per
369 3739 482 3800 nequitia
500 3741 642 3803 magistros,
660 3739 748 3803 quibu,
764 3741 822 3789 ,οὓς
864 3726 1006 3799 perdidisse.
1018 3732 1080 3780 Nsm
1087 3747 1136 3779 cere
1143 3730 1215 3787 duni,
1226 3729 1373 3777 diciturtam

312 3813 439 3875 utebatur,
455 3818 544 3868 abduci
564 3820 596 3867 ad
616 3819 693 3869 scedas
709 3819 821 3868 libidines
865 3815 896 3863 de
913 3814 1004 3869 milite,
1017 3812 1058 3859 cui
1072 3810 1221 3875 stipendium
1234 3809 1374 3872 ignominiae

313 3888 412 3939 solitum
430 3896 503 3943 fuisse
522 3900 651 3947 contendit
670 3910 760 3947 orator.
782 3899 821 3945 Sic
865 3910 935 3942 causa
945 3889 1373 3954 ostademptnm‚quamdeeo‚quem

275 4008 278 4025 ι
313 3969 424 4029 Detjsrd.
435 3984 459 4021 et
470 3975 569 4036 gallicus
581 3978 706 4040 interpres.
719 3977 821 4024 Diverso
865 3973 915 4021 alea
932 3972 1040 4020 nudavit·
1063 3973 1092 4017 In
1111 3968 1250 4034 rependiis,
1270 3966 1327 4014 dam
1346 3964 1374 4011 in

313 4056 393 4094 antem
411 4051 512 4098 omnino
530 4070 602 4101 senen
619 4056 713 4103 Emest.
730 4052 771 4116 qui
786 4052 821 4099 sic
865 4051 977 4100 aleatoris
988 4048 1121 4097 Placentini
1132 4047 1215 4095 castris
1226 4044 1348 4096 militarit.
