3054 4772
351 445 420 516 612
640 441 925 512 EXCURSUS
950 442 1121 512 XXVII.

349 585 414 631 tem
430 580 468 628 ut
484 578 568 627 esset
579 561 782 643 laciendum,
802 584 868 624 non
879 560 1085 650 ademptione
1098 563 1253 647 civitatis,
1269 565 1335 630 sed
1349 567 1450 633 tecti

347 688 379 736 et
395 691 503 758 aquae,
520 684 554 734 et
574 668 657 758 ignis
675 666 902 732 interdictione
920 667 1113 733 faciebant».
1134 666 1209 734 Haec
1227 669 1298 734 ille.
1317 671 1441 737 Dedu-

348 775 612 865 cebanturigitur
626 773 760 838 coloniae
769 796 883 837 eorum
892 773 1082 855 hominum,
1097 775 1154 863 qui
1163 792 1221 839 aut
1230 799 1293 839 sua
1305 778 1437 842 volun·
1494 812 1495 815 ¹

347 899 412 947 tate
431 901 552 946 nomen
568 878 743 960 dederant,
758 879 984 967 civitatemque
998 880 1168 945 mutabant
1187 903 1196 944 :
1219 899 1280 945 aut
1298 884 1435 970 quibus

348 1005 454 1070 tecto,
470 1009 572 1074 aqua,
588 1002 621 1049 et
636 985 704 1073 igni
718 983 926 1050 interdictum
945 1001 1015 1049 erat
1033 1009 1041 1050 ι
1059 1006 1133 1049 narn
1148 985 1200 1073 (ut
1217 989 1340 1052 scribit
1357 989 1433 1053 Po-

347 1092 465 1183 lybius)
486 1092 566 1180 «qui
589 1106 679 1154 crant
696 1112 804 1154 rerum
824 1090 1007 1179 capitalium
1028 1090 1188 1173 damnati,
1211 1093 1245 1155 in
1271 1095 1429 1159 colonias

345 1200 474 1281 latinas,
490 1212 527 1262 ut
543 1197 723 1276 Praeneste,
737 1194 849 1277 Tibur,
868 1196 1038 1283 Neapolim
1058 1196 1093 1260 in
1114 1197 1263 1260 exsilium
1283 1199 1430 1288 profici·

346 1305 553 1369 scebantur».
570 1301 655 1366 Sunt
670 1316 779 1364 autem
795 1300 927 1365 colonie
951 1301 1062 1366 latim
1076 1303 1210 1367 coloniae
1229 1304 1266 1367 in
1287 1305 1425 1369 latium

346 1409 506 1490 deductae,
522 1407 641 1496 quibus
662 1420 732 1469 tum
754 1404 886 1493 quidem
901 1406 953 1486 jus
972 1407 1107 1471 civitatis
1122 1430 1264 1472 romanae
1277 1434 1422 1476 conm-
1486 1466 1492 1487 ‚

346 1537 421 1579 sum
435 1535 502 1578 non
518 1525 596 1574 erat.
609 1510 693 1575 Nam
711 1510 890 1598 antiquitus
909 1511 1018 1575 launi
1032 1533 1138 1600 neque
1154 1513 1310 1603 suffragia
1334 1516 1423 1580 fere·
1486 1562 1491 1579 .

345 1620 438 1697 bant,
457 1638 565 1704 neque
579 1616 783 1706 magistratus
796 1633 906 1704 petere
918 1633 1089 1704 poterant:
1101 1617 1189 1682 unde
1201 1620 1301 1684 etiam
1313 1622 1425 1686 azau
1485 1610 1496 1689 f

343 1724 394 1788 alii
413 1721 569 1786 dicuntur
583 1724 661 1785 cives
678 1745 755 1787 rom.
770 1722 823 1785 alii
839 1721 949 1785 Latini
960 1724 1117 1787 Jum'anir
1129 1722 1232 1788 veluti
1247 1726 1307 1812 qui
1329 1728 1423 1791 inter
1485 1700 1492 1811 l

344 1828 465 1893 amicos
480 1826 668 1891 manumissi
686 1841 791 1907 erant,
804 1841 861 1890 aut
877 1826 918 1889 ab
932 1827 972 1890 iis
989 1828 1195 1909 manumissi,
1208 1831 1266 1916 qui
1285 1847 1421 1897 tantmn
1485 1826 1496 1885 l

344 1933 506 2013 inbonis,
523 1954 591 1995 non
610 1932 706 1995 etiam
725 1953 765 1994 ex
774 1931 848 2009 jure
863 1929 1042 2012 Quiritium
1055 1955 1185 1997 servum
1200 1934 1293 1999 illum
1311 1936 1421 2001 babe-
1486 1914 1492 2003 l

344 2041 432 2105 bant.
454 2038 567 2103 Latini
579 2052 689 2100 autem
703 2035 822 2123 quibus
840 2034 945 2099 modis
964 2037 1017 2116 jus
1034 2037 1209 2120 Quiritium
1227 2062 1417 2129 conseque.

344 2162 468 2221 rentur,
482 2141 580 2207 tradit
590 2142 746 2230 Ulpianus
761 2140 794 2204 in
806 2141 939 2221 Titulis,
952 2141 1053 2229 capite
1066 2142 1172 2207 tertio.
1187 2145 1287 2208 Horu.

388 2249 530 2314 Coloniae
552 2248 670 2313 Latinae
690 2246 853 2310 habebant
872 2262 1000 2311 tantum
1020 2247 1072 2327 jus
1094 2249 1185 2312 Latii.
1206 2248 1288 2314 Vide
1312 2250 1355 2316 de
1375 2254 1417 2319 iis

343 2359 452 2447 Sigon.
470 2355 511 2420 de
522 2355 656 2440 antiquo
668 2356 742 2434 jure
757 2353 870 2433 Italiae,
887 2354 933 2436 11,
946 2377 1014 2442 cap.
1031 2350 1062 2419 3.
1081 2354 1194 2436 Quum
1206 2356 1318 2421 scribit
1330 2359 1419 2424 Hot-

344 2481 519 2529 tomannus
540 2458 698 2523 deductos
720 2480 790 2522 esse
812 2459 847 2521 in
870 2459 1030 2541 colonias,
1055 2461 1112 2547 qui
1135 2460 1416 2543 damnauerunt,

343 2569 457 2630 falsum
478 2579 552 2627 est:
571 2585 638 2626 non
658 2585 698 2626 eo
721 2561 980 2645 deducebantur,
1003 2563 1061 2629 sed
1078 2582 1195 2653 sponte
1216 2566 1290 2631 illuc
1307 2568 1416 2656 profi·

344 2669 558 2749 ciscebantur,
574 2684 612 2731 ut
624 2690 754 2755 poenam
768 2667 951 2758 effugerent
964 2670 1086 2733 Romae.
1099 2670 1209 2736 Gan.

387 2777 454 2840 Aut
463 2797 521 2838 suu
529 2773 702 2837 volume.
711 2776 797 2836 Ante
806 2772 875 2838 haec
881 2773 979 2837 verba
987 2790 1063 2838 nota
1076 2776 1189 2862 puncti
1199 2774 1414 2845 desideratur.

344 2884 408 2947 Sua
424 2897 532 2945 autem
554 2880 721 2943 voluntate
737 2876 1036 2965 proficiscebantur,
1059 2880 1117 2967 qui
1132 2897 1280 2945 auctores
1299 2901 1413 2966 erant,

342 3008 505 3074 suumque
518 3006 638 3049 nomeu
651 2982 897 3072 profitebantur.
915 2986 1016 3049 Hor-r.
1026 3021 1072 3033 —
1083 2985 1150 3048 Sua
1167 2986 1335 3050 voluntate
1350 3011 1414 3054 au·

343 3110 448 3156 ctores
461 3106 551 3155 erant
565 3106 597 3154 et
610 3112 705 3153 suum
723 3112 844 3153 nornen
862 3088 1027 3155 dederant.
1044 3092 1152 3156 θην.

387 3200 453 3262 Ant
471 3195 550 3283 legis
564 3195 674 3260 multa.
693 3195 805 3277 Quum
819 3197 865 3260 eis
879 3212 985 3283 tecto,
1002 3220 1103 3286 aqua,
1116 3213 1148 3262 et
1163 3197 1231 3287 igni
1250 3214 1335 3264 esset
1355 3201 1410 3266 in-

343 3301 528 3367 terdictum.
545 3301 646 3364 Hora.

388 3409 495 3496 Quum
502 3403 1108 3493 multomsisrfflrrevoluissent,tamen
1117 3412 1411 3476 nmmreincbitate

336 3515 516 3604 potuissent.
539 3512 599 3575 Alii
618 3512 767 3576 nonnulli
781 3543 794 3567 α
806 3514 1004 3592 noluissent,
1023 3532 1094 3579 tum
1114 3539 1244 3580 manere
1257 3548 1270 3572 ι
1287 3538 1298 3580 r
1315 3515 1407 3603 quod

342 3622 457 3684 falsum
481 3633 545 3697 est,
566 3633 604 3681 ut
622 3640 661 3681 ex
680 3617 776 3680 simili
798 3618 872 3682 loco
893 3620 1083 3710 intelligitur
1101 3621 1163 3685 hac
1182 3622 1250 3709 ipsa
1267 3622 1406 3709 pagina:

342 3759 355 3782 t
368 3725 435 3808 Qui
453 3724 486 3786 in
503 3722 629 3787 civitate
646 3722 724 3811 legis
743 3723 808 3785 vim
827 3724 936 3789 subire
952 3727 1089 3808 vellent,
1107 3750 1174 3791 non
1191 3728 1280 3816 prius
1296 3726 1406 3791 civita·

308 3904 312 3913 ,
344 3848 429 3909 tem,
448 3850 544 3916 quam
562 3827 664 3891 vitam
679 3828 900 3895 amitterent».
916 3831 1000 3896 Nam
1016 3849 1102 3896 tecto
1114 3832 1192 3915 illis,
1212 3850 1245 3896 et
1258 3854 1358 3919 aqua,
1375 3850 1408 3897 et

340 3934 408 4019 igni
426 3932 699 3998 interdicebatur:
716 3956 754 3997 ac
772 3950 856 3998 certa
871 3959 965 4025 poena
981 3937 1194 4015 sanciebatur,
1213 3937 1331 4025 siquis
1348 3960 1406 4003 eos

341 4050 427 4098 tecto
441 4038 628 4123 recepisset,
643 4060 765 4126 aquave
781 4054 814 4102 et
829 4040 896 4128 igni
911 4042 1067 4121 juvisset:
1083 4042 1174 4130 quod
1190 4042 1269 4107 side
1282 4042 1408 4108 civitate

341 4139 426 4205 exire
438 4139 575 4223 nollent,
591 4142 748 4227 quamdiu
759 4165 833 4207 aere
847 4161 879 4209 et
890 4148 991 4229 vesci,
1005 4164 1037 4213 et
1045 4148 1108 4237 tegi
1122 4163 1267 4236 possent,
1282 4145 1407 4213 tamdiu
