3016 4774
504 366 785 436 EXCURSUS
809 367 837 433 1.
1136 362 1200 436 551

142 488 340 569 restitueres,
352 482 569 573 respondebat
578 484 777 551 adversarius
790 506 822 548 se
833 484 996 549 mitiacum
1006 507 1019 549 .·
1030 483 1131 551 altero
1144 486 1207 576 igi-
1224 482 1228 485 ’

143 611 199 659 tur
223 591 411 656 resumtum
428 611 463 653 se
484 568 638 678 negarite,
667 588 800 677 sponsio
823 586 929 655 fiebas
955 590 1208 679 Recupemtores

144 698 374 778 sumebantur3
386 692 475 783 apud
486 717 571 783 quos
584 693 798 782 querebatur,
811 694 978 760 restimtus
991 711 1140 775 noceret,
1151 697 1209 785 qui

41 786 45 799 ’
145 803 250 867 suerat
258 802 401 883 dejectus
413 847 423 882 ‚
434 822 475 864 on
490 822 580 882 non3
598 798 633 863 id
649 815 715 882 est,
728 800 886 888 paruisset
899 821 941 863 ne
953 799 1096 880 dejector
1104 801 1212 866 edicto

145 924 243 996 etque
255 907 391 996 imperio
400 905 546 995 presteris
555 953 565 989 ,
575 927 616 970 an
627 927 705 969 non.
720 906 792 973 Hoc
803 920 914 973 eutem
921 904 1064 988 judicio,
1079 922 1118 971 ut
1128 930 1212 995 serpe

146 1029 257 1101 postes
267 1011 475 1094 docebimus,
486 1032 597 1079 revera
608 1010 689 1075 nihil
702 1009 789 1077 eliud
799 1011 1014 1098 querebatur,
1025 1034 1123 1100 quem
1139 1029 1213 1078 uter

146 1117 342 1207 possideret3
356 1140 431 1183 nam
446 1116 474 1181 si
493 1138 560 1183 non
574 1114 739 1205 possidere
750 1114 968 1181 adversarium
984 1115 1127 1199 dejector
1138 1140 1214 1207 pro·

14 1285 17 1293 .
147 1225 256 1308 beret,
278 1224 446 1305 vincebat,
469 1239 502 1317 et
526 1222 634 1288 edicto
648 1223 800 1312 ⁴prrstoris
822 1222 966 1311 paruisse
987 1222 1214 1304 judicabatur:

149 1332 324 1399 nonenim
344 1329 436 1395 aliter
455 1344 524 1393 emt
539 1322 708 1394 restituere
721 1330 851 1411 jussus,
870 1328 932 1392 nisi
951 1329 979 1394 si
995 1350 1213 1417 possessorem
1266 1392 1268 1399 .

148 1434 324 1516 dejecisset
350 1433 548 1514 Dejectionis
578 1434 666 1499 enim
698 1433 819 1499 invidis
843 1433 1044 1523 probotionis
1069 1458 1153 1502 onus
1179 1437 1213 1500 in

149 1539 346 1620 dejectorem
363 1537 540 1621 rejiciebam
558 1554 597 1602 ut
610 1555 702 1627 poter
716 1539 799 1603 infra
814 1562 823 1604 ε
840 1570 853 1597 α
864 1538 1011 1606 Ostendo
1023 1588 1033 1621 ,
1047 1542 1073 1606 si
1089 1543 1159 1609 sine
1169 1564 1217 1605 sr-

106 1688 110 1699 «
150 1647 244 1713 matis
261 1645 420 1711 coactisve
434 1644 623 1709 hominibus
641 1642 784 1724 dejectus
797 1645 970 1735 quisquam
984 1646 1027 1712 sit
1041 1669 1050 1711 τ
1066 1670 1141 1712 eum
1158 1648 1216 1735 qui

150 1751 289 1817 fateatur
305 1773 341 1817 se
356 1750 529 1831 dejecisse,
544 1750 673 1816 vincere
688 1750 917 1839 sponsionem,
931 1753 959 1816 si
973 1752 1124 1818 ostendat
1140 1774 1215 1817 enm

151 1878 218 1921 oon
233 1855 413 1944 possedisse
422 1886 446 1921 υ.
460 1858 568 1944 Atque
579 1855 647 1937 hec
659 1855 792 1944 quidem
802 1878 872 1920 mes
888 1856 1053 1945 quondam
1063 1858 1126 1922 fuit
1141 1881 1218 1947 pro·

151 1977 224 2050 pter
239 1961 332 2027 illum
349 1962 513 2027 Ciceronis
531 1962 641 2027 locum
658 1963 838 2045 sententis,
856 1963 914 2049 qui
932 1984 999 2028 non
1019 1961 1120 2027 modo
1136 1963 1218 2028 mihi

152 2064 351 2133 adolescenti
368 2083 405 2137 ut
420 2082 492 2135 tum
503 2089 610 2150 eram,
621 2088 736 2131 verum
753 2067 850 2131 etism
863 2066 966 2133 cuivis
979 2067 1152 2131 exercitato
1167 2089 1218 2131 er·

152 2194 260 2237 rorem
274 2172 414 2252 objicere
428 2171 522 2238 facile
534 2171 642 2259 potuit
657 2194 666 2235 ε
681 2170 771 2259 quod
783 2171 872 2237 enim
885 2170 1000 2241 clarius
1017 2169 1081 2234 dici
1092 2173 1218 2260 potuit,

153 2300 252 2366 quem
274 2277 451 2359 «dejecturi
471 2299 554 2345 onus
573 2276 762 2341 incumbere
783 2275 944 2363 probandi
965 2274 1127 2356 dejectum
1150 2298 1218 2341 non

151 2381 352 2472 possedisse?
362 2415 376 2445 ι
391 2381 456 2451 Sed
467 2398 580 2471 postes
590 2381 708 2471 partim
721 2383 842 2462 majore
859 2382 1036 2446 attentione
1053 2380 1216 2465 adhibita,

154 2493 269 2577 partim
285 2489 353 2555 aliis
371 2488 535 2555 Ciceronis
549 2488 628 2552 locis
642 2487 813 2568 excitatus,
824 2488 922 2552 stetui
940 2485 1135 2577 «probandis
1145 2509 1222 2576 pos·

154 2594 306 2661 sessionis
323 2614 407 2659 onus
425 2592 567 2674 dejecto,
588 2615 655 2659 non
671 2592 825 2673 dejecturi
839 2593 1028 2659 incumbere
1038 2624 1064 2675 n,
1083 2611 1123 2658 ut
1137 2594 1221 2657 infra

157 2698 357 2767 docebimus.
375 2700 452 2767 Hoc
469 2714 580 2765 sutem
595 2697 642 2761 vis
662 2713 729 2780 est,
747 2702 780 2762 e't
800 2697 938 2778 dejectio
961 2709 1059 2787 quam
1076 2698 1222 2763 moribus

157 2803 227 2868 fieri
242 2803 336 2887 dicit3
355 2826 453 2892 quam
470 2803 554 2875 iufra
570 2832 583 2859 s
593 2803 659 2869 vim
680 2802 901 2890 quotidianam
913 2834 927 2859 s
945 2805 1105 2892 appellnt:
1122 2826 1222 2891 quam

158 2911 195 2973 A.
211 2908 292 2975 Geli.
308 2909 365 2975 lib.
376 2910 533 2998 XX,cap.
555 2932 616 2989 ro,
632 2908 718 2973 «vim
733 2908 859 2972 civilem
875 2930 913 2972 sc
928 2907 1132 2973 festucarism
1142 2938 1155 2964 ν
1168 2929 1224 2996 sp·

158 3013 273 3102 pellet,
301 3034 398 3101 quom
422 3034 504 3083 verse
528 3015 559 3080 vi
580 3035 617 3079 ec
641 3012 752 3079 solides
772 3013 929 3100 opponit3
949 3012 991 3077 de
1013 3035 1078 3101 quo
1099 3012 1224 3076 Ennius

160 3117 284 3183 dixerat
306 3141 314 3181 ε
336 3119 437 3184 «Non
454 3140 498 3189 es.
511 3117 586 3197 jure
600 3139 701 3183 manu
721 3134 930 3199 consertum,
953 3118 1010 3183 sed
1028 3142 1121 3209 mage
1139 3119 1227 3183 ferro

162 3226 245 3291 Rem
264 3240 437 3312 repetunt,
453 3244 657 3312 regnumque
679 3240 811 3312 petunt,
828 3223 953 3290 redunt
975 3226 1075 3291 soiida
1091 3228 1124 3289 ri
1138 3258 1161 3289 ι.
1184 3225 1229 3288 Ut

162 3330 260 3395 etiam
280 3330 449 3419 perspicue
471 3346 621 3418 appareat
640 3331 903 3394 «consertionem
922 3331 1008 3396 illam
1030 3352 1229 3408 manuum»,

162 3434 278 3523 dequo
290 3450 360 3505 toto
374 3434 429 3507 illo
439 3435 542 3524 capite
555 3432 716 3522 disputat,
733 3434 813 3498 nihil
826 3435 916 3500 aliud
926 3437 1041 3518 fuisse,
1053 3458 1150 3524 quom
1164 3434 1231 3496 vim

162 3543 264 3624 lunc,
280 3563 318 3605 sc
333 3540 578 3622 deductionem,
592 3563 665 3630 quse
675 3541 808 3607 osoribus
820 3539 871 3629 (nt
886 3544 1002 3607 Cicero
1017 3541 1233 3630 dicit)fisbct,·

164 3664 303 3735 etquarn
311 3645 390 3715 dicit
405 3649 483 3712 olim
501 3664 657 3737 presente
666 3663 803 3735 prmtore
818 3646 887 3711 fieri
904 3648 1042 3725 solitum,
1053 3648 1108 3735 qui
1122 3649 1233 3737 ipsein

166 3774 234 3817 rem
244 3770 453 3842 presentem,
466 3776 645 3841 agrumque
654 3753 831 3842 litigiosum
845 3753 1117 3842 proficiscebatur.
1130 3756 1236 3820 Verba

168 3874 274 3927 sutem
294 3860 533 3943 jurisconsulti,
554 3882 625 3947 qum
643 3860 766 3925 Gellius
783 3860 938 3948 protulit,
960 3881 1032 3945 qum
1048 3860 1082 3922 in
1097 3859 1235 3949 vulgatis

169 3961 258 4031 libris
270 3964 363 4031 valde
376 3982 530 4054 corrupta
543 3981 640 4044 suns,
660 3966 705 4029 sic
722 3964 856 4052 legendo
873 3986 912 4028 ac
930 3965 1128 4030 restituenda
1141 3982 1237 4055 puts-

172 4090 245 4145 mus
260 4093 268 4135 :
286 4100 299 4124 ι
309 4071 446 4136 Manum
460 4093 645 4152 conserere,
664 4088 711 4136 ess
724 4092 789 4159 quo
801 4070 842 4135 dc
855 4092 890 4134 rs
906 4069 1187 4158 disceptsbaturin
1202 4096 1241 4137 re
