3176 4770
214 366 217 372 ’
324 397 389 471 162
640 398 689 465 Μ.
715 399 754 464 r.
782 395 1066 465 crcunours

318 518 540 605 commodis,
563 519 593 589 si
612 528 729 614 qun¹⁰
756 515 803 587 ad
829 531 864 588 te
891 516 968 614 iege
991 530 1195 588 veneruntz
1217 516 1386 612 injuriam

318 656 465 729 queror,
483 625 752 726 improbitatem
774 651 953 725 coarguo,
979 627 1163 697 avaritiam
1185 628 1225 697 in
1250 631 1387 699 crimen

319 756 356 812 et
371 742 411 811 in
427 737 605 834 judicium
622 760 726 808 voc0.

321 877 329 893 ’
364 848 473 942 Quod
491 850 522 919 si
541 847 764 946 suspiciones
780 846 929 942 injicere
946 844 1098 935 voletis,
1120 844 1166 917 ad
1183 847 1307 944 plures
1324 846 1389 919 ho·

317 963 433 1032 minos
458 974 495 1031 et
519 958 565 1029 ad
591 957 715 1055 plures
742 957 946 1055 provincias
973 957 1110 1027 crimen
1141 955 1249 1028 hoc¹¹
1274 962 1388 1056 perti·

316 1097 426 1158 nere;
447 1094 525 1141 non
548 1092 616 1165 ogo
637 1070 741 1139 istam
762 1064 1011 1138 defensionem
1034 1081 1189 1138 vestram
1216 1068 1388 1164 pertime-

315 1209 411 1259 scum
430 1194 474 1270 ¹²,
495 1180 558 1253 sed
587 1205 646 1253 me
676 1182 841 1252 omnium
869 1176 1138 1276 provinciarum
1158 1176 1387 1251 defensorem

315 1321 393 1370 esse
419 1290 633 1392 profitebor.
662 1292 804 1362 Etenim
834 1289 905 1361 hoc
932 1289 1015 1361 dico
1030 1286 1074 1377 ¹³,
1097 1303 1134 1359 et
1151 1312 1282 1386 magna
1297 1312 1387 1359 voco

316 1407 425 1480 dico:
446 1404 678 1500 Ubicumque
703 1402 774 1473 hoc
799 1399 934 1472 factum
961 1415 1036 1486 est,
1060 1399 1232 1497 improbo.
1253 1398 1388 1471 factum

318 1529 390 1604 est;
408 1516 632 1612 quicumque
651 1513 724 1583 hoc
742 1509 848 1600 fecit,
865 1510 1047 1608 supplicio
1067 1508 1198 1606 dignus
1214 1524 1279 1581 est.

366 1627 491 1695 XCIV.
518 1624 628 1711 Nam,
659 1644 726 1719 per
756 1621 845 1693 deos
866 1619 1134 1692 immortales¹l
1166 1620 1304 1708 videte,
1330 1621 1389 1717 ju·

318 1735 437 1823 dices,
454 1747 492 1805 et
509 1732 704 1831 prospicite
722 1732 870 1819 animis,
887 1730 977 1827 quid
994 1730 1161 1801 futurum
1179 1731 1236 1802 sit.
1256 1730 1388 1801 Multi²

319 1866 467 1940 magnas
482 1844 651 1940 pecunius
662 1839 708 1912 ab
725 1842 845 1911 invitis
864 1841 1069 1915 civitatibus
1082 1856 1191 1938 atque
1206 1840 1252 1911 ab
1270 1842 1391 1912 invitis

319 1952 523 2027 stratoribus
538 1955 606 2023 ista
620 1953 778 2040 ratione,
791 1950 889 2023 celiae
901 1952 1066 2041 nornine,
1078 1965 1278 2047 coegerunt
1291 1950 1390 2046 (om-

319 2065 410 2135 nino
429 2085 498 2159 ego
523 2061 706 2133 neminem
725 2060 849 2148 video,
869 2077 1001 2161 praeter
1016 2066 1147 2150 istum3
1167 2059 1231 2131 sed
1252 2060 1301 2132 do
1319 2060 1391 2134 hoc

319 2173 441 2264 vobis,
457 2189 495 2247 et
507 2173 673 2247 concedo
687 2229 697 2264 ‚
713 2198 790 2246 esse
804 2173 964 2272 multos)
978 2202 986 2244 ε
1005 2174 1043 2245 in
1062 2174 1134 2244 hoc
1152 2172 1300 2243 homine
1313 2196 1392 2244 rem

319 2285 513 2359 adductam
539 2286 577 2355 in
597 2284 774 2380 judicium
793 2285 950 2357 videtis:
971 2282 1060 2383 quid
1083 2282 1200 2354 facore
1217 2282 1393 2381 potestis?

319 2401 473 2482 Utrum,
494 2419 611 2493 quum
631 2394 772 2491 judices
794 2397 870 2468 sitis
894 2394 940 2467 de
967 2398 1121 2493 pecunia
1143 2388 1284 2492 capta³‚
1304 2417 1390 2464 con·

321 2504 458 2591 cilium,
471 2518 607 2576 tantam
624 2510 817 2603 pecuniam
830 2520 972 2604 captam
987 2505 1186 2603 negligere3
1201 2529 1262 2589 an,
1277 2526 1392 2601 quum

319 2613 380 2685 lex
397 2616 581 2685 sociorum
600 2638 708 2686 cansa
725 2631 849 2712 rogata
864 2619 930 2704 sit,
948 2616 1129 2687 sociorum
1148 2614 1393 2712 querimonias

320 2748 396 2796 non
416 2722 591 2796 audiret?
612 2727 749 2796 Verum
764 2724 837 2796 hoc
854 2749 1005 2823 quoquo
1022 2723 1127 2796 vobis
1144 2725 1309 2810 remitto;
1331 2748 1393 2795 ne·

322 2835 445 2932 gligite
462 2838 665 2933 preterita,
681 2838 711 2907 si
725 2835 835 2906 vultis
850 2862 858 2905 :
876 2835 938 2907 sed
956 2860 1004 2906 ne
1021 2831 1203 2933 reliquas⁵
1220 2860 1303 2934 spes
1320 2850 1394 2905 tur·

323 2943 439 3034 betis,
453 2958 563 3042 atquc
575 2969 702 3017 omnes
718 2946 922 3044 provincias
940 2945 1124 3033 evertatis3
1140 2945 1179 3016 id
1193 2944 1393 3044 providete,

325 3132 360 3181 sit
368 3133 470 3190 Cicero,
482 3131 613 3181 Tusculun.
624 3133 745 3198 Disputat.
754 3133 799 3184 lib.
814 3136 835 3189 1.
916 3150 940 3185 s.
953 3130 1036 3183 Mutet.
1048 3132 1181 3192 Nimirum,
1192 3143 1223 3182 ut
1234 3133 1316 3185 studet
1329 3138 1396 3185 llor-

247 3276 250 3285 .
364 3227 403 3260 ro.
417 3211 445 3257 Si
455 3226 513 3274 qus.
532 3210 642 3260 Subeud.
656 3212 831 3264 commode.-
880 3215 971 3265 tensius
985 3211 1149 3278 suspicionem
1162 3207 1270 3280 injicere.

326 3291 396 3355 Lege.
405 3288 436 3336 ld
448 3299 492 3348 est,
500 3290 582 3351 juste,
598 3289 714 3354 legitime,
727 3292 790 3341 sicut
800 3303 838 3341 est
917 3294 942 3344 3.
961 3295 998 3342 De
1006 3291 1126 3359 pecunia.
1139 3292 1177 3338 De
1192 3291 1342 3355 repetundis.

325 3368 379 3434 lege
389 3366 518 3415 sancitum.
918 3381 942 3430 4.
962 3372 1088 3420 Sociorum
1108 3368 1282 3435 querimonias.
1294 3371 1343 3418 Lex
1356 3369 1396 3417 hi·

361 3463 402 3495 11.
419 3444 514 3494 Crimen
534 3446 589 3494 noe.
604 3447 674 3496 Hunc
686 3463 764 3496 mesm
775 3451 838 3497 Ver·
883 3453 972 3517 pertits
983 3462 1034 3511 est,
1044 3451 1150 3519 primum
1163 3449 1227 3496 enirn
1238 3448 1310 3510 jubet
1317 3450 1395 3514 queri

323 3527 357 3575 ris
371 3525 477 3575 stsntiae
487 3536 512 3574 et
524 3522 688 3593 improbitstis
700 3529 837 3578 accusatio·
881 3531 912 3583 de
921 3532 1025 3595 pecunie
1035 3542 1120 3580 contra
1131 3529 1197 3593 leges
1208 3540 1294 3594 cepte3
1306 3528 1396 3578 deiude

324 3604 617 3665 neur‚noneumsolum
630 3608 838 3673 impugmre,sed
881 3608 1003 3657 sociorum
1026 3626 1097 3658 ceusu
1127 3609 1154 3657 id
1173 3607 1251 3670 jubet.
1272 3609 1396 3659 utramvis

324 3685 442 3737 etiamad
455 3684 516 3733 elios
528 3682 658 3751 pertinere.
881 3697 974 3755 purtem
987 3688 1154 3755 negligentes,
1169 3688 1194 3735 iu
1207 3688 1324 3739 utrumuis
1336 3704 1396 3754 pse·

361 3763 720 3826 rs.Pertimsseam.Qnumvis
728 3765 771 3815 ills
779 3765 840 3816 mul·
883 3765 952 3815 estis.
975 3767 1034 3817 Nou
1053 3769 1158 3832 potestis
1182 3770 1247 3816 enim
1272 3769 1395 3819 nnumin
1480 3804 1489 3831 Ι.

324 3855 360 3893 tes
372 3847 399 3892 in
412 3861 451 3893 me
465 3843 595 3893 concitetis
608 3844 758 3913 inimicitius.
881 3856 976 3911 purtem
984 3862 1085 3913 peecare
1093 3882 1101 3907 ‚
1110 3849 1171 3913 quin
1181 3848 1253 3899 simul
1260 3849 1288 3897 in
1296 3847 1395 3897 sltersnt

360 3926 401 3971 13.
415 3923 511 3972 Etenim
524 3920 571 3975 hos
584 3922 648 3973 dico.
666 3925 788 3974 Tmnsitio
802 3925 838 3972 ri·
881 3923 1038 3988 delinquetis.
1327 3930 1331 3937 '

334 4001 390 4047 uide
407 3999 438 4047 ud
452 4002 644 4051 conclusionem.
834 4064 837 4071 μ
917 3999 941 4057 5.
957 4004 1080 4069 Reliquas.
1104 4005 1172 4067 Ques
1184 4016 1292 4055 statores
1303 4002 1396 4051 hsbent

358 4076 449 4125 XCIV.
459 4092 482 4127 1.
495 4079 562 4129 Nam
573 4080 695 4143 psrdsos.
705 4079 837 4129 Conclusio
880 4080 907 4128 in
918 4092 1059 4145 posterum
1071 4080 1097 4130 h.
1107 4099 1130 4139 e,
1141 4100 1173 4137 ue
1182 4086 1285 4139 omnino
1294 4083 1396 4135 miseros

325 4154 397 4219 hujus
410 4154 486 4203 tertlae
498 4156 582 4219 pertis.
850 4214 854 4226 ¹
882 4160 978 4210 Siculos
991 4161 1112 4212 evertatis,
