3200 4768
306 354 377 428 250
624 358 673 425 Μ.
699 358 738 441 T.
763 355 1044 425 CICERONIS

307 478 490 575 copiosius
513 487 684 545 ornatum
713 477 778 564 sit,
804 498 915 572 quam
938 472 1024 561 luit3
1050 486 1092 542 ut
1118 471 1200 543 illa⁴
1224 470 1366 545 flamma

308 587 479 658 divinitus
506 585 681 656 exstitisse
709 583 892 671 videatur,
914 607 991 654 non
1012 606 1094 680 quae
1115 581 1252 654 deleret
1272 588 1368 654 Joris

308 697 438 793 optimi
455 691 601 764 maximi
620 693 815 792 templum,
830 692 894 765 sed
913 717 994 792 quae
1011 690 1214 790 praeclarius
1229 695 1367 790 mugni-

307 804 547 902 licentiusque
566 802 786 901 deposceret.

356 913 497 987 Audisti
518 915 562 1004 Q.
580 915 779 985 Minucium
797 912 933 984 Rufum
950 911 1091 999 dicere,
1110 911 1210 983 domi
1223 937 1297 983 suae
1309 912 1369 984 de-

309 1039 489 1096 versatum
505 1048 582 1095 esse
600 1023 820 1099 Antiochum
839 1046 961 1120 regem
982 1021 1184 1118 Syracusis3
1199 1019 1258 1090 se⁵
1280 1021 1369 1092 illud

310 1136 401 1206 scire
418 1132 465 1204 ad
483 1134 591 1203 istum
607 1157 684 1203 esse
703 1131 883 1219 delatum3
904 1156 941 1202 se
960 1132 1050 1203 scire
1071 1154 1148 1200 non
1169 1127 1368 1201 redditum:

310 1242 459 1330 audisti,
476 1257 513 1313 et
526 1241 650 1313 audies
665 1240 789 1312 omni⁶
806 1267 826 1312 e
845 1255 1028 1313 conventu
1044 1244 1285 1336 Syracusano,
1306 1240 1370 1336 qui

310 1354 360 1423 ita
373 1351 513 1440 dicant,
527 1375 606 1422 sese
618 1349 865 1439 audientibus,
877 1349 968 1421 illud
977 1350 1055 1421 Jovi
1066 1353 1205 1447 optimo
1215 1350 1371 1419 maximo

312 1460 470 1533 dicatum
500 1486 577 1532 esse
606 1459 653 1532 ab
678 1485 763 1558 rege
788 1459 969 1533 Antiocho
994 1473 1031 1531 et
1058 1473 1317 1530 consecratum.
1337 1462 1372 1530 si

309 1567 423 1665 judex
439 1593 514 1640 non
533 1594 645 1657 esses,
660 1585 697 1641 et
712 1570 789 1640 baec
807 1568 852 1641 ad
871 1584 907 1640 te
923 1568 1040 1641 delata
1055 1593 1113 1640 res
1129 1582 1240 1655 esset,
1260 1583 1297 1639 te
1313 1593 1376 1667 po·

312 1680 489 1749 tissimum
504 1678 575 1751 hoc
594 1681 782 1779 persequi,
798 1694 834 1751 te
850 1694 994 1778 petere,
1010 1695 1046 1750 te
1059 1703 1165 1776 agere
1178 1692 1374 1777 oporteret.

314 1790 436 1877 Quare
460 1814 534 1863 non
558 1788 707 1877 dubito,
725 1815 801 1888 quo
821 1793 943 1862 animo
960 1791 1073 1885 judex
1091 1790 1201 1885 hujus
1218 1791 1376 1860 criminis

312 1921 389 1968 esse
410 1895 562 1985 debeas,
587 1902 652 1996 qui
671 1897 771 1998 apud
794 1899 905 1970 alium
924 1900 1085 1996 judicem
1107 1899 1223 1970 multo
1245 1902 1377 1985 acrior,

314 2031 426 2105 quam
446 2031 513 2103 ego
534 2032 636 2097 sum,
656 2024 758 2080 actor
778 2024 1037 2107 accusatorque
1059 2034 1136 2082 esse
1153 2007 1313 2081 deberes.
1359 2098 1362 2109 Ι

363 2121 509 2188 XXXII.
545 2116 659 2190 Vobis
689 2129 850 2209 autem¹,
877 2117 1040 2214 judices,
1068 2117 1255 2215 quidhoc
1285 2113 1378 2187 indi-

316 2231 443 2327 gnius,
464 2242 526 2298 aut
544 2228 632 2324 quid
652 2229 772 2299 minus
792 2226 983 2300 [erendum
1003 2226 1119 2298 videri
1138 2227 1279 2325 potest?
1296 2230 1380 2297 Ver·

315 2363 421 2408 resne
449 2336 599 2407 babebit
627 2336 725 2408 domi
753 2362 826 2409 suae
846 2335 1103 2409 candelabrum
1129 2338 1225 2406 Jovis
1252 2334 1378 2431 optimi

316 2449 483 2531 maximi,
512 2471 532 2516 e
561 2451 711 2542 gemmis
740 2472 903 2546 auroque
931 2445 1155 2545 perfectum?
1182 2445 1285 2539 cujus
1308 2442 1380 2513 lul·

317 2579 404 2652 gore
429 2554 609 2625 collucere
636 2569 743 2655 atque
771 2558 941 2629 illustrari
967 2558 1063 2628 Jovis
1089 2557 1216 2654 optimi
1234 2552 1379 2621 maximi

319 2663 495 2763 templum
517 2664 728 2762 oportebat,
747 2665 783 2736 id
801 2667 897 2765 apud
917 2669 1025 2737 istum
1042 2670 1080 2736 in
1097 2660 1272 2760 ejusmodi
1291 2684 1380 2732 con·

318 2776 419 2853 viriis
433 2777 686 2863 constituetur,
702 2801 783 2873 quae
801 2775 1008 2848 domesticis
1021 2779 1155 2874 stupris
1170 2772 1382 2870 flagitiisque

318 2882 548 2982 flagrabunt?
569 2887 608 2954 in
630 2886 731 2956 istius
753 2883 893 2956 lenonis
913 2887 1111 2985 turpissimi
1130 2884 1257 2971 domo,
1277 2880 1382 2955 simul

319 3018 403 3065 cum
421 2999 550 3066 ceteris
567 2994 777 3067 Chelidonis
794 2995 1041 3068 hereditariis²
1059 2995 1301 3081 omamentis‚
1319 2994 1383 3061 Ca·

357 3212 382 3258 4.
405 3204 437 3250 Ut
452 3202 496 3250 illa
503 3203 620 3270 flamma.
630 3206 688 3254 Non
702 3206 776 3254 semel
789 3209 833 3257 Ca-
876 3208 980 3259 libenter
989 3206 1313 3271 commemoratumque
1323 3203 1385 3252 nibil

321 3280 436 3345 pitolinm
449 3281 550 3330 fulmine
562 3283 639 3331 ictum
658 3282 832 3348 conflagratum
876 3287 1031 3353 flagitiosius,
1043 3289 1105 3337 nibil
1113 3289 1224 3335 infestius
1232 3286 1279 3350 ipei
1291 3281 1385 3348 populo

321 3362 402 3426 qnod,
414 3377 489 3425 quum
501 3362 526 3409 in
537 3362 643 3410 inustum
656 3379 728 3412 omen
742 3373 833 3411 vertere
876 3384 979 3417 romano
986 3371 1073 3415 Verres
1079 3366 1207 3413 commisit.
1213 3367 1293 3428 Quare
1299 3362 1386 3410 Cicero

320 3441 411 3489 vellent
422 3442 543 3500 Romani,
557 3442 696 3506 praeclarius
708 3453 733 3490 et
741 3440 834 3512 magni·
874 3450 970 3510 judica
978 3447 1089 3511 megine
1099 3448 1174 3510 magi,
1188 3447 1214 3493 in
1227 3460 1294 3493 reum
1308 3441 1386 3499 uenit,

321 3520 434 3571 licentius
444 3521 532 3570 Jovem
542 3520 672 3586 deposcere
685 3519 834 3586 profiteban-
877 3528 938 3584 hee,
951 3542 1006 3590 qnae
1021 3525 1069 3573 diis
1082 3525 1259 3573 immortalibus
1272 3521 1388 3575 debetur,

323 3612 373 3651 ²¹¹¹·
877 3605 1001 3669 religione.
1013 3605 1100 3652 Totam
1108 3603 1149 3651 bie
1161 3603 1288 3668 elegantia
1302 3601 1350 3647 vim
1364 3608 1389 3645 et

359 3682 383 3729 5.
396 3679 503 3730 &illud
515 3681 608 3746 Nempe
618 3678 790 3729 mndehbmm
804 3679 835 3727 ll·
877 3684 953 3733 robur
964 3685 1085 3749 explicat,
1098 3685 1247 3746 Verumque
1265 3678 1389 3743 exagiten-

321 3758 379 3819 Ῑῦᾶ,
389 3760 422 3808 (¹0
429 3776 479 3824 ‘1¹¹⁰
489 3762 577 3825 Ιεῑῐῑὶῐ·
879 3765 927 3827 do,
940 3776 1034 3814 eeteros
1047 3764 1101 3812 irati
1109 3763 1180 3812 Jovie
1189 3759 1292 3825 imagine
1310 3765 1390 3803 terret.

359 3840 387 3887 ⁶·
402 3840 484 3887 0Μῖ·
503 3840 553 3889 Alli
563 3840 634 3901 ΗΜ,
646 3856 747 3895 metr·
763 3853 835 3901 qm
915 3836 940 3894 a.
949 3842 1084 3894 Chelidonis
1094 3839 1248 3891 hereditariis
1260 3848 1391 3883 ornamen-

323 3917 405 3963 ὕην.
425 3927 451 3963 et
468 3919 578 3968 lambin.
596 3919 727 3967 lectionem
749 3916 836 3964 delen·
880 3914 921 3963 εἰσ.
933 3917 988 3965 Jem
1004 3917 1116 3981 superins
1132 3913 1225 3962 dictum
1244 3918 1295 3963 θεῖ,
1312 3918 1390 3950 Μ·

326 3991 396 4039 dnnt.
882 3995 966 4042 tricem
987 3993 1052 4042 illam
1069 3996 1170 4041 Verrem
1190 3983 1303 4037 heredem
1320 3996 1391 4029 suum

359 4078 836 4131 XXXII.1.Volisautem.lnhoclacto
886 4073 1025 4123 instituim-
