3186 4772
285 452 288 461 ·
384 411 438 480 IN
461 408 676 479 VERREM
698 410 808 479 ACT.
833 410 1009 493 II,LIB.
1036 410 1100 479 IV.
1204 407 1274 480 283

218 555 311 619 sem,
331 544 460 630 praesto
483 527 573 600 mibi
596 527 796 602 sacerdotes
821 533 960 601 Cereris
983 555 1065 601 curn
1088 527 1210 602 infulis
1234 555 1275 603 ac

219 641 405 716 verbenis²
428 632 593 725 fuerunt,
612 641 758 728 concio,
781 654 1054 736 conventusque
1072 641 1220 727 civium;
1238 645 1277 711 in

221 777 297 851 quo
319 776 387 849 ego
412 774 525 848 quum
549 749 728 846 loquerer,
749 751 839 821 tanti
856 749 961 821 lletus
978 751 1203 846 gemitusque
1217 750 1279 822 fie-

222 861 327 947 bant,
341 874 382 931 ut
394 857 643 932 acerbissimus
660 873 735 930 tota
752 859 843 930 urbe
858 859 976 930 luctus
990 861 1122 931 versari
1140 859 1278 931 videre·

222 984 293 1040 tur.
314 972 396 1041 Non
413 967 463 1039 illi
482 966 715 1040 decumarum
728 969 877 1067 imperia
888 966 915 1054 ³,
933 993 1009 1039 nou
1029 968 1210 1040 bonorum
1227 968 1280 1038 di·

223 1079 425 1177 reptiones,
448 1102 523 1148 non
546 1079 672 1175 iniqua
688 1076 843 1174 judicia,
868 1101 944 1149 non
962 1079 1284 1174 importunissimas

223 1189 325 1260 istius
350 1186 537 1277 libidines,
559 1212 634 1259 non
654 1189 748 1276 vim,
772 1213 848 1258 non
874 1187 1127 1273 contumelias,
1152 1186 1286 1284 quibus

225 1295 370 1396 opertil
390 1297 625 1394 oppressique
644 1311 767 1385 erant,
787 1295 1126 1395 conquerebantur:
1149 1297 1289 1368 Cereris

226 1432 380 1495 numen,
399 1429 583 1477 sacrorum
602 1420 836 1490 vetustatem,
854 1405 928 1478 fani
942 1408 1169 1504 religionem,
1190 1407 1289 1478 istius

228 1516 487 1589 sceleratissimi
504 1530 612 1611 atquo
630 1513 855 1586 audacissimi
872 1515 1049 1614 supplicio
1072 1516 1205 1614 expiari
1226 1540 1290 1586 vo·

228 1622 372 1709 lebant;
396 1625 517 1693 omnia
543 1647 581 1694 se
605 1639 724 1695 cetera
745 1629 819 1723 pati
843 1648 884 1696 ac
909 1626 1088 1722 negligere
1113 1624 1292 1697 dicebant.

229 1735 296 1806 Hic
309 1732 413 1804 dolor
427 1746 502 1805 erat
515 1746 653 1819 tannis,
669 1747 711 1804 ut
724 1737 873 1822 Verres,
885 1734 975 1805 alter
988 1738 1104 1806 Orcus
1114 1730 1141 1822 ⁵,
1154 1738 1293 1807 venisse

230 1851 391 1932 Enuam,
414 1856 451 1915 et
477 1867 554 1914 non
577 1847 827 1941 Proserpinam
854 1859 1072 1942 asportasse,
1096 1844 1158 1916 sed
1180 1847 1293 1944 ipsam

232 1952 429 2050 abripuisse
453 1954 621 2023 Cererem
644 1950 836 2024 videretur.
864 1955 1005 2026 Etenim
1029 1953 1116 2027 urbs
1137 1946 1198 2025 illa
1219 1980 1294 2026 non

232 2060 320 2132 urbs
338 2058 491 2149 videtur,
509 2059 573 2132 sed
593 2059 719 2131 fanum
733 2063 876 2134 'Cereris
893 2087 993 2136 esse:
1017 2063 1179 2135 habitare
1198 2063 1296 2160 apud

233 2196 311 2244 sese
327 2173 492 2241 Cererem
506 2173 691 2241 Ennenses
704 2169 942 2259 arbitrantur;
957 2172 1097 2241 utmihi
1112 2196 1187 2242 non
1201 2174 1297 2243 cives

232 2282 329 2354 illius
347 2281 516 2366 civitatis,
537 2279 599 2351 sed
617 2304 742 2351 omnes
760 2279 981 2369 sacerdotes,
1000 2279 1149 2352 omnes⁶
1171 2281 1298 2353 accolae

235 2405 344 2488 atque
362 2389 538 2460 antistites
558 2390 698 2461 Cereris
717 2414 795 2461 esse
815 2389 1018 2461 videantur.
1040 2395 1171 2462 Ennae⁷
1191 2405 1233 2461 tu
1251 2392 1299 2461 si·

237 2499 438 2571 mulacrum
455 2502 592 2570 Cereris
605 2500 731 2572 tollere
747 2499 930 2571 audebas?
944 2504 1055 2571 Ennae
1073 2515 1113 2572 tu
1130 2500 1176 2572 de
1190 2525 1298 2571 rnanu

238 2611 378 2682 Cereris
402 2610 597 2680 Victoriam
622 2608 809 2707 deripere,
827 2624 864 2681 et
884 2609 988 2681 deam
1014 2610 1088 2681 deae
1112 2609 1301 2682 detrahere

241 2734 392 2792 conatus
405 2721 468 2791 esi
486 2744 644 2817 quorum
662 2719 752 2791 nihil
768 2721 921 2809 violare,
936 2718 1024 2791 nibil
1039 2722 1213 2817 attingere
1227 2721 1304 2790 ausi

277 2913 303 2945 a.
316 2894 407 2961 Infulis
418 2898 579 2949 averteris.
595 2900 652 2962 Quo
664 2899 750 2948 babitu
794 2911 830 2949 tas
850 2917 864 2948 a
882 2917 908 2948 se
927 2916 1000 2965 opes,
1021 2916 1094 2964 quam
1115 2910 1183 2964 rapta
1203 2898 1318 2959 deorum,

243 2991 309 3026 seen
323 2975 400 3024 lacere
412 2977 498 3026 solent.
512 2976 591 3029 rotula
603 2989 670 3037 erat,
681 2978 751 3026 lanea
793 2978 919 3028 simulacra
930 2978 1102 3043 querebantur.

243 3055 317 3104 tascie
327 3066 399 3119 caput
410 3057 560 3120 amplexans,
573 3074 587 3104 a
598 3060 667 3118 enjus
681 3068 751 3106 utro·
831 3067 855 3115 4.
876 3057 967 3123 Operti.
987 3060 1070 3108 θην.
1090 3074 1103 3107 e
1120 3048 1195 3106 ¹codd.
1212 3055 1304 3120 recepit

244 3132 452 3198 qualeterevittae
465 3134 641 3198 dependebant.
656 3139 751 3198 Festus,
795 3135 904 3197 vexati,
935 3137 1005 3202 quod
1030 3137 1092 3187 sorte
1118 3137 1233 3202 glossema
1259 3146 1303 3185 est.

244 3211 345 3260 inlulam
358 3212 481 3276 propriam
496 3212 580 3272 lohes,
595 3213 694 3277 templi,
706 3213 753 3263 bo·
795 3215 820 3264 J.
831 3218 863 3263 V.
882 3218 910 3264 t.

244 3294 310 3350 stiae,
322 3300 395 3354 atque
406 3290 568 3340 sacerdotum.
587 3318 622 3328 -
633 3293 753 3341 Verbenr's.
833 3297 857 3343 5.
870 3297 954 3343 Oreus.
964 3298 1012 3343 Pro
1021 3295 1124 3343 Plutone
1134 3295 1250 3356 sonitum
1257 3310 1308 3343 rna·

244 3370 303 3420 Non
313 3371 468 3419 consentiunt
479 3372 576 3419 interes
584 3371 714 3435 scriptores
723 3373 753 3422 de
797 3372 833 3438 gis
845 3383 926 3421 tamen
939 3374 1018 3438 poetis
1030 3372 1082 3422 bne
1098 3390 1148 3422 vox
1159 3384 1196 3421 est
1208 3390 1306 3423 accom-

244 3448 314 3497 rerbi
332 3447 405 3509 bujns
425 3466 509 3512 sensu;
527 3451 568 3498 alii
589 3450 654 3498 enim
672 3451 754 3499 herbae
798 3452 895 3502 mndata
927 3469 1000 3518 quam
1022 3453 1174 3517 pedestribus
1200 3452 1306 3516 scripto·

244 3544 321 3593 genus
329 3528 468 3593 quoddam,
476 3528 516 3577 alii
527 3529 598 3577 latius
607 3546 659 3577 earn
669 3547 755 3579 vocem
798 3531 874 3579 ribus.

246 3617 327 3671 patere
340 3608 493 3667 existimant,
512 3618 536 3655 et
550 3625 596 3673 pro
610 3609 695 3674 quavis
708 3609 755 3658 alia
834 3611 860 3659 6.
881 3611 968 3657 Omnes
981 3610 1080 3658 accola.
1096 3609 1196 3656 Dictum
1208 3607 1249 3654 bic
1261 3622 1309 3671 pro

245 3683 320 3732 berba
328 3684 367 3732 vel
375 3686 446 3733 mam
453 3684 538 3733 arbore
548 3702 599 3733 earn
608 3687 755 3752 intelligunt.
798 3686 928 3751 populares
937 3689 1097 3751 conclusaque
1104 3686 1207 3735 Cereris.
1222 3687 1309 3747 Quem-

284 3765 308 3812 3.
328 3765 491 3812 Decumarum
510 3763 620 3830 imperia.
638 3767 757 3814 Decumas
799 3765 929 3813 admodum
937 3768 1000 3813 enim
1010 3766 1068 3815 urbs
1077 3780 1128 3811 non
1138 3764 1196 3812 urbs
1205 3763 1311 3823 videtur,

248 3844 382 3904 contraius
394 3856 419 3893 et
431 3859 528 3907 Quum
540 3843 676 3909 imperatas.
689 3846 757 3895 Elate
799 3843 843 3893 sed
856 3843 954 3903 lanum,
969 3858 1047 3901 mres,
1060 3858 1111 3890 non
1120 3843 1171 3903 jam
1183 3843 1248 3889 cives
1261 3843 1311 3889 En·

249 3921 347 3984 quidem
361 3923 430 3971 locus
447 3922 488 3970 ille
503 3924 617 3982 sumitur,
635 3934 662 3970 ut
680 3923 758 3972 scelus
800 3938 855 3980 ηε,
866 3921 909 3969 sed
919 3921 993 3983 ipsius
1006 3920 1057 3970 den
1068 3921 1205 3970 sacerdotes
1214 3930 1239 3970 et
1251 3936 1311 3971 con·

250 4000 334 4047 Verris
352 4017 396 4066 per
416 3990 559 4064 religionem
579 4012 671 4064 augeat.
694 4002 758 4050 Nam
801 4003 866 4049 cives
875 3999 923 4047 dici
933 4010 1045 4065 possunt.

252 4079 362 4140 prolecto
377 4080 525 4136 Sicilienses,
541 4096 591 4128 non
602 4080 682 4127 minus
695 4080 759 4131 abla-
840 4098 862 4143 7.
875 4081 968 4128 Ernest.
981 4080 1063 4129 Enna.
1076 4080 1101 4129 J.
1111 4083 1142 4130 V.
1154 4081 1183 4128 t.
