3142 4774
277 317 323 389 56
531 322 534 327 ’
596 323 644 388 Μ.
664 322 708 407 r.
736 322 1011 391 cressonis

273 442 563 537 perseverantiae,
585 442 684 513 nulla
702 445 841 513 ratione
861 445 950 540 eripi
973 451 1131 537 posset².
1149 446 1223 512 Tot
1239 442 1336 535 judi-

274 550 337 618 ciis
363 545 594 637 interfuistis3
622 566 676 620 tot
704 549 869 622 homines
894 565 1066 622 nocentes
1092 567 1127 621 et
1152 551 1338 649 improbos

268 672 476 763 'accusatos
504 674 540 730 et
568 674 682 729 vestra
707 673 743 729 et
769 660 996 757 superiorum
1025 664 1217 744 memoria,
1243 661 1338 731 scitis

276 791 369 838 esse:
386 793 538 866 ecquem
548 767 701 852 vidistis,
715 792 865 865 ecquem
876 768 1044 856 audistis,
1054 773 1091 840 in
1102 770 1210 839 tantis
1222 767 1338 851 furtis,

276 880 313 948 in
338 894 408 949 tarn
433 880 582 976 apertis,
606 878 643 947 in
666 891 764 948 tanta
786 877 968 963 audacia³‚
992 893 1091 965 tauta
1113 878 1340 976 impudentia

275 1013 352 1061 esse
383 988 587 1059 versatum?
604 989 784 1083 Apronius
813 989 1003 1087 stipatores
1021 989 1195 1061 Venerios
1216 1012 1338 1060 secum

277 1096 455 1181 habebat;
478 1093 634 1166 ducebat
659 1120 721 1167 eos
741 1100 877 1168 circum
899 1099 1079 1183 civitates3
1103 1095 1249 1193 publice
1271 1095 1337 1168 sibi

275 1208 438 1277 convivia
457 1208 594 1302 parari,
613 1209 725 1277 sterni
746 1207 916 1292 triclinia,
938 1222 974 1278 et
996 1212 1033 1276 in
1052 1204 1132 1277 foro
1152 1211 1263 1277 sterni
1279 1208 1338 1300 ju-

275 1314 404 1395 bebat;
424 1338 469 1385 eo
488 1317 627 1385 vocaril
651 1315 816 1386 homines
829 1317 1118 1400 honestissimos,
1135 1340 1209 1385 non
1222 1314 1338 1385 solum

276 1422 434 1507 Siculos,
449 1424 510 1496 sed
525 1416 633 1495 etiam
648 1427 787 1521 equites
803 1448 993 1523 romanos:
1011 1438 1072 1512 ut,
1088 1426 1235 1521 quicum
1249 1424 1340 1492 inire

277 1532 478 1602 convivium
505 1558 614 1607 nemo
640 1559 835 1631 umquam,
860 1540 928 1606 nisi
950 1537 1064 1632 turpis
1086 1536 1341 1631 impurusque,

277 1640 471 1728 voluisset,
493 1642 539 1713 ad
560 1644 638 1739 ejus
657 1647 861 1716 convivium
881 1644 1130 1743 spectatissimi
1149 1658 1257 1738 atque
1274 1642 1342 1712 ho·

278 1751 471 1820 nestissimi
493 1754 557 1821 viri
583 1767 807 1824 tenerentur.
830 1759 912 1823 Haec
935 1767 996 1839 tu,
1018 1754 1183 1822 omnium
1206 1766 1342 1820 morta-

278 1859 367 1930 lium
399 1856 684 1959 profligatissime
716 1887 757 1933 ac
785 1862 1043 1959 perditissime,
1069 1885 1182 1957 quum
1215 1862 1343 1939 scires,

280 1995 393 2068 quum
416 1970 563 2042 audires
590 1969 773 2068 quotidie,
799 1996 912 2068 quum
938 1969 1101 2040 videres:
1124 1973 1153 2040 si
1177 1969 1254 2039 sine
1279 1983 1343 2038 tuo

281 2082 438 2151 maximo
459 2096 598 2178 quaestu
616 2079 764 2168 fierent,
781 2106 864 2152 curn
883 2094 985 2151 tanto
1003 2080 1171 2177 periculo
1186 2094 1249 2153 tuo
1265 2077 1346 2149 lieri

213 2248 218 2253 <
280 2205 444 2286 paterere
458 2206 566 2287 atque
581 2191 817 2263 concederes?
829 2206 865 2263 et
879 2205 1019 2262 tantum
1033 2190 1130 2288 apud
1143 2205 1178 2260 te
1190 2204 1346 2286 quaestus

282 2299 453 2395 Apronii,
469 2313 608 2369 tanturn
622 2301 702 2393 ejus
715 2325 835 2372 sermo
848 2303 1176 2397 inquinatissimus,
1193 2315 1230 2370 et
1240 2299 1345 2371 blan·

284 2402 405 2477 ditiae⁵
423 2406 605 2503 flagitiose
631 2410 842 2495 valuerunt,
869 2425 910 2481 ut
936 2407 1161 2507 numquam⁶
1187 2411 1344 2481 animum

281 2530 387 2586 tuum
405 2540 491 2588 cura
509 2530 650 2592 tuarum
666 2514 895 2590 fortunarum
909 2522 1151 2616 cogitatioque
1165 2516 1348 2615 tangeret?

332 2626 504 2714 Cernitis,
517 2624 675 2721 judices,
698 2626 796 2722 quod
814 2643 851 2698 et
868 2643 1045 2724 quantum
1063 2626 1271 2698 incendium
1288 2624 1347 2696 de·

283 2758 522 2805 cumanorum
539 2734 678 2833 impetu
698 2760 770 2806 non
794 2736 910 2806 solum
932 2761 997 2834 per
1017 2760 1137 2833 agros,
1160 2733 1346 2811 sedetiam

283 2867 350 2941 per
377 2843 532 2940 reliquas
560 2842 723 2916 fortunas
753 2860 957 2931 aratorum
992 2870 1111 2942 neque
1141 2845 1257 2915 solum
1283 2869 1350 2943 per

285 2951 404 3040 bona,
426 2955 619 3025 sedetiam
643 2978 708 3050 per
724 2957 806 3051 jura
831 2955 1004 3027 libertatis
1030 2971 1067 3026 et
1088 2957 1258 3040 civitatis,
1279 2959 1349 3025 isto

323 3222 349 3256 a.
368 3206 511 3255 Emendatio
533 3219 569 3256 est
588 3205 700 3257 Ernestii·
715 3211 796 3276 Vulgo
840 3230 889 3262 vox
902 3215 950 3262 «ad
965 3214 1137 3269 conviviumn;
1156 3225 1203 3272 qua
1217 3225 1304 3272 nempe
1317 3210 1351 3255 ai·

289 3287 419 3351 «possit».
436 3287 504 3334 LV·
518 3287 546 3335 L.
758 3296 761 3303 ’
840 3292 1020 3356 gnificatureos
1034 3306 1086 3338 non
1098 3288 1204 3352 Apronii
1220 3286 1297 3351 epulis
1309 3303 1351 3335 ae·

325 3368 349 3414 3.
362 3362 459 3413 Schiitz.
476 3366 674 3429 praepositionem
695 3368 797 3426 delevit,
841 3371 970 3426 cumbere,
1000 3384 1084 3415 verum
1109 3366 1173 3415 inter
1190 3366 1350 3414 Veneriorum

290 3444 428 3494 mmmm
436 3443 513 3491 bono.
529 3446 553 3493 J.
561 3445 593 3492 V.
605 3447 632 3494 L.
817 3442 821 3448 ¹
840 3463 925 3496 manua
940 3461 1017 3508 prope
1031 3462 1138 3494 mensam
1151 3446 1222 3493 itare.

328 3535 354 3582 4.
368 3523 428 3572 Sch.
447 3523 540 3586 recepit
556 3523 686 3572 lectionem
704 3525 799 3595 aliquot
878 3527 902 3573 ὅ.
915 3523 1056 3573 Blanditiae.
1074 3526 1136 3587 Quae
1148 3525 1244 3572 leminis
1257 3534 1353 3572 tantum

290 3605 369 3663 MSS,
388 3603 533 3650 moraris.
554 3602 604 3651 Alii
622 3602 731 3664 hebent,
749 3619 798 3651 neo
843 3614 867 3651 et
887 3602 1053 3651 meretricibus
1076 3604 1245 3659 conveniunt,
1272 3602 1353 3665 inquit

291 3684 421 3733 convocari
435 3683 527 3732 ·.J.V.
542 3685 571 3730 L.
587 3709 623 3719 -
636 3683 736 3731 Fallitur
749 3699 800 3730 om·
843 3681 973 3729 Asconius.
995 3712 1002 3723 .

292 3762 352 3811 nino
361 3763 530 3826 Graevius,qui
541 3761 572 3809 ad
582 3777 674 3809 ooenam
686 3763 801 3809 invitator
881 3761 906 3807 6.
929 3761 961 3806 Ut
972 3777 1114 3826 numquam.
1129 3764 1164 3808 Ita
1177 3771 1204 3809 ut
1222 3774 1353 3822 numquam

292 3840 590 3889 honestissimoshomines
598 3839 800 3902 credebat3quum
846 3838 891 3886 tibi
900 3837 926 3884 in
940 3851 1045 3887 mentem
1058 3840 1166 3897 veniret,
1183 3850 1277 3902 tempus
1290 3839 1354 3893 fore,

293 3918 379 3964 hucvi
397 3928 422 3963 et
444 3919 512 3979 quasi
532 3920 558 3965 in
575 3921 616 3979 jus
641 3918 799 3965 traherentur.
847 3932 921 3981 quum
935 3916 977 3963 abs
990 3929 1012 3966 te
1022 3920 1105 3966 harum
1121 3934 1200 3965 rerum
1213 3917 1275 3964 ratio
1287 3931 1356 3979 repo·

293 3993 416 4058 Vidrnp.
431 3996 472 4040 25.
493 3997 523 4042 Et
544 4001 601 4043 satir
625 3996 731 4058 explicat
749 3994 800 4055 ipsa
831 4006 958 4042 serretur.
