3200 4768
382 416 437 486 IN
460 413 676 482 VERREM
700 411 805 482 Act.
832 410 886 494 11,
910 411 1001 479 LIB.
1027 411 1093 480 IV.
1193 434 1264 508 ²⁰7

206 540 310 611 illum
327 548 502 634 putasset,
520 532 775 617 commisisset,
793 545 834 601 ut
855 544 1004 628 propter
1029 555 1112 602 eum
1132 534 1170 604 in
1189 557 1265 606 ser·

208 672 355 720 monem
381 646 571 716 homiuum
598 657 707 740 atque
734 645 772 712 in
801 655 936 712 tantam
966 640 1267 738 vituperationem

207 764 357 835 veniret.
376 763 466 852 Quis
486 773 643 831 vestrum
663 758 773 855 igitur
786 758 921 843 nescit,
941 756 1068 853 quenti
1086 754 1160 827 haec
1175 763 1270 830 aesti·

209 871 378 944 mentur?
394 875 437 940 In
456 872 624 940 auctione
643 868 786 964 signum
805 886 964 950 aeneum,
987 886 1061 932 non
1081 885 1271 959 magnum,

209 985 283 1051 H·S
298 1006 367 1054 cxx
384 978 563 1052 millibus²
578 978 700 1048 venire
711 1000 785 1046 non
800 971 980 1044 vidimus?
991 970 1109 1063 Quid,
1123 973 1150 1042 si
1164 974 1271 1045 velim

209 1094 394 1161 nominare
413 1088 598 1174 homiues,
622 1090 687 1183 qui
707 1099 866 1178 autnon
891 1083 1060 1169 minoris,
1080 1095 1143 1151 aut
1165 1087 1271 1155 etiam

209 1199 323 1297 pluris
339 1203 510 1284 emerint,
529 1219 652 1267 nonne
666 1189 835 1293 possum?
847 1195 980 1263 etenim
995 1193 1057 1288 qui
1071 1191 1203 1263 modus
1219 1207 1273 1264 est

209 1311 246 1380 iu
264 1309 320 1379 his
335 1306 444 1380 rebus
457 1305 682 1404 cupiditatis,
700 1303 795 1377 idem
816 1317 870 1373 est
887 1301 1154 1371 aestimationis:
1176 1299 1273 1372 diffi-

210 1526 325 1597 Video
339 1522 471 1620 igitur³
481 1525 629 1610 Heium,
644 1545 765 1617 neque
779 1521 980 1605 voluntate,
989 1543 1109 1615 neque
1122 1519 1275 1593 difficul-

211 1649 285 1704 tate
318 1634 437 1729 aliqua
472 1632 664 1728 temporis,
693 1652 814 1725 neque
839 1626 1086 1723 magnitudine
1115 1633 1275 1727 pecuniae

212 1742 405 1816 adductum
438 1766 531 1829 esse,
555 1755 598 1813 ut
623 1740 699 1811 haec
725 1740 825 1836 signa
855 1735 1047 1824 renderet3
1073 1752 1181 1836 teque
1208 1743 1275 1813 ista

213 1856 442 1926 simulatione
458 1853 667 1952 emptionis,
679 1855 860 1937 vi,metu,
872 1845 1275 1945 imperio‚fuscibus,ab

213 1965 363 2036 homine
381 1988 446 2051 eo,
463 1987 572 2060 quern
593 1986 666 2032 una
684 1984 769 2031 cum
794 1958 921 2030 ceteris
939 1959 1045 2029 sociis
1065 1982 1138 2029 nou
1159 1960 1276 2032 solum

213 2075 383 2172 potestati
400 2088 489 2159 tute,
506 2072 570 2143 sed
592 2073 699 2142 etiem
712 2066 796 2138 fidei
815 2065 973 2163 populus
988 2090 1160 2139 romanus
1176 2092 1277 2140 eom·

215 2186 376 2273 miserat,
398 2183 571 2279 eripuisse
582 2194 692 2276 atque
705 2176 905 2251 abstulisse.

262 2293 360 2384 Quid
381 2292 580 2363 mititiam
599 2287 822 2387 optandum,
841 2282 999 2379 judices,
1019 2296 1226 2380 potestesse
1240 2289 1278 2357 in

215 2401 285 2473 hoc
306 2401 477 2488 crimine,
495 2422 604 2497 quern
626 2412 669 2468 ut
688 2397 764 2466 haec
786 2392 911 2465 eadem
933 2390 1028 2464 dicat
1051 2395 1127 2490 ipse
1146 2397 1280 2468 Heius?
1336 2488 1340 2501 ‚

216 2512 308 2582 nihil
319 2508 503 2609 profecto;
517 2508 581 2581 sed
597 2532 642 2578 ne
654 2504 811 2577 difficilia
823 2517 1001 2602 optemus.
1016 2506 1125 2574 Heius
1136 2520 1191 2577 est
1203 2510 1280 2577 illa·

217 2623 410 2705 mertinus3
426 2618 639 2689 Mamertina
658 2619 781 2689 civitas
793 2619 903 2685 istum
930 2611 1075 2710 publice
1094 2620 1280 2686 communi

218 2729 367 2800 consilio
380 2727 455 2799 sola
470 2726 592 2798 laudat
602 2722 634 2795 ⁵:
646 2724 815 2796 omnibus
830 2725 907 2820 ips'e
921 2722 1183 2794 ceterisSiculis
1194 2725 1280 2795 odio

219 2851 289 2925 est,
308 2836 354 2908 ab
374 2837 431 2909 his
449 2836 534 2909 solis
553 2849 702 2907 amatur.
723 2834 810 2929 Ejus
827 2846 948 2904 eutem
967 2830 1172 2927 legationis,
1200 2857 1282 2929 quae

256 3040 281 3073 α.
304 3023 383 3072 (odd.
407 3025 535 3090 lambini,
556 3042 591 3073 ιι
611 3025 726 3075 millibus.
771 3040 822 3072 esse
834 3023 959 3070 momenti.
970 3021 1065 3069 Etenim
1084 3022 1229 3072 Mamertina
1247 3025 1282 3072 ci·
1375 3044 1381 3055 ·

219 3102 280 3153 LV.
288 3105 316 3151 L.
442 3108 453 3131 ’
771 3104 832 3151 vitae
841 3100 894 3150 sola
907 3101 1007 3149 Verrem
1024 3095 1122 3164 publice
1133 3101 1282 3153 laudandum

256 3183 282 3230 ³.
296 3179 373 3228 Vtileo
386 3178 563 3244 r'gae'rurfforiue
579 3181 729 3244 tegumenti,
772 3181 895 3244 decrerit;
906 3179 973 3244 atqui
979 3179 1284 3244 Heiueeetlegationiehu·

220 3260 290 3325 quod
302 3275 376 3324 repre
392 3257 574 3318 adnotavimus,
592 3258 728 3311 conclusio.
770 3263 811 3324 jue
817 3260 940 3326 princepe,
948 3274 1005 3325 ergo
1014 3275 1065 3307 non
1078 3259 1125 3306 nisi
1138 3263 1284 3323 grevieeimie

221 3340 269 3387 Hic
279 3348 386 3387 recenset
394 3347 476 3385 orator
486 3337 532 3385 tria
542 3353 598 3401 quse
607 3336 729 3385 homiuem
773 3341 804 3389 de
814 3339 893 3389 causis
907 3339 1071 3388 testimonium
1092 3340 1119 3387 in
1135 3343 1234 3391 Verrem
1245 3345 1284 3392 hir

220 3418 344 3482 impellere
355 3416 465 3481 possint,
478 3427 506 3464 ut
519 3427 617 3481 accepta
628 3432 641 3464 a
654 3417 730 3481 patri·
774 3420 886 3469 derebus
894 3428 975 3483 potest
984 3418 1072 3467 dicere.

221 3497 267 3545 boe
279 3496 441 3561 pulcherrime
450 3495 550 3544 deorum
558 3496 626 3561 sigua
635 3495 730 3545 venelia
810 3499 833 3548 5.
846 3500 904 3547 Sola
912 3498 1008 3547 laudat.
1019 3498 1095 3547 Elate.
1105 3498 1167 3547 Nem
1177 3502 1284 3564 Syracu·

222 3586 339 3639 poneret,
357 3586 382 3624 et
392 3575 428 3623 ric
441 3574 504 3623 clera
520 3574 575 3624 luce
596 3577 680 3625 Verris
691 3578 730 3623 in·
773 3595 831 3627 reue
845 3593 944 3642 quoque
957 3578 1042 3626 ciritae
1055 3580 1156 3626 Verrem
1166 3579 1286 3641 leuderit,

224 3656 321 3705 leniam
333 3655 466 3705 collustrat.
774 3668 802 3705 ut
815 3658 877 3704 intra
893 3667 919 3705 et
934 3658 961 3703 ln
973 3655 1056 3705 Caeoil.
1070 3657 1152 3704 videre
1172 3668 1216 3705 eet.
1237 3658 1286 3707 Sed

258 3742 283 3790 4.
298 3734 365 3798 Quid
372 3731 440 3781 milri.
450 3736 573 3781 Hactenus
585 3734 732 3798 argumentis
774 3734 827 3782 hoec
840 3743 934 3781 mutum
947 3733 1043 3783 decreta
1054 3734 1161 3782 laudatio
1167 3735 1230 3796 fnit,
1239 3753 1285 3785 nec

222 3828 272 3860 reni
285 3829 342 3861 eum
355 3815 431 3861 Verre
444 3811 529 3859 habuit
541 3822 636 3871 orator,
650 3828 731 3869 nunc,
775 3811 856 3860 verbis
865 3811 993 3871 aliculam
1009 3812 1060 3860 sola
1069 3812 1213 3862 Mamertina
1225 3817 1288 3864 civi.

223 3894 351 3954 quuirem
360 3890 437 3955 ipreru
451 3889 575 3939 clariorem
586 3888 732 3954 efficereag·
776 3902 812 3940 tae
826 3890 858 3938 ed
879 3892 982 3937 Romam
997 3889 1080 3937 decern
1100 3891 1191 3956 legatos
1207 3897 1289 3957 misit,

224 3970 364 4033 grederetur
374 4003 382 4029 ‚
394 3969 495 4017 Verrem
516 3984 561 4032 per
583 3968 663 4031 iprum
677 3969 733 4017 Heli
776 3971 820 4035 qui
832 3980 947 4035 preterea
961 3967 1041 4031 pelen
1054 3981 1080 4018 et
1094 3971 1192 4035 publice
1203 3973 1288 4024 laude·

226 4049 391 4099 testimouium
404 4048 546 4111 impugnem
560 4046 660 4110 quodsi
675 4064 734 4096 cou·
778 4063 839 4099 rent.
855 4047 940 4112 ltaque
953 4047 1030 4095 solem
1041 4047 1106 4099 illem
1122 4055 1222 4102 Verrem
1235 4053 1289 4103 lau.

225 4135 263 4173 tra
282 4138 412 4190 pretorem
433 4127 544 4188 dicetur,
563 4127 644 4192 magui
662 4125 735 4176 debet
779 4128 873 4179 devince
887 4127 936 4178 diri
953 4139 1044 4195 potest.
