3148 4780
341 438 414 524 434
659 432 708 500 Μ.
733 431 772 499 Τ.
798 430 1077 502 CICERONIS

340 583 425 632 nam
442 550 573 629 fuerit⁶
593 555 630 623 L
645 552 865 637 Herennius,
886 553 932 637 is,
956 575 1065 648 quem
1081 549 1142 622 itte
1164 555 1397 650 argentariam

340 671 444 766 Lepti
463 664 585 737 iecisse
601 660 708 747 dicit3
733 661 797 758 qui
822 670 938 757 quum
959 659 1114 758 amplius
1134 676 1281 733 centum
1305 666 1398 737 cives

337 801 509 850 romanos
530 771 680 844 haberet
696 794 742 840 ex
759 783 942 840 conventu
961 772 1204 865 syracusam,
1224 775 1292 868 qui
1314 797 1397 843 eum

337 914 413 961 non
434 886 549 958 solum
571 892 848 978 cognoscerent,
868 877 1061 951 sedetiam
1085 879 1336 977 lacrymantes,
1355 906 1396 953 ac

336 1013 372 1072 te
390 995 640 1095 implorantes,
666 985 917 1075 defenderent,
935 1001 1057 1060 tamen
1075 1011 1095 1058 a
1116 1002 1185 1076 te,.
1198 992 1396 1088 inspectan-

337 1106 434 1178 tibus
463 1097 634 1176 omnibus
667 1099 916 1194 Syracusanis,
951 1097 1068 1168 securi
1103 1121 1296 1195 percussus
1330 1113 1392 1171 est.

334 1224 439 1288 Hunc
454 1234 603 1311 quoque
621 1223 748 1279 testem
766 1229 888 1278 meum
911 1203 1044 1291 refelli,
1077 1221 1116 1279 et
1138 1207 1239 1279 ilium
1260 1214 1393 1281 Hereu-

334 1328 436 1398 nium
451 1324 696 1394 Sertorianum
715 1314 825 1387 iuisse
837 1315 901 1389 abs
915 1330 951 1387 te
965 1316 1186 1388 demontrari
1199 1331 1237 1389 et
1254 1318 1395 1415 probari

426 1444 440 1489 r

334 1436 452 1616 voiiXi
473 1538 569 1629 Quid
589 1535 635 1609 de
651 1535 712 1607 ilia
728 1533 961 1608 multitudine
975 1534 1136 1607 dicemus
1154 1559 1300 1623 eorum,
1312 1486 1394 1634 φὶ,

332 1651 510 1752 capitibus
533 1647 723 1734 involutis,
743 1650 781 1715 in
802 1645 999 1742 piratarum
1018 1648 1315 1742 captivorumque
1331 1669 1395 1716 nu·

331 1786 433 1834 mero
452 1754 765 1858 producebantur,
786 1767 828 1823 ut
847 1755 963 1824 securi
981 1751 1200 1825 ferirentur?
1219 1758 1310 1846 Quae
1330 1758 1396 1826 ista

329 1898 423 1945 nova
440 1867 642 1966 diligentia?
657 1887 768 1962 quam
784 1862 834 1934 ob
852 1887 994 1934 causam
1015 1862 1080 1935 abs
1094 1873 1155 1935 ·te¹
1175 1866 1396 1962 excogitata?

331 1989 386 2056 An
405 1998 442 2054 te
460 1985 500 2052 L.
523 1974 632 2049 Flavii
648 1989 927 2071 ceterorumque
948 1971 994 2044 de
1011 1976 1048 2043 L
1065 1972 1249 2048 Herennio
1264 1975 1396 2048 vocife-

333 2095 424 2165 ratio
443 2085 714 2164 commovebat?
727 2108 772 2155 an
787 2088 836 2156 Μ.
848 2084 973 2170 Annii,
992 2086 1189 2180 gravissimi
1206 2100 1313 2184 atque
1327 2087 1395 2159 ho·

332 2200 518 2275 nestissimi
532 2199 617 2284 viri,
632 2219 771 2267 summa
787 2197 981 2265 auctoritas
1000 2192 1122 2290 paullo
1141 2209 1175 2268 te
1191 2194 1394 2294 diligentio-

333 2338 411 2384 rem
422 2308 713 2402 timidioremque
722 2302 875 2375 fecerat?
892 2306 954 2400 qui
967 2326 1085 2401 nuper
1095 2328 1162 2400 pro
1170 2308 1394 2394 testimonio,

332 2445 408 2491 non
425 2417 598 2488 advenam
626 2414 747 2483 nescio
777 2437 906 2509 quem,
928 2437 996 2484 nec
1014 2412 1190 2503 alienum,
1216 2416 1280 2487 sed
1311 2441 1396 2491 eum

331 2658 386 2708 tua,
409 2643 450 2690 ael
468 2640 616 2690 coucimtia
636 2653 678 2689 aua
696 2637 839 2697 deterritua,
884 2639 1012 2687 nouineo
1022 2639 1313 2706 reprehenditunqnod,
1323 2646 1395 2709 quari

330 2725 426 2775 nullum
434 2719 600 2783 interrogavit
605 2717 664 2767 vid.
674 2716 705 2766 da
715 2733 742 2764 ru
749 2717 841 2777 eadem,
884 2719 944 2765 novi
956 2728 980 2765 et
992 2719 1094 2767 antehac
1105 2719 1209 2768 inauditi
1218 2721 1292 2769 moris
1300 2734 1394 2783 auctor,

331 2807 501 2866 flb,111‚0ap,
519 2800 560 2848 ιθ.
574 2794 580 2803 ’
885 2796 979 2843 obnubi
992 2798 1135 2845 miserorum
1149 2799 1247 2848 illorum
1259 2802 1338 2866 capita
1349 2819 1396 2852 ro-

368 2885 394 2932 6.
414 2879 524 2947 Quinam
541 2874 632 2942 fiterit.
661 2873 844 2924 Sertorianum
885 2873 974 2933 iunit3
988 2876 1096 2940 arguitur
1117 2887 1214 2927 tanturn
1229 2881 1299 2930 iatius
1311 2884 1395 2931 incon

332 2962 417 3021 miles,
431 2976 463 3007 an
477 2966 603 3006 mercator.
617 2982 652 2993 -
665 2952 844 3019 Argentariam
886 2955 1076 3019 atantia,quod,
1088 2971 1164 3019 quum
1173 2959 1268 3022 primos
1278 2962 1394 3026 capitibus

324 3042 422 3107 facere.
430 3037 494 3086 Gali.
497 3034 603 3100 saireiu
611 3033 716 3096 ianque.
723 3032 763 3079 Sic
771 3047 844 3095 supra
887 3033 977 3097 apertis
986 3035 1039 3081 neci
1051 3033 1279 3102 dediuet,repente
1291 3052 1394 3089 mutave·

331 3136 387 3182 esp.
406 3119 450 3173 18,
463 3114 542 3172 dixit,
560 3110 735 3161 mvicuiariam
745 3108 844 3176 fauere.
887 3113 920 3162 rit
930 3114 1046 3161 rationem
1054 3127 1062 3175 ς
1073 3124 1110 3172 et,
1122 3124 1150 3162 ut
1159 3131 1190 3163 ne
1197 3133 1245 3181 pro
1253 3119 1346 3169 civibus
1354 3136 1394 3168 ru-

333 3196 437 3259 lusignia
447 3204 483 3243 cat
494 3193 534 3239 hic
544 3189 613 3238 iocus
618 3190 693 3237 Tullii
702 3189 735 3238 ad
745 3206 772 3236 ca
783 3205 844 3236 oon·
884 3191 961 3239 mania
969 3203 1165 3256 agnoscerentur,
1171 3192 1328 3259 diligentiam,
1338 3197 1394 3263 gall.

334 3272 469 3331 firmanda,
485 3284 540 3334 qun
556 3267 586 3315 da
600 3268 793 3333 negotiatoribus
807 3267 846 3316 vir
885 3269 1093 3336 uneprlcuntiom
1105 3270 1394 3339 adhibuerituovamqui·

332 3353 375 3402 ille
388 3351 505 3400 maximus
519 3346 639 3396 variatus
651 3345 745 3394 docuit.
760 3347 843 3412 Lepu'a
887 3349 942 3397 dem
955 3348 1023 3413 quod
1036 3348 1067 3396 ad
1078 3365 1117 3411 ae,
1127 3349 1170 3397 aed
1183 3353 1253 3415 quod
1264 3352 1295 3401 ad
1305 3354 1394 3401 Ronan-

332 3444 386 3483 erat
400 3431 427 3479 in
440 3424 537 3486 totu,
553 3426 618 3473 uude
631 3425 721 3473 directa
734 3425 843 3474 Melitam
886 3444 939 3495 uos
951 3428 1063 3474 usitatam
1084 3439 1112 3476 ut
1133 3429 1256 3496 capitibus
1277 3432 1394 3481 involutis

332 3525 359 3563 et
379 3507 536 3574 Pachynum,
551 3521 597 3553 nco
612 3503 685 3569 longa
704 3503 842 3569 navigati03
886 3506 1080 3572 producerentur
1101 3506 1134 3554 ad
1154 3509 1312 3573 supplicium.
1336 3511 1394 3561 Mos

332 3587 438 3658 proinde
455 3582 580 3651 Syracuaia
598 3599 649 3631 esse
662 3582 777 3647 iraqucna
793 3587 843 3634 lie·
885 3585 949 3633 euim
962 3595 1014 3631 erat
1033 3584 1093 3632 olim
1106 3597 1135 3635 ut
1153 3588 1233 3652 capita
1245 3588 1394 3651 velarentur,

333 3669 434 3720 munina
450 3675 560 3732 potarat,
575 3672 600 3711 at
616 3663 705 3711 multus
720 3664 747 3710 in
762 3664 842 3712 Africa
884 3662 1248 3725 aeuviolcuta‚aeuaoluutaria
1257 3681 1335 3718 morte
1343 3686 1395 3719 ruo·

333 3752 388 3815 ipaa
400 3764 432 3797 en
443 3747 492 3796 illia
503 3743 598 3794 civibua
612 3743 716 3791 romania
727 3743 776 3805 jaan
787 3753 842 3792 aute
885 3740 977 3790 tituria.
983 3742 1069 3791 Narrat
1076 3745 1171 3805 Lirim,
1180 3744 1224 3793 lib.
1234 3749 1278 3807 IV,
1286 3766 1338 3813 cap.
1352 3765 1382 3798 aa

333 3842 458 3893 cognom,
885 3821 1200 3884 quumiamelaboraretur‚
1211 3827 1395 3879 multoaRoanas

370 3920 396 3971 7.
409 3903 559 3953 Herennium
567 3898 842 3964 Sertorinmmtfhisse...
885 3900 1004 3964 capitibus
1017 3902 1127 3953 muniatis
1140 3922 1166 3953 ae
1179 3907 1205 3953 in
1215 3908 1323 3956 Tiberim
1331 3926 1396 3974 prae·

330 3981 435 4046 probari
445 3981 515 4029 noio.
524 3981 614 4031 Ironia·
624 3980 654 4028 ld
668 3981 732 4029 enirn
745 3979 844 4027 minim
887 3980 1032 4044 cipitariaae.
1044 3984 1124 4032 Caesar
1133 3996 1158 4032 et
1166 3987 1307 4051 Pompeius,
1317 4004 1395 4051 quum

334 4058 434 4125 probari
447 4074 519 4122 potae
531 4073 583 4105 nou
594 4058 700 4120 ignorat.
886 4060 1065 4120 occiderentur,
1077 4074 1134 4130 toga
1144 4077 1220 4131 eaput
1229 4083 1301 4116 aunan
1310 4067 1397 4118 simili.

367 4138 420 4187 Lx„
438 4150 460 4183 ι.
480 4133 531 4183 Aba
548 4145 572 4183 te
592 4134 739 4198 mogima.
753 4133 842 4184 Verres
885 4150 923 4187 ter
933 4140 1066 4192 involvere.
