<?xml version="1.0" encoding="UTF-8"?>
<!DOCTYPE html PUBLIC "-//W3C//DTD XHTML 1.0 Transitional//EN"
    "http://www.w3.org/TR/xhtml1/DTD/xhtml1-transitional.dtd">
<html xmlns="http://www.w3.org/1999/xhtml" xml:lang="en" lang="en">
 <head>
  <title>
</title>
<meta http-equiv="Content-Type" content="text/html;charset=utf-8" />
  <meta name='ocr-system' content='tesseract 3.04.00' />
  <meta name='ocr-capabilities' content='ocr_page ocr_carea ocr_par ocr_line ocrx_word'/>
</head>
<body>
  <div class='ocr_page' id='page_1' title='image "./mtciceronisquae00bouigoog/mtciceronisquae00bouigoog_0123.png"; bbox 0 0 3176 4770; ppageno 0'>
   <div class='ocr_carea' id='block_1_1' title="bbox 292 332 1031 402">
    <p class='ocr_par' dir='ltr' id='par_1_1' title="bbox 292 332 1031 402">
     <span class='ocr_line' id='line_1_1' title="bbox 292 332 1031 402; baseline 0 -2"><span class='ocrx_word' id='word_1_1' title='bbox 292 332 358 402; x_wconf 82' lang='lat'>108</span> <span class='ocrx_word' id='word_1_2' title='bbox 613 334 661 402; x_wconf 90' lang='grc' dir='ltr'>Μ.</span> <span class='ocrx_word' id='word_1_3' title='bbox 682 335 725 399; x_wconf 80' lang='grc' dir='ltr'>-Τ,</span> <span class='ocrx_word' id='word_1_4' title='bbox 753 332 1031 401; x_wconf 87' lang='lat' dir='ltr'>CICERONIS</span> 
     </span>
    </p>
   </div>
   <div class='ocr_carea' id='block_1_2' title="bbox 188 451 1365 3411">
    <p class='ocr_par' dir='ltr' id='par_1_2' title="bbox 212 451 1355 1730">
     <span class='ocr_line' id='line_1_2' title="bbox 287 451 1352 549; baseline -0.001 -25"><span class='ocrx_word' id='word_1_5' title='bbox 287 480 363 525; x_wconf 89' lang='lat' dir='ltr'>non</span> <span class='ocrx_word' id='word_1_6' title='bbox 377 453 423 526; x_wconf 81' lang='lat' dir='ltr'>ab</span> <span class='ocrx_word' id='word_1_7' title='bbox 437 467 643 525; x_wconf 82' lang='lat' dir='ltr'>accusatore</span> <span class='ocrx_word' id='word_1_8' title='bbox 654 452 802 540; x_wconf 80' lang='lat' dir='ltr'>fictum3</span> <span class='ocrx_word' id='word_1_9' title='bbox 821 478 896 523; x_wconf 91' lang='lat' dir='ltr'>non</span> <span class='ocrx_word' id='word_1_10' title='bbox 914 453 979 549; x_wconf 86' lang='lat' dir='ltr'>(ut</span> <span class='ocrx_word' id='word_1_11' title='bbox 995 451 1152 524; x_wconf 88' lang='lat' dir='ltr'>solemus</span> <span class='ocrx_word' id='word_1_12' title='bbox 1168 451 1352 523; x_wconf 88' lang='lat' dir='ltr'>interdum</span> 
     </span>
     <span class='ocr_line' id='line_1_3' title="bbox 286 560 1352 656; baseline 0.001 -24"><span class='ocrx_word' id='word_1_13' title='bbox 286 568 324 633; x_wconf 90' lang='lat' dir='ltr'>in</span> <span class='ocrx_word' id='word_1_14' title='bbox 346 560 616 634; x_wconf 87' lang='lat' dir='ltr'>defensionibus</span> <span class='ocrx_word' id='word_1_15' title='bbox 633 562 773 656; x_wconf 86' lang='lat' dir='ltr'>dicere)</span> <span class='ocrx_word' id='word_1_16' title='bbox 795 566 933 633; x_wconf 84' lang='lat' dir='ltr'>crimen</span> <span class='ocrx_word' id='word_1_17' title='bbox 953 561 1197 640; x_wconf 89' lang='lat' dir='ltr'>domesticum</span> <span class='ocrx_word' id='word_1_18' title='bbox 1217 587 1257 633; x_wconf 85' lang='lat' dir='ltr'>ac</span> <span class='ocrx_word' id='word_1_19' title='bbox 1274 587 1352 634; x_wconf 87' lang='lat' dir='ltr'>ver-</span> 
     </span>
     <span class='ocr_line' id='line_1_4' title="bbox 289 662 1351 771; baseline -0.001 -28"><span class='ocrx_word' id='word_1_20' title='bbox 289 672 459 745; x_wconf 85' lang='lat' dir='ltr'>naculum</span> <span class='ocrx_word' id='word_1_21' title='bbox 470 675 498 760; x_wconf 71' lang='lat'>4,</span> <span class='ocrx_word' id='word_1_22' title='bbox 516 698 593 743; x_wconf 91' lang='lat' dir='ltr'>non</span> <span class='ocrx_word' id='word_1_23' title='bbox 612 698 655 743; x_wconf 84' lang='lat' dir='ltr'>ex</span> <span class='ocrx_word' id='word_1_24' title='bbox 669 686 836 771; x_wconf 89' lang='lat' dir='ltr'>tempore</span> <span class='ocrx_word' id='word_1_25' title='bbox 850 662 1001 770; x_wconf 89' lang='lat' dir='ltr'>periculi</span> <span class='ocrx_word' id='word_1_26' title='bbox 1020 675 1074 744; x_wconf 90' lang='lat' dir='ltr'>tui</span> <span class='ocrx_word' id='word_1_27' title='bbox 1093 675 1351 761; x_wconf 82' lang='lat' dir='ltr'>constitutum3</span> 
     </span>
     <span class='ocr_line' id='line_1_5' title="bbox 212 781 1353 891; baseline 0.002 -39"><span class='ocrx_word' id='word_1_28' title='bbox 212 876 218 891; x_wconf 29' lang='grc' dir='ltr'>ι</span> <span class='ocrx_word' id='word_1_29' title='bbox 289 783 352 853; x_wconf 91' lang='lat' dir='ltr'>sed</span> <span class='ocrx_word' id='word_1_30' title='bbox 369 796 473 854; x_wconf 87' lang='lat' dir='ltr'>vetus</span> <span class='ocrx_word' id='word_1_31' title='bbox 492 781 778 880; x_wconf 84' lang='lat' dir='ltr'>[excogitatum]</span> <span class='ocrx_word' id='word_1_32' title='bbox 795 783 891 876; x_wconf 84' lang='lat' dir='ltr'>jam,</span> <span class='ocrx_word' id='word_1_33' title='bbox 910 784 965 867; x_wconf 66' lang='lat' dir='ltr'>et,⁴</span> <span class='ocrx_word' id='word_1_34' title='bbox 986 797 1022 853; x_wconf 90' lang='lat' dir='ltr'>te</span> <span class='ocrx_word' id='word_1_35' title='bbox 1048 797 1219 882; x_wconf 84' lang='lat' dir='ltr'>praetore,</span> <span class='ocrx_word' id='word_1_36' title='bbox 1242 783 1353 877; x_wconf 82' lang='lat' dir='ltr'>jacta·</span> 
     </span>
     <span class='ocr_line' id='line_1_6' title="bbox 290 890 1354 989; baseline 0 -28"><span class='ocrx_word' id='word_1_37' title='bbox 290 907 388 980; x_wconf 84' lang='lat' dir='ltr'>tum,</span> <span class='ocrx_word' id='word_1_38' title='bbox 408 908 445 964; x_wconf 91' lang='lat' dir='ltr'>et</span> <span class='ocrx_word' id='word_1_39' title='bbox 463 916 537 962; x_wconf 91' lang='lat' dir='ltr'>non</span> <span class='ocrx_word' id='word_1_40' title='bbox 556 890 602 962; x_wconf 83' lang='lat' dir='ltr'>ab</span> <span class='ocrx_word' id='word_1_41' title='bbox 616 892 770 963; x_wconf 89' lang='lat' dir='ltr'>inimicis</span> <span class='ocrx_word' id='word_1_42' title='bbox 788 898 911 964; x_wconf 83' lang='lat' dir='ltr'>Romae</span> <span class='ocrx_word' id='word_1_43' title='bbox 927 893 1189 989; x_wconf 86' lang='lat' dir='ltr'>compositum,</span> <span class='ocrx_word' id='word_1_44' title='bbox 1206 890 1269 963; x_wconf 87' lang='lat' dir='ltr'>sed</span> <span class='ocrx_word' id='word_1_45' title='bbox 1284 896 1354 962; x_wconf 87' lang='lat' dir='ltr'>Ro·</span> 
     </span>
     <span class='ocr_line' id='line_1_7' title="bbox 288 1000 1355 1099; baseline -0.001 -27"><span class='ocrx_word' id='word_1_46' title='bbox 288 1027 386 1072; x_wconf 85' lang='lat' dir='ltr'>mam</span> <span class='ocrx_word' id='word_1_47' title='bbox 401 1002 447 1072; x_wconf 91' lang='lat' dir='ltr'>de</span> <span class='ocrx_word' id='word_1_48' title='bbox 461 1004 646 1098; x_wconf 85' lang='lat' dir='ltr'>provincia</span> <span class='ocrx_word' id='word_1_49' title='bbox 662 1000 894 1099; x_wconf 88' lang='lat' dir='ltr'>deportatum</span> <span class='ocrx_word' id='word_1_50' title='bbox 904 1000 1053 1092; x_wconf 54' lang='lat' dir='ltr'>⁵„Simnl</span> <span class='ocrx_word' id='word_1_51' title='bbox 1070 1001 1221 1099; x_wconf 81' lang='lat' dir='ltr'>intelligi</span> <span class='ocrx_word' id='word_1_52' title='bbox 1234 1016 1355 1099; x_wconf 89' lang='lat' dir='ltr'>potest</span> 
     </span>
     <span class='ocr_line' id='line_1_8' title="bbox 288 1110 1354 1209; baseline 0 -29"><span class='ocrx_word' id='word_1_53' title='bbox 288 1110 377 1182; x_wconf 93' lang='lat' dir='ltr'>illud</span> <span class='ocrx_word' id='word_1_54' title='bbox 405 1112 509 1180; x_wconf 87' lang='lat' dir='ltr'>istius</span> <span class='ocrx_word' id='word_1_55' title='bbox 535 1111 572 1179; x_wconf 88' lang='lat' dir='ltr'>in</span> <span class='ocrx_word' id='word_1_56' title='bbox 597 1113 800 1209; x_wconf 85' lang='lat' dir='ltr'>Apronium</span> <span class='ocrx_word' id='word_1_57' title='bbox 827 1111 1009 1195; x_wconf 80' lang='lat' dir='ltr'>studium,</span> <span class='ocrx_word' id='word_1_58' title='bbox 1036 1112 1186 1209; x_wconf 82' lang='lat' dir='ltr'>Apronii</span> <span class='ocrx_word' id='word_1_59' title='bbox 1212 1111 1258 1181; x_wconf 90' lang='lat' dir='ltr'>de</span> <span class='ocrx_word' id='word_1_60' title='bbox 1284 1116 1354 1182; x_wconf 89' lang='lat' dir='ltr'>isto</span> 
     </span>
     <span class='ocr_line' id='line_1_9' title="bbox 288 1217 1352 1309; baseline -0.001 -19"><span class='ocrx_word' id='word_1_61' title='bbox 288 1246 364 1291; x_wconf 90' lang='lat' dir='ltr'>non</span> <span class='ocrx_word' id='word_1_62' title='bbox 392 1217 503 1290; x_wconf 89' lang='lat' dir='ltr'>modo</span> <span class='ocrx_word' id='word_1_63' title='bbox 530 1218 728 1309; x_wconf 80' lang='lat' dir='ltr'>consessio,</span> <span class='ocrx_word' id='word_1_64' title='bbox 752 1246 879 1292; x_wconf 90' lang='lat' dir='ltr'>verum</span> <span class='ocrx_word' id='word_1_65' title='bbox 907 1225 1014 1291; x_wconf 87' lang='lat' dir='ltr'>etiam</span> <span class='ocrx_word' id='word_1_66' title='bbox 1044 1223 1352 1291; x_wconf 86' lang='lat' dir='ltr'>commemoratio.</span> 
     </span>
     <span class='ocr_line' id='line_1_10' title="bbox 289 1328 1354 1429; baseline -0.001 -28"><span class='ocrx_word' id='word_1_67' title='bbox 289 1328 426 1401; x_wconf 89' lang='lat' dir='ltr'>Eodem</span> <span class='ocrx_word' id='word_1_68' title='bbox 439 1329 595 1419; x_wconf 82' lang='lat' dir='ltr'>accedit,</span> <span class='ocrx_word' id='word_1_69' title='bbox 610 1330 710 1427; x_wconf 91' lang='lat' dir='ltr'>qnod</span> <span class='ocrx_word' id='word_1_70' title='bbox 725 1331 797 1402; x_wconf 91' lang='lat' dir='ltr'>hoc</span> <span class='ocrx_word' id='word_1_71' title='bbox 810 1354 960 1429; x_wconf 87' lang='lat' dir='ltr'>quoque</span> <span class='ocrx_word' id='word_1_72' title='bbox 973 1330 1174 1427; x_wconf 85' lang='lat' dir='ltr'>intelligere</span> <span class='ocrx_word' id='word_1_73' title='bbox 1187 1331 1354 1427; x_wconf 83' lang='lat' dir='ltr'>potestis,</span> 
     </span>
     <span class='ocr_line' id='line_1_11' title="bbox 289 1441 1354 1538; baseline 0 -29"><span class='ocrx_word' id='word_1_74' title='bbox 289 1444 399 1510; x_wconf 90' lang='lat' dir='ltr'>istum</span> <span class='ocrx_word' id='word_1_75' title='bbox 424 1443 610 1527; x_wconf 86' lang='lat' dir='ltr'>statuisse,</span> <span class='ocrx_word' id='word_1_76' title='bbox 636 1443 674 1510; x_wconf 93' lang='lat' dir='ltr'>in</span> <span class='ocrx_word' id='word_1_77' title='bbox 698 1443 885 1538; x_wconf 89' lang='lat' dir='ltr'>provincia</span> <span class='ocrx_word' id='word_1_78' title='bbox 909 1465 973 1513; x_wconf 88' lang='lat' dir='ltr'>sua</span> <span class='ocrx_word' id='word_1_79' title='bbox 992 1441 1261 1511; x_wconf 81' lang='lat' dir='ltr'>existimationis</span> <span class='ocrx_word' id='word_1_80' title='bbox 1283 1464 1354 1509; x_wconf 85' lang='lat' dir='ltr'>suae</span> 
     </span>
     <span class='ocr_line' id='line_1_12' title="bbox 286 1547 1355 1646; baseline 0 -26"><span class='ocrx_word' id='word_1_81' title='bbox 286 1549 480 1646; x_wconf 84' lang='lat' dir='ltr'>judicium,</span> <span class='ocrx_word' id='word_1_82' title='bbox 490 1566 589 1622; x_wconf 82' lang='lat' dir='ltr'>extra</span> <span class='ocrx_word' id='word_1_83' title='bbox 601 1551 789 1623; x_wconf 89' lang='lat' dir='ltr'>cohortem</span> <span class='ocrx_word' id='word_1_84' title='bbox 799 1575 919 1637; x_wconf 83' lang='lat' dir='ltr'>suam,</span> <span class='ocrx_word' id='word_1_85' title='bbox 932 1548 1234 1621; x_wconf 89' lang='lat' dir='ltr'>committendum</span> <span class='ocrx_word' id='word_1_86' title='bbox 1246 1547 1355 1620; x_wconf 85' lang='lat' dir='ltr'>fuisse</span> 
     </span>
     <span class='ocr_line' id='line_1_13' title="bbox 288 1660 435 1730; baseline 0.007 -2"><span class='ocrx_word' id='word_1_87' title='bbox 288 1660 435 1730; x_wconf 90' lang='lat' dir='ltr'>nemini.</span> 
     </span>
    </p>

    <p class='ocr_par' dir='ltr' id='par_1_3' title="bbox 188 1770 1365 3411">
     <span class='ocr_line' id='line_1_14' title="bbox 338 1770 1353 1866; baseline 0.002 -26"><span class='ocrx_word' id='word_1_88' title='bbox 338 1772 442 1841; x_wconf 85' lang='lat' dir='ltr'>LXII.</span> <span class='ocrx_word' id='word_1_89' title='bbox 465 1773 597 1866; x_wconf 87' lang='lat' dir='ltr'>Ecquis</span> <span class='ocrx_word' id='word_1_90' title='bbox 609 1787 663 1842; x_wconf 87' lang='lat' dir='ltr'>est</span> <span class='ocrx_word' id='word_1_91' title='bbox 676 1770 805 1866; x_wconf 82' lang='lat' dir='ltr'>judex,</span> <span class='ocrx_word' id='word_1_92' title='bbox 821 1774 880 1842; x_wconf 92' lang='lat' dir='ltr'>cui</span> <span class='ocrx_word' id='word_1_93' title='bbox 895 1796 969 1841; x_wconf 92' lang='lat' dir='ltr'>non</span> <span class='ocrx_word' id='word_1_94' title='bbox 985 1771 1031 1841; x_wconf 90' lang='lat' dir='ltr'>ab</span> <span class='ocrx_word' id='word_1_95' title='bbox 1045 1774 1149 1842; x_wconf 88' lang='lat' dir='ltr'>initio</span> <span class='ocrx_word' id='word_1_96' title='bbox 1163 1770 1353 1843; x_wconf 84' lang='lat' dir='ltr'>decumani</span> 
     </span>
     <span class='ocr_line' id='line_1_15' title="bbox 290 1878 1355 1977; baseline 0.002 -28"><span class='ocrx_word' id='word_1_97' title='bbox 290 1878 470 1951; x_wconf 78' lang='lat' dir='ltr'>criminis¹</span> <span class='ocrx_word' id='word_1_98' title='bbox 502 1904 714 1977; x_wconf 84' lang='lat' dir='ltr'>persuasum</span> <span class='ocrx_word' id='word_1_99' title='bbox 744 1884 809 1966; x_wconf 83' lang='lat' dir='ltr'>sit,</span> <span class='ocrx_word' id='word_1_100' title='bbox 843 1882 951 1951; x_wconf 88' lang='lat' dir='ltr'>istum</span> <span class='ocrx_word' id='word_1_101' title='bbox 984 1883 1022 1950; x_wconf 92' lang='lat' dir='ltr'>in</span> <span class='ocrx_word' id='word_1_102' title='bbox 1048 1896 1231 1952; x_wconf 82' lang='lat' dir='ltr'>aratorum</span> <span class='ocrx_word' id='word_1_103' title='bbox 1257 1881 1355 1952; x_wconf 89' lang='lat' dir='ltr'>bona</span> 
     </span>
     <span class='ocr_line' id='line_1_16' title="bbox 288 1988 1354 2088; baseline 0 -29"><span class='ocrx_word' id='word_1_104' title='bbox 288 1988 527 2087; x_wconf 79' lang='lat' dir='ltr'>fortunasque</span> <span class='ocrx_word' id='word_1_105' title='bbox 556 1993 732 2088; x_wconf 89' lang='lat' dir='ltr'>impetum</span> <span class='ocrx_word' id='word_1_106' title='bbox 760 1988 910 2062; x_wconf 78' lang='lat' dir='ltr'>secisse?</span> <span class='ocrx_word' id='word_1_107' title='bbox 938 1994 1020 2087; x_wconf 90' lang='lat' dir='ltr'>quis</span> <span class='ocrx_word' id='word_1_108' title='bbox 1047 1990 1119 2061; x_wconf 86' lang='lat' dir='ltr'>ho&#39;c</span> <span class='ocrx_word' id='word_1_109' title='bbox 1141 2016 1217 2061; x_wconf 92' lang='lat' dir='ltr'>non</span> <span class='ocrx_word' id='word_1_110' title='bbox 1238 2016 1282 2062; x_wconf 83' lang='lat' dir='ltr'>ex</span> <span class='ocrx_word' id='word_1_111' title='bbox 1309 2015 1354 2060; x_wconf 89' lang='lat' dir='ltr'>eo</span> 
     </span>
     <span class='ocr_line' id='line_1_17' title="bbox 289 2099 1355 2198; baseline -0.001 -28"><span class='ocrx_word' id='word_1_112' title='bbox 289 2101 408 2171; x_wconf 88' lang='lat' dir='ltr'>statim</span> <span class='ocrx_word' id='word_1_113' title='bbox 424 2099 615 2194; x_wconf 81' lang='lat' dir='ltr'>judicavit,</span> <span class='ocrx_word' id='word_1_114' title='bbox 637 2099 738 2198; x_wconf 90' lang='lat' dir='ltr'>quod</span> <span class='ocrx_word' id='word_1_115' title='bbox 759 2100 922 2188; x_wconf 88' lang='lat' dir='ltr'>ostendi,</span> <span class='ocrx_word' id='word_1_116' title='bbox 941 2103 1050 2171; x_wconf 88' lang='lat' dir='ltr'>istum</span> <span class='ocrx_word' id='word_1_117' title='bbox 1070 2099 1240 2171; x_wconf 83' lang='lat' dir='ltr'>decumas</span> <span class='ocrx_word' id='word_1_118' title='bbox 1262 2124 1355 2170; x_wconf 90' lang='lat' dir='ltr'>nova</span> 
     </span>
     <span class='ocr_line' id='line_1_18' title="bbox 188 2210 1356 2307; baseline 0 -28"><span class='ocrx_word' id='word_1_119' title='bbox 188 2228 192 2233; x_wconf 79' lang='grc'>·</span> <span class='ocrx_word' id='word_1_120' title='bbox 267 2272 275 2288; x_wconf 78' lang='grc'><em>,</em></span> <span class='ocrx_word' id='word_1_121' title='bbox 290 2210 389 2306; x_wconf 85' lang='lat' dir='ltr'>lege,</span> <span class='ocrx_word' id='word_1_122' title='bbox 408 2223 517 2306; x_wconf 87' lang='lat' dir='ltr'>atque</span> <span class='ocrx_word' id='word_1_123' title='bbox 535 2211 627 2282; x_wconf 83' lang='lat' dir='ltr'>adeo</span> <span class='ocrx_word' id='word_1_124' title='bbox 644 2212 744 2282; x_wconf 89' lang='lat' dir='ltr'>nulla</span> <span class='ocrx_word' id='word_1_125' title='bbox 764 2213 862 2307; x_wconf 75' lang='lat' dir='ltr'>lege,</span> <span class='ocrx_word' id='word_1_126' title='bbox 883 2226 1009 2282; x_wconf 77' lang='lat' dir='ltr'>contre</span> <span class='ocrx_word' id='word_1_127' title='bbox 1026 2212 1191 2287; x_wconf 90' lang='lat' dir='ltr'>omnium</span> <span class='ocrx_word' id='word_1_128' title='bbox 1209 2233 1356 2280; x_wconf 90' lang='lat' dir='ltr'>consue·</span> 
     </span>
     <span class='ocr_line' id='line_1_19' title="bbox 291 2317 1356 2415; baseline 0.002 -27"><span class='ocrx_word' id='word_1_129' title='bbox 291 2317 457 2389; x_wconf 89' lang='lat' dir='ltr'>tudinem</span> <span class='ocrx_word' id='word_1_130' title='bbox 477 2334 586 2415; x_wconf 86' lang='lat' dir='ltr'>atque</span> <span class='ocrx_word' id='word_1_131' title='bbox 607 2322 769 2392; x_wconf 87' lang='lat' dir='ltr'>instituta</span> <span class='ocrx_word' id='word_1_132' title='bbox 791 2321 1017 2395; x_wconf 83' lang='lat' dir='ltr'>vendidisse?</span> <span class='ocrx_word' id='word_1_133' title='bbox 1033 2325 1189 2408; x_wconf 87' lang='lat' dir='ltr'>Verum,</span> <span class='ocrx_word' id='word_1_134' title='bbox 1210 2333 1252 2389; x_wconf 91' lang='lat' dir='ltr'>ut</span> <span class='ocrx_word' id='word_1_135' title='bbox 1269 2322 1356 2390; x_wconf 85' lang='lat' dir='ltr'>istos</span> 
     </span>
     <span class='ocr_line' id='line_1_20' title="bbox 291 2418 1365 2528; baseline 0.002 -32"><span class='ocrx_word' id='word_1_136' title='bbox 291 2451 360 2523; x_wconf 88' lang='lat' dir='ltr'>ego</span> <span class='ocrx_word' id='word_1_137' title='bbox 384 2427 524 2521; x_wconf 87' lang='lat' dir='ltr'>judices</span> <span class='ocrx_word' id='word_1_138' title='bbox 552 2443 624 2498; x_wconf 88' lang='lat' dir='ltr'>tam</span> <span class='ocrx_word' id='word_1_139' title='bbox 658 2454 823 2519; x_wconf 85' lang='lat' dir='ltr'>severos,</span> <span class='ocrx_word' id='word_1_140' title='bbox 851 2447 923 2503; x_wconf 85' lang='lat' dir='ltr'>tarn</span> <span class='ocrx_word' id='word_1_141' title='bbox 943 2431 1153 2528; x_wconf 86' lang='lat' dir='ltr'>diligentes,</span> <span class='ocrx_word' id='word_1_142' title='bbox 1175 2444 1249 2499; x_wconf 79' lang='lat' dir='ltr'>tam</span> <span class='ocrx_word' id='word_1_143' title='bbox 1271 2418 1365 2500; x_wconf 58' lang='lat' dir='ltr'>reli?</span> 
     </span>
     <span class='ocr_line' id='line_1_21' title="bbox 290 2537 1355 2638; baseline 0.003 -32"><span class='ocrx_word' id='word_1_144' title='bbox 290 2539 410 2633; x_wconf 85' lang='lat' dir='ltr'>giosos</span> <span class='ocrx_word' id='word_1_145' title='bbox 430 2563 506 2609; x_wconf 90' lang='lat' dir='ltr'>non</span> <span class='ocrx_word' id='word_1_146' title='bbox 523 2537 717 2625; x_wconf 83' lang='lat' dir='ltr'>haberem3</span> <span class='ocrx_word' id='word_1_147' title='bbox 739 2547 864 2638; x_wconf 88' lang='lat' dir='ltr'>ecquis</span> <span class='ocrx_word' id='word_1_148' title='bbox 885 2557 958 2627; x_wconf 89' lang='lat' dir='ltr'>est,</span> <span class='ocrx_word' id='word_1_149' title='bbox 978 2566 1021 2611; x_wconf 84' lang='lat' dir='ltr'>ex</span> <span class='ocrx_word' id='word_1_150' title='bbox 1044 2540 1255 2635; x_wconf 86' lang='lat' dir='ltr'>injuriarum</span> <span class='ocrx_word' id='word_1_151' title='bbox 1279 2563 1355 2609; x_wconf 87' lang='lat' dir='ltr'>ma·</span> 
     </span>
     <span class='ocr_line' id='line_1_22' title="bbox 290 2649 1355 2748; baseline 0.001 -30"><span class='ocrx_word' id='word_1_152' title='bbox 290 2649 500 2744; x_wconf 86' lang='lat' dir='ltr'>gnitudine,</span> <span class='ocrx_word' id='word_1_153' title='bbox 527 2650 761 2748; x_wconf 87' lang='lat' dir='ltr'>improbitate</span> <span class='ocrx_word' id='word_1_154' title='bbox 781 2650 1029 2739; x_wconf 87' lang='lat' dir='ltr'>decretorum,</span> <span class='ocrx_word' id='word_1_155' title='bbox 1047 2649 1268 2745; x_wconf 89' lang='lat' dir='ltr'>judiciorum</span> <span class='ocrx_word' id='word_1_156' title='bbox 1286 2653 1355 2719; x_wconf 91' lang='lat' dir='ltr'>ini·</span> 
     </span>
     <span class='ocr_line' id='line_1_23' title="bbox 292 2758 1357 2857; baseline -0.001 -28"><span class='ocrx_word' id='word_1_157' title='bbox 292 2763 450 2855; x_wconf 67' lang='lat' dir='ltr'>quinte,</span> <span class='ocrx_word' id='word_1_158' title='bbox 467 2762 530 2857; x_wconf 92' lang='lat' dir='ltr'>qui</span> <span class='ocrx_word' id='word_1_159' title='bbox 544 2760 616 2833; x_wconf 92' lang='lat' dir='ltr'>hoc</span> <span class='ocrx_word' id='word_1_160' title='bbox 628 2787 704 2832; x_wconf 93' lang='lat' dir='ltr'>non</span> <span class='ocrx_word' id='word_1_161' title='bbox 715 2759 931 2855; x_wconf 86' lang='lat' dir='ltr'>jamdudum</span> <span class='ocrx_word' id='word_1_162' title='bbox 944 2762 1108 2831; x_wconf 88' lang='lat' dir='ltr'>statuerit</span> <span class='ocrx_word' id='word_1_163' title='bbox 1120 2774 1156 2829; x_wconf 91' lang='lat' dir='ltr'>et</span> <span class='ocrx_word' id='word_1_164' title='bbox 1166 2758 1357 2854; x_wconf 75' lang='lat' dir='ltr'>judicarit?</span> 
     </span>
     <span class='ocr_line' id='line_1_24' title="bbox 290 2869 1355 2968; baseline 0 -29"><span class='ocrx_word' id='word_1_165' title='bbox 290 2873 405 2940; x_wconf 83' lang='lat' dir='ltr'>Etiam</span> <span class='ocrx_word' id='word_1_166' title='bbox 424 2895 509 2942; x_wconf 88' lang='lat' dir='ltr'>sane</span> <span class='ocrx_word' id='word_1_167' title='bbox 533 2873 577 2941; x_wconf 90' lang='lat' dir='ltr'>sit</span> <span class='ocrx_word' id='word_1_168' title='bbox 602 2871 730 2968; x_wconf 82' lang='lat' dir='ltr'>aliquis</span> <span class='ocrx_word' id='word_1_169' title='bbox 754 2871 982 2943; x_wconf 70' lang='lat' dir='ltr'>dissolutior⁹</span> <span class='ocrx_word' id='word_1_170' title='bbox 1006 2871 1044 2939; x_wconf 92' lang='lat' dir='ltr'>in</span> <span class='ocrx_word' id='word_1_171' title='bbox 1061 2869 1281 2965; x_wconf 77' lang='lat' dir='ltr'>judicend03</span> <span class='ocrx_word' id='word_1_172' title='bbox 1303 2869 1355 2940; x_wconf 92' lang='lat' dir='ltr'>le·</span> 
     </span>
     <span class='ocr_line' id='line_1_25' title="bbox 290 2978 1354 3078; baseline -0.001 -29"><span class='ocrx_word' id='word_1_173' title='bbox 290 3003 398 3074; x_wconf 86' lang='lat' dir='ltr'>gum,</span> <span class='ocrx_word' id='word_1_174' title='bbox 423 2978 555 3067; x_wconf 87' lang='lat' dir='ltr'>officii,</span> <span class='ocrx_word' id='word_1_175' title='bbox 579 2981 785 3078; x_wconf 72' lang='lat' dir='ltr'>reipublicae</span> <span class='ocrx_word' id='word_1_176' title='bbox 812 2985 992 3052; x_wconf 89' lang='lat' dir='ltr'>sociorum</span> <span class='ocrx_word' id='word_1_177' title='bbox 1021 2982 1130 3078; x_wconf 80' lang='lat' dir='ltr'>atque</span> <span class='ocrx_word' id='word_1_178' title='bbox 1156 2984 1354 3052; x_wconf 88' lang='lat' dir='ltr'>amicorum</span> 
     </span>
     <span class='ocr_line' id='line_1_26' title="bbox 290 3087 1355 3191; baseline -0.001 -32"><span class='ocrx_word' id='word_1_179' title='bbox 290 3089 551 3186; x_wconf 80' lang='lat' dir='ltr'>negligentior:</span> <span class='ocrx_word' id='word_1_180' title='bbox 571 3090 661 3186; x_wconf 89' lang='lat' dir='ltr'>quid</span> <span class='ocrx_word' id='word_1_181' title='bbox 676 3091 690 3161; x_wconf 75' lang='lat' dir='ltr'>l</span> <span class='ocrx_word' id='word_1_182' title='bbox 706 3094 735 3164; x_wconf 90' lang='lat' dir='ltr'>is</span> <span class='ocrx_word' id='word_1_183' title='bbox 757 3096 918 3191; x_wconf 91' lang='lat' dir='ltr'>possitne</span> <span class='ocrx_word' id='word_1_184' title='bbox 939 3090 984 3162; x_wconf 93' lang='lat' dir='ltr'>de</span> <span class='ocrx_word' id='word_1_185' title='bbox 1003 3093 1106 3162; x_wconf 87' lang='lat' dir='ltr'>istius</span> <span class='ocrx_word' id='word_1_186' title='bbox 1124 3087 1355 3188; x_wconf 83' lang='lat' dir='ltr'>improbitate</span> 
     </span>
     <span class='ocr_line' id='line_1_27' title="bbox 293 3197 1354 3298; baseline -0.001 -29"><span class='ocrx_word' id='word_1_187' title='bbox 293 3197 480 3288; x_wconf 84' lang='lat' dir='ltr'>dubitare,</span> <span class='ocrx_word' id='word_1_188' title='bbox 504 3226 620 3297; x_wconf 90' lang='lat' dir='ltr'>quum</span> <span class='ocrx_word' id='word_1_189' title='bbox 647 3216 744 3273; x_wconf 80' lang='lat' dir='ltr'>tanta</span> <span class='ocrx_word' id='word_1_190' title='bbox 770 3203 867 3274; x_wconf 88' lang='lat' dir='ltr'>lucra</span> <span class='ocrx_word' id='word_1_191' title='bbox 894 3202 1008 3285; x_wconf 84' lang='lat' dir='ltr'>facta,</span> <span class='ocrx_word' id='word_1_192' title='bbox 1034 3217 1106 3272; x_wconf 81' lang='lat' dir='ltr'>tam</span> <span class='ocrx_word' id='word_1_193' title='bbox 1127 3203 1269 3296; x_wconf 87' lang='lat' dir='ltr'>iniquas</span> <span class='ocrx_word' id='word_1_194' title='bbox 1291 3224 1354 3298; x_wconf 87' lang='lat' dir='ltr'>pa·</span> 
     </span>
     <span class='ocr_line' id='line_1_28' title="bbox 290 3311 1357 3411; baseline 0 -31"><span class='ocrx_word' id='word_1_195' title='bbox 290 3311 446 3398; x_wconf 88' lang='lat' dir='ltr'>ctiones‚</span> <span class='ocrx_word' id='word_1_196' title='bbox 464 3315 499 3379; x_wconf 87' lang='lat' dir='ltr'>vi</span> <span class='ocrx_word' id='word_1_197' title='bbox 514 3326 550 3381; x_wconf 89' lang='lat' dir='ltr'>et</span> <span class='ocrx_word' id='word_1_198' title='bbox 565 3326 664 3382; x_wconf 89' lang='lat' dir='ltr'>metu</span> <span class='ocrx_word' id='word_1_199' title='bbox 678 3336 863 3411; x_wconf 83' lang='lat' dir='ltr'>expressas</span> <span class='ocrx_word' id='word_1_200' title='bbox 878 3311 1111 3409; x_wconf 79' lang='lat' dir='ltr'>cognoverit?</span> <span class='ocrx_word' id='word_1_201' title='bbox 1124 3333 1238 3406; x_wconf 92' lang='lat' dir='ltr'>quum</span> <span class='ocrx_word' id='word_1_202' title='bbox 1258 3323 1357 3380; x_wconf 85' lang='lat' dir='ltr'>tanta</span> 
     </span>
    </p>
   </div>
   <div class='ocr_carea' id='block_1_3' title="bbox 286 3516 1355 3648">
    <p class='ocr_par' dir='ltr' id='par_1_4' title="bbox 286 3516 1355 3648">
     <span class='ocr_line' id='line_1_29' title="bbox 322 3516 1355 3578; baseline 0.003 -18"><span class='ocrx_word' id='word_1_203' title='bbox 322 3525 349 3573; x_wconf 69' lang='lat'>4.</span> <span class='ocrx_word' id='word_1_204' title='bbox 365 3516 535 3564; x_wconf 82' lang='lat' dir='ltr'>Vernaenlnm.</span> <span class='ocrx_word' id='word_1_205' title='bbox 549 3518 630 3564; x_wconf 68' lang='lat' dir='ltr'>Veron</span> <span class='ocrx_word' id='word_1_206' title='bbox 648 3534 730 3565; x_wconf 76' lang='lat' dir='ltr'>servus</span> <span class='ocrx_word' id='word_1_207' title='bbox 746 3531 794 3573; x_wconf 81' lang='lat' dir='ltr'>est.</span> <span class='ocrx_word' id='word_1_208' title='bbox 840 3518 867 3564; x_wconf 88' lang='lat' dir='ltr'>in</span> <span class='ocrx_word' id='word_1_209' title='bbox 884 3517 985 3578; x_wconf 78' lang='lat' dir='ltr'>margin</span> <span class='ocrx_word' id='word_1_210' title='bbox 1000 3517 1081 3564; x_wconf 85' lang='lat' dir='ltr'>Lamb.</span> <span class='ocrx_word' id='word_1_211' title='bbox 1101 3516 1166 3574; x_wconf 75' lang='lat' dir='ltr'>Alii,</span> <span class='ocrx_word' id='word_1_212' title='bbox 1180 3527 1355 3578; x_wconf 76' lang='lat' dir='ltr'>exportamm.</span> 
     </span>
     <span class='ocr_line' id='line_1_30' title="bbox 286 3593 1355 3648; baseline -0.003 -2"><span class='ocrx_word' id='word_1_213' title='bbox 286 3599 313 3645; x_wconf 86' lang='lat' dir='ltr'>in</span> <span class='ocrx_word' id='word_1_214' title='bbox 334 3599 410 3646; x_wconf 87' lang='lat' dir='ltr'>domo</span> <span class='ocrx_word' id='word_1_215' title='bbox 440 3608 523 3645; x_wconf 76' lang='lat' dir='ltr'>nostra</span> <span class='ocrx_word' id='word_1_216' title='bbox 551 3609 624 3645; x_wconf 79' lang='lat' dir='ltr'>natus</span> <span class='ocrx_word' id='word_1_217' title='bbox 650 3616 681 3646; x_wconf 87' lang='lat' dir='ltr'>ex</span> <span class='ocrx_word' id='word_1_218' title='bbox 697 3600 794 3648; x_wconf 78' lang='lat' dir='ltr'>aneilla.</span> <span class='ocrx_word' id='word_1_219' title='bbox 876 3596 952 3641; x_wconf 77' lang='lat' dir='ltr'><strong>LXII·</strong></span> <span class='ocrx_word' id='word_1_220' title='bbox 971 3595 1139 3642; x_wconf 60' lang='lat' dir='ltr'>timemini</span> <span class='ocrx_word' id='word_1_221' title='bbox 1150 3593 1264 3642; x_wconf 78' lang='lat' dir='ltr'>criminis.</span> <span class='ocrx_word' id='word_1_222' title='bbox 1274 3598 1355 3641; x_wconf 83' lang='lat' dir='ltr'>Accu·</span> 
     </span>
    </p>
   </div>
   <div class='ocr_carea' id='block_1_4' title="bbox 289 3672 1355 3745">
    <p class='ocr_par' dir='ltr' id='par_1_5' title="bbox 289 3662 1471 3745">
     <span class='ocr_line' id='line_1_31' title="bbox 289 3672 1355 3745; baseline -0.007 -20"><span class='ocrx_word' id='word_1_223' title='bbox 289 3678 385 3725; x_wconf 83' lang='lat' dir='ltr'>Crimen</span> <span class='ocrx_word' id='word_1_224' title='bbox 399 3677 559 3745; x_wconf 82' lang='lat' dir='ltr'>domesticum</span> <span class='ocrx_word' id='word_1_225' title='bbox 568 3686 593 3724; x_wconf 87' lang='lat' dir='ltr'>et</span> <span class='ocrx_word' id='word_1_226' title='bbox 603 3680 758 3728; x_wconf 70' lang='lat' dir='ltr'>vernaculum</span> <span class='ocrx_word' id='word_1_227' title='bbox 768 3678 796 3725; x_wconf 89' lang='lat' dir='ltr'>il·</span> <span class='ocrx_word' id='word_1_228' title='bbox 840 3674 940 3722; x_wconf 78' lang='lat' dir='ltr'>sationis</span> <span class='ocrx_word' id='word_1_229' title='bbox 952 3672 1106 3723; x_wconf 76' lang='lat' dir='ltr'>decumarum</span> <span class='ocrx_word' id='word_1_230' title='bbox 1115 3675 1214 3722; x_wconf 87' lang='lat' dir='ltr'>nomine</span> <span class='ocrx_word' id='word_1_231' title='bbox 1226 3674 1355 3721; x_wconf 70' lang='lat' dir='ltr'>institutos.</span> 
     </span>
    </p>
   </div>
   <div class='ocr_carea' id='block_1_5' title="bbox 287 3746 1358 4133">
    <p class='ocr_par' dir='ltr' id='par_1_6' title="bbox 287 3746 1357 3822">
     <span class='ocr_line' id='line_1_32' title="bbox 287 3746 1357 3822; baseline -0.005 -20"><span class='ocrx_word' id='word_1_232' title='bbox 287 3755 330 3803; x_wconf 87' lang='lat' dir='ltr'>lud</span> <span class='ocrx_word' id='word_1_233' title='bbox 342 3768 390 3814; x_wconf 84' lang='lat' dir='ltr'>est,</span> <span class='ocrx_word' id='word_1_234' title='bbox 399 3756 468 3820; x_wconf 87' lang='lat' dir='ltr'>quod</span> <span class='ocrx_word' id='word_1_235' title='bbox 478 3756 546 3803; x_wconf 88' lang='lat' dir='ltr'>domi</span> <span class='ocrx_word' id='word_1_236' title='bbox 559 3773 589 3803; x_wconf 85' lang='lat' dir='ltr'>ex</span> <span class='ocrx_word' id='word_1_237' title='bbox 598 3746 726 3822; x_wconf 78' lang='lat' dir='ltr'>proposito</span> <span class='ocrx_word' id='word_1_238' title='bbox 735 3772 795 3805; x_wconf 89' lang='lat' dir='ltr'>con·</span> <span class='ocrx_word' id='word_1_239' title='bbox 876 3754 943 3802; x_wconf 56' lang='lat' dir='ltr'>nsit</span> <span class='ocrx_word' id='word_1_240' title='bbox 948 3753 1036 3818; x_wconf 80' lang='lat' dir='ltr'>aliquis</span> <span class='ocrx_word' id='word_1_241' title='bbox 1042 3753 1187 3801; x_wconf 77' lang='lat' dir='ltr'>dissolutior.</span> <span class='ocrx_word' id='word_1_242' title='bbox 1200 3752 1300 3800; x_wconf 75' lang='lat' dir='ltr'>Etiamsi</span> <span class='ocrx_word' id='word_1_243' title='bbox 1306 3767 1357 3798; x_wconf 89' lang='lat' dir='ltr'>non</span> 
     </span>
    </p>

    <p class='ocr_par' dir='ltr' id='par_1_7' title="bbox 287 3830 1356 3899">
     <span class='ocr_line' id='line_1_33' title="bbox 287 3830 1356 3899; baseline -0.003 -19"><span class='ocrx_word' id='word_1_244' title='bbox 287 3832 386 3897; x_wconf 77' lang='lat' dir='ltr'>lingitur</span> <span class='ocrx_word' id='word_1_245' title='bbox 393 3835 425 3882; x_wconf 76' lang='lat' dir='ltr'>ab</span> <span class='ocrx_word' id='word_1_246' title='bbox 433 3846 579 3885; x_wconf 76' lang='lat' dir='ltr'>seenntore.</span> <span class='ocrx_word' id='word_1_247' title='bbox 588 3840 673 3884; x_wconf 80' lang='lat' dir='ltr'>-Ex</span> <span class='ocrx_word' id='word_1_248' title='bbox 683 3849 796 3899; x_wconf 77' lang='lat' dir='ltr'>ternpore.</span> <span class='ocrx_word' id='word_1_249' title='bbox 842 3834 900 3881; x_wconf 87' lang='lat' dir='ltr'>mibi</span> <span class='ocrx_word' id='word_1_250' title='bbox 909 3833 1003 3894; x_wconf 81' lang='lat' dir='ltr'>judices</span> <span class='ocrx_word' id='word_1_251' title='bbox 1013 3832 1124 3880; x_wconf 77' lang='lat' dir='ltr'>adessent</span> <span class='ocrx_word' id='word_1_252' title='bbox 1136 3843 1185 3879; x_wconf 81' lang='lat' dir='ltr'>tem</span> <span class='ocrx_word' id='word_1_253' title='bbox 1199 3830 1293 3887; x_wconf 79' lang='lat' dir='ltr'>severi,</span> <span class='ocrx_word' id='word_1_254' title='bbox 1309 3839 1356 3877; x_wconf 73' lang='lat' dir='ltr'>tans</span> 
     </span>
    </p>

    <p class='ocr_par' dir='ltr' id='par_1_8' title="bbox 287 3911 1357 3976">
     <span class='ocr_line' id='line_1_34' title="bbox 287 3911 1357 3976; baseline -0.006 -15"><span class='ocrx_word' id='word_1_255' title='bbox 287 3914 324 3961; x_wconf 81' lang='lat' dir='ltr'>Ex</span> <span class='ocrx_word' id='word_1_256' title='bbox 337 3911 466 3960; x_wconf 79' lang='lat' dir='ltr'>occasione</span> <span class='ocrx_word' id='word_1_257' title='bbox 484 3914 589 3976; x_wconf 80' lang='lat' dir='ltr'>periculi</span> <span class='ocrx_word' id='word_1_258' title='bbox 606 3915 655 3975; x_wconf 82' lang='lat' dir='ltr'>tui,</span> <span class='ocrx_word' id='word_1_259' title='bbox 673 3915 798 3974; x_wconf 74' lang='lat' dir='ltr'>iudiciiin</span> <span class='ocrx_word' id='word_1_260' title='bbox 842 3913 900 3961; x_wconf 86' lang='lat' dir='ltr'>lidei</span> <span class='ocrx_word' id='word_1_261' title='bbox 917 3930 944 3960; x_wconf 79' lang='lat' dir='ltr'>nc</span> <span class='ocrx_word' id='word_1_262' title='bbox 967 3912 1090 3975; x_wconf 79' lang='lat' dir='ltr'>religionis</span> <span class='ocrx_word' id='word_1_263' title='bbox 1108 3912 1282 3966; x_wconf 55' lang='lat' dir='ltr'>observantem</span> <span class='ocrx_word' id='word_1_264' title='bbox 1303 3912 1357 3972; x_wconf 80' lang='lat' dir='ltr'>quis</span> 
     </span>
    </p>

    <p class='ocr_par' dir='ltr' id='par_1_9' title="bbox 289 3989 1358 4133">
     <span class='ocr_line' id='line_1_35' title="bbox 289 3989 1358 4055; baseline 0.001 -18"><span class='ocrx_word' id='word_1_265' title='bbox 289 3990 358 4055; x_wconf 83' lang='lat' dir='ltr'>qnod</span> <span class='ocrx_word' id='word_1_266' title='bbox 371 4001 472 4037; x_wconf 72' lang='lat' dir='ltr'>vocatus</span> <span class='ocrx_word' id='word_1_267' title='bbox 483 4008 516 4039; x_wconf 82' lang='lat' dir='ltr'>es.</span> <span class='ocrx_word' id='word_1_268' title='bbox 845 3994 881 4040; x_wconf 85' lang='lat' dir='ltr'>vel</span> <span class='ocrx_word' id='word_1_269' title='bbox 899 3993 924 4038; x_wconf 90' lang='lat' dir='ltr'>in</span> <span class='ocrx_word' id='word_1_270' title='bbox 935 3990 1070 4054; x_wconf 83' lang='lat' dir='ltr'>judicando</span> <span class='ocrx_word' id='word_1_271' title='bbox 1085 3989 1183 4038; x_wconf 87' lang='lat' dir='ltr'>mollior</span> <span class='ocrx_word' id='word_1_272' title='bbox 1196 3989 1266 4037; x_wconf 80' lang='lat' dir='ltr'>ulitur</span> <span class='ocrx_word' id='word_1_273' title='bbox 1280 3990 1358 4055; x_wconf 85' lang='lat' dir='ltr'>possit</span> 
     </span>
     <span class='ocr_line' id='line_1_36' title="bbox 324 4058 953 4133; baseline 0.008 -18"><span class='ocrx_word' id='word_1_274' title='bbox 324 4072 347 4120; x_wconf 82' lang='lat'>5.</span> <span class='ocrx_word' id='word_1_275' title='bbox 370 4070 537 4133; x_wconf 79' lang='lat' dir='ltr'>Deportatnm.</span> <span class='ocrx_word' id='word_1_276' title='bbox 559 4072 598 4119; x_wconf 86' lang='lat' dir='ltr'>Sic</span> <span class='ocrx_word' id='word_1_277' title='bbox 623 4088 653 4119; x_wconf 81' lang='lat' dir='ltr'>ex</span> <span class='ocrx_word' id='word_1_278' title='bbox 675 4081 722 4120; x_wconf 77' lang='lat' dir='ltr'>vet.</span> <span class='ocrx_word' id='word_1_279' title='bbox 743 4072 799 4120; x_wconf 86' lang='lat' dir='ltr'>cod.</span> <span class='ocrx_word' id='word_1_280' title='bbox 845 4058 953 4121; x_wconf 74' lang='lat' dir='ltr'>sentiie?</span> 
     </span>
    </p>
   </div>
   <div class='ocr_carea' id='block_1_6' title="bbox 0 0 1596 4770">
    <p class='ocr_par' dir='ltr' id='par_1_10' title="bbox 0 0 1596 4770">
     <span class='ocr_line' id='line_1_37' title="bbox 0 0 1596 4770; baseline 0 0"><span class='ocrx_word' id='word_1_281' title='bbox 0 0 1596 4770; x_wconf 95' lang='lat' dir='ltr'> </span> 
     </span>
    </p>
   </div>
  </div>
 </body>
</html>
