3142 4774
279 372 323 442 28
600 374 648 439 M.
674 373 711 438 T.
739 372 1015 440 CICERONIS

324 498 384 564 lx.
415 496 550 562 Eorum
581 494 764 579 omnium,
792 495 856 588 qui
885 492 1073 562 decumani
1098 491 1332 579 vocabantur,

276 606 444 702 princeps
459 616 533 673 erat
546 605 589 692 Q.
606 601 666 672 ille
675 603 874 698 Apronius,
886 624 997 697 quem
1009 599 1155 671 videtis:
1171 599 1217 671 de
1230 602 1333 696 cujus

277 711 505 811 improbitate
517 710 707 808 singulari,
720 713 1007 808 gravissimarum
1021 710 1239 808 legationum
1252 735 1325 813 que

273 824 427 893 rimonia
437 833 462 909 ¹,
475 822 633 892 audistis.
648 821 844 918 Adspicite,
851 821 1010 916 judices,
1023 821 1163 892 vultum
1178 819 1334 892 hominis

275 946 313 1002 et
342 931 567 1029 adspectum3
597 945 702 1002 etex
732 955 773 1000 ea
800 933 1047 1019 contumacia,
1074 954 1183 1026 quam
1210 929 1270 1000 hic
1295 934 1334 1000 in

274 1038 424 1138 perditis
443 1038 553 1111 rebus
574 1044 725 1125 retinet,
746 1040 827 1111 illos
853 1040 954 1134 ejus²
976 1042 1122 1137 spiritus
1142 1039 1334 1111 sicilienses

275 1174 367 1246 quos
388 1148 497 1220 luisse
518 1151 670 1246 putetis,
690 1152 842 1246 cogitate
864 1174 905 1219 ac
924 1147 1173 1220 recordamini.
1197 1151 1262 1218 Hic
1281 1163 1335 1218 est

275 1263 479 1356 Apronius,
498 1283 607 1355 quem
626 1263 664 1330 in
683 1263 866 1357 provincia
882 1272 959 1330 tota
972 1263 1120 1347 Verres,
1143 1283 1255 1354 quum
1274 1281 1336 1326 un-

277 1370 388 1465 dique
414 1370 654 1466 nequissimos
681 1368 846 1439 homines
872 1368 1127 1465 conquisisset,
1158 1381 1194 1437 et
1220 1390 1335 1464 quum

277 1482 354 1576 ipse
377 1502 500 1548 secum
528 1482 584 1549 sui
611 1478 742 1549 similes
766 1478 923 1549 duxisset
943 1500 1019 1548 non
1040 1499 1166 1574 parum
1187 1475 1336 1559 multos,

277 1589 459 1683 nequitia,
477 1587 636 1675 luxuria,
647 1587 818 1675 audacia,
837 1590 893 1658 sui
914 1587 1136 1657 simillimum
1150 1583 1335 1681 judicavit.

276 1701 402 1792 Itaque
416 1699 503 1767 istos
516 1700 610 1768 inter
623 1722 660 1769 se
673 1697 839 1795 perbrevi
854 1713 1036 1792 tempore,
1059 1722 1134 1766 non
1149 1721 1207 1766 res
1217 1693 1244 1782 ³,
1259 1719 1335 1765 uon

277 1804 387 1892 ratio,
407 1829 481 1874 non
506 1804 770 1876 commendatio
792 1804 931 1901 aliqua,
951 1805 1014 1876 sed
1035 1805 1238 1875 studiorum
1256 1818 1334 1874 tur·

278 1913 407 2011 pitudo
424 1914 692 2012 similitudoque
712 1914 910 2009 conjunxit.
927 1915 1047 1985 Verris
1066 1937 1185 1985 mores
1203 1918 1335 2010 impro-

279 2021 348 2092 bos
376 2023 610 2120 impurosque
637 2025 777 2094 nostis:
806 2021 932 2120 fingite
962 2020 1083 2112 vobis,
1108 2025 1138 2092 si
1165 2025 1336 2120 potestis,

280 2131 458 2229 aliquem,
477 2137 539 2230 qui
560 2137 599 2205 in
619 2132 789 2207 omuibus
810 2135 886 2205 istis
903 2132 1012 2205 rebus
1031 2158 1097 2232 par
1113 2132 1156 2204 ad
1173 2135 1336 2203 omnium

196 2244 198 2247 ’
279 2240 496 2336 flagitiorum
515 2242 665 2315 nefarias
678 2241 844 2315 libidines
858 2267 934 2315 esse
946 2244 1080 2342 possit:
1099 2245 1128 2311 is
1141 2242 1208 2332 erit
1221 2246 1335 2338 Apro·

281 2352 362 2420 nius
381 2350 459 2437 ille;
480 2357 564 2447 qui,
583 2367 624 2422 ut
636 2357 712 2448 ipse
726 2377 800 2422 uon
818 2352 936 2424 solum
950 2354 1043 2439 vita,
1058 2349 1120 2422 sed
1136 2354 1243 2423 etiarn
1258 2374 1336 2421 cor·

281 2482 370 2555 pore
388 2473 497 2556 atque
513 2465 599 2531 orel
614 2459 805 2556 significat,
818 2465 991 2533 immensa
1004 2460 1123 2557 aliqua
1136 2483 1267 2556 vorago
1284 2473 1338 2530 est

281 2566 347 2639 ac⁵
362 2592 491 2666 gurges
511 2569 680 2640 vitiorum
695 2571 1032 2667 turpitudinumque
1048 2571 1222 2640 omnium.
1234 2572 1339 2637 Hunc

282 2681 321 2748 in
337 2677 505 2750 omnibus
524 2679 672 2777 stupris,
692 2677 791 2748 hunc
808 2676 1028 2749 insanorum
1043 2674 1337 2775 expilationibus,

280 2787 380 2857 hunc
397 2789 435 2857 in
453 2791 606 2885 impuris
624 2790 794 2859 conviviis
808 2790 1008 2887 principem
1027 2786 1240 2873 adhibeba13
1258 2800 1338 2863 tan·

283 2912 428 2995 tamque
459 2896 616 2969 habebat
645 2923 788 2968 morum
819 2897 1016 2968 similitudo
1043 2896 1338 2992 conjunctionem

318 3051 365 3097 11.
380 3067 402 3096 1.
417 3049 580 3112 Querimonia.
597 3051 637 3098 sic
649 3052 745 3101 Gruter.
763 3062 787 3099 et
832 3049 939 3098 rentibus
960 3050 1031 3098 rebus
1053 3051 1117 3109 suis,
1139 3050 1166 3098 in
1187 3049 1267 3098 Sicilia
1286 3063 1339 3094 ver-

283 3129 342 3176 Em.
355 3130 428 3175 ceteri
437 3145 451 3175 e
460 3129 522 3176 MSS
543 3130 722 3192 uquerimouiee
731 3151 788 3178 ».-
830 3128 935 3179 sebatur.

284 3206 395 3254 Herelius
409 3206 512 3255 malebat
524 3207 646 3256 adsessrtm
654 3226 665 3265 ,·
675 3225 732 3256 num
744 3209 789 3257 ud·
867 3209 891 3257 3.
904 3209 961 3256 Non
972 3224 1017 3258 res.
1038 3210 1123 3271 Neque
1141 3206 1247 3263 utilitas,
1259 3220 1340 3269 neque

283 3285 412 3349 spicere...
435 3287 574 3352 adrpeettmt
591 3288 613 3334 ei
630 3287 696 3335 baud
709 3287 787 3352 place·
828 3286 956 3349 judicium.
978 3288 1087 3336 Gravius
1107 3284 1221 3347 intelligit
1236 3299 1243 3331 :
1260 3299 1340 3346 neque

284 3364 337 3412 brt.
342 3365 375 3411 At
384 3358 511 3412 iuCeliliu.
521 3367 557 3412 1v
566 3365 675 3413 similiter
684 3365 787 3415 dicitur:
831 3368 980 3429 negotiatio,
998 3380 1076 3426 neque
1092 3363 1214 3410 rationum
1227 3377 1293 3410 eura.
1304 3389 1340 3398 -

286 3445 423 3490 «Versatur
439 3443 498 3490 mihi
513 3454 569 3492 aute
587 3444 672 3493 oculor
689 3445 789 3508 Cethegi
831 3447 969 3494 Studiorum
982 3440 1123 3490 similitudo.
1133 3443 1173 3490 Sic
1185 3458 1231 3508 pro
1243 3442 1339 3491 Clueut.

262 3552 266 3559 ·
287 3522 443 3587 adspectus·-
456 3523 563 3570 Pertinet
573 3535 651 3571 nutem
665 3524 747 3571 vulcus
758 3524 790 3571 ud
833 3547 846 3567 ι
855 3526 969 3588 Magnum
979 3523 1028 3569 vim
1041 3522 1112 3570 hebet
1129 3522 1161 3569 ud
1178 3522 1340 3588 compingen-

287 3601 456 3665 cundpertus
473 3600 504 3647 ud
522 3610 595 3648 totum
613 3601 790 3666 eorporieepe·
834 3604 877 3652 due
897 3602 1013 3649 amicitias
1033 3600 1170 3648 studiorum
1193 3617 1221 3648 ac
1247 3612 1340 3649 naturae

287 3683 355 3729 ciem¹
365 3682 451 3745 ltaque
461 3678 544 3744 puullo
555 3691 612 3744 poet
621 3681 710 3729 dicitur
720 3697 791 3730 uuor·
835 3681 967 3731 similitudo
976 3701 998 3726 n.

287 3775 348 3825 pore
364 3770 437 3824 etque
448 3775 490 3806 ore
502 3757 621 3822 siguificat
628 3780 651 3809 a.
872 3767 898 3815 t.
909 3764 989 3823 Atque
998 3774 1048 3806 ore.
1057 3757 1131 3821 Quod
1138 3770 1268 3822 utrumque
1274 3759 1300 3805 iu
1309 3773 1340 3805 eo

324 3855 350 3887 u.
362 3840 421 3886 Illos
437 3839 495 3901 ejus.
505 3839 546 3888 Sic
561 3839 639 3886 omnis
655 3839 718 3888 edite
734 3840 792 3887 ecri-
836 3850 931 3888 vertum
941 3848 985 3887 eet.

288 3927 377 3981 pieque
395 3915 476 3965 lectio.
494 3918 635 3976 Lembiuus,
649 3919 702 3967 illos
719 3918 793 3965 etiam
872 3913 896 3966 5.
908 3917 949 3965 Al.
961 3929 1020 3973 aur,·
1030 3916 1073 3964 sed
1080 3916 1153 3964 habet
1164 3916 1342 3963 acvetusliber

289 3994 392 4059 spiritus.
404 3997 490 4043 Sensus
503 4007 555 4045 eet:
574 3998 685 4061 Cogitrte
703 4005 793 4057 quauta
836 3996 933 4055 Ursini3
945 3996 1018 4059 idque
1027 4007 1092 4044 recte
1105 3995 1197 4060 placuit
1207 3996 1306 4043 Mureto
1317 4005 1342 4043 et

290 4073 362 4153 luerit
380 4074 484 4124 hominis
502 4075 626 4139 superbia,
643 4090 732 4138 quum,
750 4073 793 4123 llo·
836 4076 940 4125 Granio.
949 4077 974 4125 J.
986 4078 1017 4123 V.
1028 4076 1055 4123 1..
1208 4072 1217 4085 ⁵
