3200 4768
238 454 243 465 ,
308 396 377 472 238
631 401 679 468 M.
702 404 740 470 Τ.
763 402 1040 470 CICERONIS

305 548 444 594 menses
464 535 547 593 octo
570 525 764 593 continuos
782 547 875 620 opus
897 523 953 594 his
983 549 1059 594 non
1086 520 1224 606 defuit,
1251 550 1366 621 quum

303 659 363 705 vas
381 632 521 704 nullum
545 630 667 718 fieret,
689 635 757 703 nisi
782 657 941 704 aureum.
962 632 1145 720 Tumida,
1165 659 1209 704 ex
1228 637 1368 732 patellis

303 757 340 813 et
358 740 551 813 thuribulis
567 766 648 838 quac
665 742 832 828 vellerat‘,
847 746 897 813 ita
920 744 1006 814 scite
1030 744 1066 813 in
1088 747 1204 814 aureis
1227 747 1368 842 poculis

301 850 478 947 illigabat,
501 852 550 921 ita
568 865 647 949 apte
662 853 699 921 in
718 852 862 950 scyphis
881 855 1000 923 aureis
1018 853 1247 941 includebat,
1267 872 1309 928 ut
1325 883 1365 929 ea

301 960 345 1032 ad
362 961 458 1032 illam
473 985 551 1033 rem
567 975 650 1031 nata
664 986 740 1032 esse
756 960 902 1034 diceres.
912 966 994 1058 Ipse
1010 976 1132 1035 tamen
1142 980 1286 1061 praetor,
1302 968 1366 1063 qui

219 1137 223 1153 ,
301 1094 364 1141 sua
383 1069 562 1167 vigilantia
577 1094 702 1166 pacem
718 1071 756 1141 in
774 1072 891 1143 Sicilia
910 1070 996 1142 dicit
1010 1070 1138 1159 fuisse,
1155 1076 1193 1145 in
1207 1073 1274 1145 hac
1288 1073 1366 1147 offi-

299 1185 377 1251 cina
395 1180 569 1273 majorem
590 1194 726 1276 partem
749 1178 819 1251 diei
839 1205 922 1251 cum
942 1182 1064 1252 tunica
1079 1180 1178 1279 pulla
1188 1191 1220 1225 1⁰
1239 1180 1363 1254 sedere

298 1288 456 1375 solebat,
476 1303 512 1358 et
530 1288 647 1386 pallio.

345 1405 454 1475 XXV.
473 1406 555 1471 Haec
568 1426 655 1497 ch,
672 1400 832 1494 judices,
849 1427 925 1473 non
939 1403 1109 1475 auderem
1122 1401 1303 1502 prolerre,
1323 1409 1363 1476 ni

299 1536 453 1600 vererer,
466 1537 512 1582 ne
522 1510 614 1582 forle
623 1512 725 1610 plura
737 1511 782 1583 de
794 1513 862 1584 isto
874 1512 921 1585 ab
931 1514 1007 1585 aliis
1017 1516 1055 1584 in
1066 1538 1244 1601 sermone,
1253 1542 1364 1614 quam

299 1646 320 1692 a
334 1624 437 1692 mein
447 1622 585 1717 judicio
598 1622 739 1692 audisse
750 1621 999 1695 vosdiceretis.
1010 1628 1100 1715 Quis
1113 1627 1209 1697 enim
1220 1641 1289 1715 est,
1301 1630 1364 1726 qui

299 1732 344 1804 de
358 1733 424 1804 hac
436 1731 600 1817 officina,
618 1733 680 1829 qui
697 1731 847 1805 derasis
862 1738 1001 1820 aureis,
1021 1737 1086 1832 qui
1102 1736 1147 1807 de
1169 1736 1271 1808 istius
1287 1738 1363 1835 pal·

299 1844 366 1927 lio,
384 1845 504 1913 tunica
522 1842 638 1941 pulla,
662 1867 737 1912 non
752 1840 932 1914 audierit?
953 1847 1073 1934 Quem
1093 1846 1192 1916 voles
1214 1844 1259 1919 de
1273 1870 1362 1917 con-

300 1966 412 2024 ventu
424 1956 727 2047 Syracusanorum
740 1962 751 1993 ¹
762 1952 881 2023 virum
896 1952 1035 2024 bonum
1051 1958 1260 2025 nominato:
1280 1981 1364 2051 pro·
1383 1982 1389 1989 ·

301 2064 431 2135 ducam
442 2090 450 2132 :
463 2085 572 2132 nemo
582 2063 667 2150 erit,
677 2063 769 2157 quin
781 2062 853 2133 hoc
867 2087 905 2133 se
917 2077 979 2132 aut
989 2062 1135 2149 vidisse,
1144 2077 1206 2134 aut
1223 2062 1364 2135 audisse

301 2173 402 2244 dicat.
418 2175 450 2240 Ο
464 2167 646 2269 tempora!
665 2195 688 2241 o
701 2162 836 2247 mores!
853 2172 942 2242 nihil
959 2173 1110 2243 nimium
1126 2187 1230 2243 vetus
1247 2171 1364 2270 prole-

301 2306 388 2353 ram.
405 2286 497 2352 Sunt
506 2296 662 2351 vestrum
674 2335 684 2366 ‚
695 2279 850 2374 judices,
868 2307 978 2379 quam
994 2281 1114 2371 multi,
1133 2284 1195 2380 qui
1209 2287 1248 2353 L.
1264 2285 1364 2355 Piso·

301 2416 386 2491 nem
401 2405 651 2487 cognoverunt
664 2401 698 2478 ²,
712 2391 823 2486 hujus
836 2395 875 2462 L.
891 2394 1046 2482 Pisonis,
1061 2394 1124 2489 qui
1133 2408 1266 2489 praetor
1277 2391 1365 2481 fuit,

302 2515 451 2598 patrem.
471 2504 505 2570 Is
524 2524 639 2595 quum
658 2499 775 2571 esset³
799 2505 838 2572 in
861 2504 1032 2600 Hispania
1057 2517 1209 2600 praetor,
1231 2527 1303 2598 qua
1325 2494 1374 2571 in'

341 2622 811 2699 10.0umeunieapa11a.liienicv⁸mi
853 2640 1007 2705 publicaque
1020 2652 1044 2689 ee
1056 2641 1208 2705 maginni„
1222 2643 1278 2703 jm
1291 2639 1365 2705 pedi.

302 2716 403 2766 crimina
415 2714 574 2776 objiciuntur,
584 2730 638 2777 quae
651 2715 717 2779 apud
729 2731 811 2780 popu·
854 2719 901 2768 hus
909 2719 1200 2785 proculeahat‚qunmeic
1209 2719 1365 2784 emret,pnlla

301 2799 352 2847 lum
365 2796 467 2845 maxime
481 2795 602 2844 velebant.
615 2796 697 2843 Primo
707 2796 811 2859 impera-
856 2813 921 2848 reete
935 2810 958 2847 et
971 2799 1050 2864 pallio
1062 2801 1089 2846 in
1100 2797 1207 2848 officim,
1221 2800 1301 2847 Ama
1314 2799 1365 2848 sci.

299 2877 348 2928 tori
359 2891 460 2924 romano
473 2874 577 2923 ὰοόωω
592 2884 656 2932 eret,
667 2889 744 2941 quum
756 2888 811 2921 mu·
852 2879 934 2942 pioni,
943 2890 968 2927 et
978 2889 1064 2944 postea
1074 2877 1228 2936 Germanico,
1240 2879 1332 2926 crimen
1339 2877 1365 2925 il·

300 2953 809 3017 nu⁸⁰¹⁶rw0221¹¹¹¹lssmge³l⁸rc·Tunlu
852 2955 1365 3019 ludobjmmmeecquodilleinSieilimhic

301 3037 408 3087 enimad
430 3050 508 3099 genna
522 3043 614 3080 tansum
636 3030 810 3093 descendebat,
854 3035 1365 3101 inAEgypto‚pallioinduliproceaeiasent.

300 3130 325 3166 et
345 3116 455 3164 maximae
469 3120 519 3160 erat
537 3111 693 3177 impudentia
710 3110 812 3176 pretori
889 3116 1239 3178 XXV.1.Syraeusauorum.
1256 3113 1365 3163 Lambin.

302 3208 352 3244 cem
362 3194 479 3241 indecoro
492 3190 579 3239 habitu
591 3190 745 3238 commorari.
756 3188 811 3236 Pul·
852 3195 1014 3256 &recusarem
1027 3194 1053 3242 J.
1062 3198 1094 3244 V.
1109 3198 1136 3243 L.

302 3275 336 3323 la.
359 3270 434 3321 Color
460 3280 495 3318 eet
526 3270 619 3327 lnlvue,
642 3284 692 3332 quo
714 3278 809 3316 tentem
889 3289 914 3322 a.
940 3274 1116 3338 Cognoverunc.
1134 3273 1236 3321 Occiem
1248 3271 1289 3319 ille
1310 3273 1365 3318 Piso

300 3351 412 3419 ulpbfllffl
422 3348 663 3411 P¹⁰b²⁰1¹l³3⁶qssll²¹
675 3358 809 3395 mmm·
852 3353 930 3401 fuerat
942 3369 1007 3401 anno
1020 3352 1095 3401 Urbis
1105 3354 1167 3409 64²,
1175 3352 1199 3397 la.
1213 3366 1234 3396 e.
1242 3365 1307 3396 anno
1314 3362 1365 3394 uno

300 3447 348 3496 que
363 3440 443 3491 togam
453 3427 531 3474 albam
544 3426 691 3487 induebam
705 3442 762 3490 ergo
775 3426 810 3474 al-
854 3445 878 3481 ee
891 3433 1049 3497 qmdngiuu
1062 3442 1118 3478 ame
1137 3431 1269 3476 orationem
1284 3426 1363 3482 illem3

300 3524 351 3561 tera
365 3508 417 3556 baec
429 3507 569 3556 emtVerrir
580 3506 698 3565 audacia,
709 3522 734 3552 ee
747 3516 809 3553 tam-
854 3512 936 3573 itaqne
945 3507 1016 3555 multi
1027 3521 1056 3554 ex
1070 3506 1153 3553 Verria
1161 3502 1285 3564 jndicibus
1296 3511 1365 3549 erant

302 3608 373 3656 quam
386 3604 516 3653 pauperem
530 3598 571 3634 aut
588 3584 700 3649 opificem
712 3587 809 3634 vestire
854 3591 965 3652 quicum
979 3595 1154 3648 cognoverant.

301 3698 337 3709 -
346 3669 436 3718 Pallio.
447 3669 556 3717 Tertium
567 3667 616 3715 hoc
630 3666 700 3714 estin
711 3667 811 3713 Verrem
890 3666 914 3713 3.
926 3667 1036 3727 [equiem
1050 3675 1121 3711 esset.
1135 3662 1285 3711 Numantino
1298 3659 1365 3707 bello

301 3752 401 3799 crimen.
426 3749 522 3797 Etenim
544 3747 646 3812 pellium
663 3746 736 3792 vestie
758 3755 811 3793 erat
854 3746 980 3798 conlecto,
994 3742 1110 3807 Hispania
1119 3740 1253 3806 paullulum
1265 3739 1366 3804 quievit,

303 3823 814 3891 peenmomaniqueumquammuimum
857 3823 936 3871 donec
952 3838 1023 3870 nnvae
1045 3820 1189 3868 defectionis
1212 3820 1365 3867 occasionem

303 3913 408 3961 dedecus
426 3913 751 3961 arbitmbanturexterarum
769 3922 812 3954 na·
855 3900 947 3950 bellum
974 3901 1122 3951 Cimbricum
1148 3898 1250 3946 obtulit.
1280 3901 1366 3961 Iraque

302 3992 397 4038 tionum
408 3991 624 4046 vesceminduece,
636 4006 711 4054 quum
725 4003 755 4033 ne
768 3999 811 4030 ex·
856 3983 882 4029 L.
893 3982 951 4029 Piso
969 3981 1109 4045 Hispaniam
1122 3978 1261 4026 ulteriorem
1275 3987 1367 4041 praecor

302 4079 394 4115 menam
408 4067 507 4127 quidem
519 4067 627 4129 linguam
643 4065 714 4129 loqui
730 4065 764 4109 lae
776 4077 812 4107 es·
855 4062 970 4116 sortitus,
988 4060 1019 4106 ad
1041 4074 1082 4107 eoa
1100 4068 1181 4105 molus
1200 4055 1366 4120 reprimendos

302 4158 337 4195 aet
347 4163 354 4203 3
366 4146 556 4211 itaqueVerree,
566 4144 648 4190 omniu
661 4141 812 4205 populi.1ei-
856 4142 942 4187 misene
955 4150 1000 4188 eet.
