3186 4772
374 453 431 521 m
455 447 679 520 vernum
698 446 813 547 nor.
832 448 891 531 11,
916 445 1010 514 mn
1029 448 1093 515 tv.
1159 448 1161 453 ’
1193 445 1265 540 309

206 596 339 659 essem,
359 571 397 642 id
410 570 496 643 ferri
510 569 613 643 nullo
627 565 738 639 modo
753 591 873 664 posse„
887 564 1087 662 Respondi²
1106 565 1264 653 homini,

206 696 248 751 ut
265 684 390 779 potui,
410 695 452 751 ut
469 679 585 765 volui,
607 691 647 747 ut
668 675 788 747 debui.
804 680 896 746 Tum
911 673 1045 761 multa,
1062 688 1139 744 trrrn
1156 677 1264 746 etiam

11 844 16 853 .
106 854 109 859 .
205 788 278 861 hoc
291 814 349 860 me
364 790 510 860 memini
525 787 662 873 dicere,
680 784 783 856 facile
800 808 876 855 esse
891 784 1139 882 perspicuum,
1153 807 1265 879 quan-

207 911 287 968 tum
313 899 408 970 inter
439 884 558 984 hunc,
585 910 623 966 et
655 894 754 965 illurn
783 889 1051 980 Numidicum²,
1077 917 1201 963 verum
1231 908 1267 964 et

207 1030 418 1103 germanum
438 1005 646 1093 Metellum,
668 1004 878 1074 interesset:
898 1003 1000 1073 illurn
1023 1002 1181 1073 noluisse
1202 1027 1266 1072 sua

205 1116 412 1187 laudatione
428 1115 553 1211 juvare
571 1120 610 1186 L.
630 1113 858 1200 Lucullum‘s
877 1113 1011 1184 sororis
1028 1115 1161 1200 virum,
1183 1116 1265 1209 qui·

206 1250 289 1297 cum
310 1228 447 1324 optime
470 1224 712 1309 convenisset,
735 1223 834 1293 hunc
853 1221 993 1293 homiui
1013 1221 1228 1293 alienissimo
1246 1247 1268 1292 a

206 1334 411 1406 civitatibus
429 1333 651 1404 laudationes
669 1333 824 1428 pervim
843 1346 879 1402 et
894 1346 1030 1403 metum
1047 1356 1267 1430 compararer

255 1442 364 1533 Quod
388 1442 453 1517 ubi
475 1440 657 1527 intellexi,
682 1440 838 1533 multum
861 1441 958 1538 apud
985 1440 1085 1511 illum
1105 1456 1267 1512 recentes
1287 1534 1290 1540 Ι

206 1554 356 1623 nuntios
368 1549 395 1639 t,
413 1551 571 1632 mrtltum
593 1548 734 1620 tabulas
753 1574 828 1619 non
843 1549 1151 1621 commendatitias
1159 1548 1190 1638 ⁶,
1204 1551 1267 1621 sed

207 1660 410 1732 tributarias
433 1659 614 1734 valuisse:
636 1657 824 1730 admonitu
846 1661 1006 1757 ipsorum
1027 1661 1266 1756 Syracusano·

206 1795 290 1843 rum
306 1773 480 1867 impeturn
501 1771 540 1839 in
559 1793 617 1840 eas
630 1767 770 1842 tabulas
787 1767 902 1859 facio,
922 1771 960 1840 in
978 1768 1111 1864 quibus
1129 1769 1267 1867 singula

208 1883 408 1978 perscripta
427 1893 538 1953 erant.
558 1883 650 1951 Ecce
668 1892 789 1954 autem
807 1903 900 1951 nova
917 1877 1024 1950 turba
1045 1895 1153 1977 atquc
1175 1884 1263 1953 rixa.

206 1993 262 2063 Ne
288 2005 413 2069 tamen
434 1992 540 2067 istum
560 1993 710 2059 omuino
729 1991 910 2085 Syracusis
932 1993 1008 2062 sine
1030 1994 1172 2076 amieis,
1191 1993 1267 2061 sine

207 2097 430 2197 hospitibus,
456 2098 567 2194 plane
585 2096 726 2168 nudum
750 2123 827 2169 esse
851 2098 1095 2170 ao.‹lesertum
1115 2099 1268 2195 putetis;

206 2208 362 2287 retinere
384 2210 494 2303 coepit
516 2206 655 2277 tubulas
678 2205 942 2276 Theomnastus
963 2206 1130 2302 quidam,
1157 2206 1268 2277 homo

121 2404 125 2411 .
207 2313 357 2388 ridicule
378 2318 547 2405 insanus,
574 2340 684 2412 quern
711 2316 921 2412 Syracusani
945 2315 1185 2389 Theoractum
1207 2342 1270 2389 vo.-

208 2437 292 2499 cant
302 2434 336 2494 t:
355 2425 420 2520 qui
435 2424 508 2509 illic
522 2424 784 2519 ejusmodiest,
797 2439 839 2495 ut
849 2449 931 2496 eum
947 2429 1050 2522 pueri
1065 2440 1268 2515 sectentur3

208 2547 252 2603 ut
268 2558 415 2622 omnes,
438 2558 552 2629 quum
574 2534 673 2630 loqui
691 2534 861 2630 eoeperit,
879 2533 1062 2605 irrideantr
1081 2535 1197 2630 Hujus
1217 2551 1269 2606 ta·
1356 2587 1359 2593 ,

180 2648 182 2651 ’
208 2665 293 2715 men
308 2644 463 2730 insania,
486 2668 566 2740 quse
579 2643 729 2715 ridicula
744 2658 798 2714 est
810 2644 905 2730 aliis,
922 2643 1012 2714 rnihi
1026 2659 1102 2715 tum
1117 2646 1269 2717 molesta

210 2774 295 2823 saue
309 2751 396 2824 fuit:
416 2779 498 2825 narn
518 2778 632 2850 quum
646 2778 791 2851 spumas
804 2767 926 2852 ageret
942 2754 980 2823 in
997 2777 1080 2839 ore,
1099 2753 1269 2825 arderent

246 2909 271 2943 s.
292 2896 416 2959 Respondi
439 2896 541 2946 homini.
561 2899 595 2945 Ut
618 2900 715 2962 potuit,
795 2899 820 2946 6.
846 2895 1067 2946 commendatitias.
1089 2896 1205 2945 Solehrnt
1218 2900 1270 2949 dart

209 2972 340 3032 stantium
350 2973 662 3039 more,quierimeoalter0
672 2978 718 3025 cri·
761 2975 905 3042 putoribus
921 2973 1009 3032 litera,
1021 2973 1110 3037 quihus
1120 2992 1192 3039 apem
1207 2978 1269 3039 ferre

210 3052 402 3101 minerelellunt.
760 3052 907 3118 rogabuntur
919 3053 949 3099 iis
964 3053 1005 3116 qui
1020 3051 1157 3101 difficilIorr
1173 3057 1269 3121 negotio

246 3133 273 3180 3³
283 3132 356 3179 Illum
363 3128 608 3194 Ntirnidieum.DeQ.
616 3133 717 3181 Metello
760 3133 787 3180 iu
799 3131 924 3197 provincio
936 3131 1057 3194 gerebant.
1065 3132 1270 3197 Nonnullusquo·

210 3211 299 3275 egitur,
308 3211 364 3274 qui,
372 3220 501 3275 postquam
509 3210 651 3272 Jugnrtham
659 3211 719 3259 duo·
761 3226 809 3275 que
822 3210 957 3258 senatoriis
971 3210 1093 3269 mittebat,
1106 3227 1181 3274 quum
1193 3213 1269 3264 tribu·

209 3288 258 3337 hus
276 3289 342 3338 fudit
352 3288 441 3355 praeliis
455 3287 642 3350 Numidiumque
660 3305 717 3354 per·
762 3299 813 3337 tum
824 3305 914 3337 norum
924 3289 1040 3354 imperare
1050 3289 1172 3340 deberent.
1183 3294 1272 3342 Tribu-

211 3368 325 3427 domnit‚
351 3366 497 3423 Numidicus
518 3376 554 3413 est
573 3366 717 3430 appellatus.
763 3370 829 3415 trriae
838 3385 896 3416 vero
908 3367 955 3416 illae
968 3368 1120 3418 dicebantur.
1128 3370 1202 3419 Ludit
1212 3388 1270 3420 vero

211 3446 628 3508 Consulluitaunolilt‚quoetiam
636 3447 719 3495 trium-
762 3448 788 3494 in
802 3447 850 3495 illis
863 3448 903 3494 hic
921 3457 1018 3505 orator,
1037 3464 1091 3512 qum
1108 3465 1158 3497 non
1181 3450 1271 3499 tributa

209 3525 304 3591 pharis.
485 3566 489 3573 .
566 3574 570 3581 ,
761 3526 953 3591 provineirlihua
966 3528 1105 3591 imperanda
1124 3543 1175 3576 esse
1188 3543 1270 3575 mone·

247 3612 272 3660 l.
281 3606 311 3651 L.
322 3604 455 3652 Lucullum.
465 3604 533 3655 Lucii
542 3603 634 3653 Luculli
644 3614 719 3668 pater,
762 3615 815 3652 rent
838 3605 964 3653 Metellum
976 3643 984 3667 ,
1002 3607 1045 3654 sed
1067 3623 1120 3654 eum
1146 3607 1271 3653 certiorem

212 3684 255 3747 qui
270 3683 300 3731 tle
315 3684 418 3747 Tigrane
433 3695 459 3731 et
471 3685 615 3733 Mithridate
632 3686 718 3732 trium·
762 3684 883 3742 fecerent,
902 3685 1002 3733 Verrem
1031 3701 1082 3733 nou
1107 3687 1272 3733 immemorem

211 3761 288 3825 plnum
306 3763 370 3825 egit,
387 3763 479 3825 quique
496 3774 594 3826 postea,
616 3763 719 3810 Servilio
762 3764 824 3811 tenti
836 3762 947 3811 beneficii
959 3765 1022 3812 lore.

212 3850 317 3905 praetore
329 3851 456 3889 recusante
469 3841 672 3905 repetundarum,
684 3851 721 3890 eet
801 3859 825 3904 7.
841 3841 1000 3889 Theoractum
1013 3853 1118 3890 vocant.
1135 3844 1234 3890 Mutato
1246 3845 1273 3892 in

214 3918 347 3969 demuntur.
764 3920 937 3969 contumelium
946 3920 1044 3968 nomine
1052 3935 1107 3967 eum
1117 3923 1274 3985 Syracusani,

250 3999 275 4047 5.
285 3999 398 4045 decenter
408 3998 511 4047 teuredus.
522 3997 641 4047 Lartium
650 3999 721 4047 iutel-
762 4012 845 4048 mente
858 3999 977 4060 deiectum
990 4016 1004 4047 r
1017 3998 1064 4047 deo
1074 4013 1171 4048 vocant.
1181 4001 1272 4051 Notum

214 4072 279 4137 ligit,
292 4078 457 4141 quemVerree
468 4075 500 4124 ed
510 4076 636 4125 Metellum
651 4078 722 4127 mise·
764 4095 815 4144 quo
824 4079 1103 4146 pactohunchomiuem
1109 4081 1274 4142 Verrer,rum·

216 4161 303 4217 rrum
312 4154 364 4216 ejus
375 4155 475 4218 mmm
487 4155 535 4205 nihi
547 4155 696 4207 conciliaret.
764 4174 832 4208 mum
844 4160 914 4210 soris
923 4158 1065 4226 pontificem
1079 4160 1204 4213 mermrit.
