3142 4774
336 408 389 476 ΙΝ
413 405 626 473 VERREM
651 402 760 472 Act.
786 404 840 489 11,
866 406 957 473 LIB.
982 407 1059 474 III.
1179 429 1220 473 αι

168 544 288 602 vestro
302 524 468 626 praesidio
485 524 571 596 salvi
586 547 662 595 esse
679 524 916 620 nonpossint.
934 521 1054 612 Quid?
1070 521 1140 594 hoc
1155 526 1226 595 cui-

171 661 281 736 quam
294 634 482 707 ferendum
497 647 604 731 putas
621 657 717 720 esse,
735 656 804 705 uos
821 634 870 702 ita
887 633 1006 704 vivere
1021 635 1059 704 in
1075 636 1227 731 pecunia

170 747 293 834 tenui,
314 759 354 815 ut
373 767 521 842 prorsus
541 741 632 813 nihil
653 743 837 838 acquirere
858 741 1031 830 velimus3
1050 757 1090 814 ut
1111 744 1226 842 digni·

171 872 280 928 tatem
308 869 490 941 nostram,
521 852 721 952 populique
755 855 895 923 romani
924 850 1122 938 beneficia,
1152 846 1228 925 nou

170 966 301 1063 copiis,
325 963 389 1035 sed
407 967 541 1035 virtute
561 978 752 1033 tueamur:
773 965 900 1047 istum,
925 959 1035 1032 rebus
1061 963 1231 1035 omnibus

172 1073 334 1171 undique
364 1074 520 1170 ereptis,
545 1075 694 1170 impune
721 1070 948 1143 eludentem⁷
982 1072 1230 1144 circumfluere

172 1197 280 1279 atque
292 1181 497 1281 abundape?
508 1181 615 1277 hujus
629 1194 778 1278 argento
786 1180 946 1251 dominia
957 1195 1073 1252 vestra
1082 1177 1110 1271 i,
1124 1181 1232 1278 hujus

172 1292 282 1387 signis
307 1305 344 1361 et
369 1290 501 1362 tabulis
525 1288 646 1361 forum
672 1293 932 1386 comitiumque
959 1292 1113 1380 ornari9,
1136 1317 1228 1390 prae·

172 1400 294 1470 sertim
314 1423 431 1495 quum
452 1422 516 1471 vos
540 1413 660 1471 vestro
680 1405 835 1471 Marte¹⁰
856 1399 911 1470 his
931 1400 1042 1471 rebus
1061 1401 1233 1473 omnibus

172 1507 383 1582 abundetis?
404 1513 554 1580 Verrem
577 1532 670 1596 esse,
692 1510 757 1604 qui
779 1522 914 1579 vestras
936 1509 1036 1580 villas
1060 1511 1134 1580 suis
1156 1535 1231 1581 ma·

173 1617 333 1691 nubtisu
358 1621 486 1689 ornet?
507 1622 657 1688 Verrem
678 1642 774 1706 esse,
798 1617 862 1715 qiri
885 1642 968 1688 cum
992 1622 1032 1689 L.
1056 1621 1232 1689 Mummio

171 1742 306 1815 certet3
329 1741 371 1797 ut
391 1727 512 1825 plures
532 1727 591 1799 hic
612 1730 795 1798 sociorum
812 1725 943 1815 urbes,
962 1752 1071 1825 quam
1092 1728 1150 1799 itte
1170 1729 1232 1799 ho·

173 1839 301 1927 stium,
324 1839 493 1936 spoliasse
516 1837 697 1909 videatur?
713 1837 835 1936 plures
860 1838 919 1909 hic
937 1839 1034 1910 solus
1055 1839 1155 1910 villas
1174 1864 1232 1910 or·

173 1950 348 2023 tumentis
377 1945 565 2035 fanorum,
591 1972 699 2044 quam
725 1948 784 2019 ilie
812 1947 895 2020 fana
922 1948 1045 2046 spoliis
1073 1948 1231 2019 hostium

172 2060 340 2130 ornasse?
350 2062 396 2129 Et
406 2062 436 2129 is
448 2060 516 2128 erit
525 2056 574 2128 ob
586 2083 664 2129 eam
676 2083 754 2129 rem
764 2055 868 2130 vobis
884 2058 1012 2145 carior,
1026 2072 1068 2129 ut
1077 2069 1107 2101 ¹²
1122 2059 1232 2128 ceteri

172 2167 343 2239 libentius
358 2191 425 2237 suo
439 2166 602 2264 periculo
617 2168 743 2239 vestris
755 2164 1015 2264 cupiditatibus
1031 2168 1208 2237 serviant?

219 2281 262 2347 V.
283 2281 416 2348 Verum
433 2275 510 2346 haec
524 2291 560 2353 et
576 2275 742 2347 dicentur
755 2275 825 2346 aiio
839 2276 917 2345 loco
928 2286 952 2362 ¹,
965 2289 1001 2346 et
1017 2273 1228 2346 dictasunt:

171 2409 271 2455 nunc
281 2384 551 2483 proficiscemur
563 2384 608 2455 ad
619 2385 777 2482 reliqua,
791 2388 818 2455 si
830 2409 944 2482 pauca
958 2399 1040 2456 aute
1054 2383 1230 2457 fuerimus

171 2493 328 2580 ambis,
348 2492 501 2589 judices,
521 2493 714 2592 deprecati.
738 2497 929 2591 superiore
948 2498 1048 2565 omni
1068 2498 1229 2567 oratione

171 2615 393 2699 perattentos
418 2618 555 2674 vestros
578 2607 717 2677 animos
737 2603 930 2674 habuimus
949 2631 957 2674 ε
977 2604 1013 2675 id
1032 2602 1103 2676 fuit
1124 2605 1230 2677 uobis

171 2780 265 2827 veritati
281 2779 342 2844 eripi
354 2795 405 2828 nou
417 2789 524 2845 portent.
535 2805 570 2817 -
581 2780 675 2840 humi.
719 2781 765 2828 sori
778 2796 834 2845 pm
847 2792 913 2838 erat,
930 2780 1027 2839 auleis,
1040 2781 1115 2844 riguis
1128 2782 1228 2848 aliisque

171 2861 258 2920 wnjic.
272 2858 391 2909 uicerim.
718 2859 791 2907 rebus
804 2859 916 2924 pretiosis
924 2860 1116 2911 oxomumvtd.
1129 2864 1229 2912 Sueten.

209 2954 235 2998 7.
252 2938 404 2990 tudanum.
416 2938 495 2989 Nobis
503 2938 675 3000 inminutam,
719 2939 746 2986 in
759 2938 809 2986 Jul.
825 2952 863 2986 ro.

172 3025 197 3064 et
211 3015 244 3062 iu
254 3016 348 3077 judicer
360 3018 495 3078 salientem,
508 3029 536 3067 ut
548 3018 621 3066 timul
634 3034 677 3067 eon
759 3032 800 3066 ιο.
816 3020 899 3064 Vestro
912 3017 1002 3066 Marte.
1016 3017 1229 3078 terminium

171 3094 279 3144 ludibrio
298 3096 392 3144 habent,
409 3098 472 3147 Vide
489 3110 560 3146 nutas
583 3098 675 3147 Duker.
720 3096 826 3161 propriis
840 3094 931 3142 viribus
944 3105 968 3143 et
988 3096 1092 3160 rapinh,
1108 3096 1159 3145 siue
1176 3097 1227 3146 ullo

171 3185 197 3223 et
215 3172 402 3224 Dukenborch.
422 3176 454 3223 ad
470 3178 500 3225 T.
515 3177 570 3225 Ην.
583 3176 626 3226 lib.
639 3178 679 3237 ΙΙ,
722 3174 824 3223 aliorum
837 3174 993 3224 adminiculo.

171 3270 225 3318 etp.
245 3253 289 3309 45.
760 3270 802 3303 ιι.
813 3253 867 3302 Suis
879 3253 1004 3301 manubiis.
1017 3253 1107 3319 Spolii·
1119 3257 1188 3318 qumi
1199 3271 1229 3305 ex

207 3335 231 3382 8.
240 3333 280 3381 Sic
291 3332 395 3398 ptuss
407 3343 432 3381 et
444 3332 555 3392 Nouius,
564 3336 609 3392 tv,
621 3335 677 3383 125.
722 3333 791 3381 horte
803 3333 893 3397 captis,
907 3348 983 3396 quum
994 3334 1082 3393 Van-eq
1095 3335 1176 3382 nouo·
1186 3351 1230 3400 po-

170 3412 211 3461 AL
226 3413 310 3460 domus
328 3423 437 3470 vestrm,
452 3429 524 3477 quum
549 3411 678 3461 lectionem
720 3412 772 3476 puli
786 3412 963 3461 romhortium
977 3411 1034 3459 ioco
1051 3410 1172 3463 htbuerit.

171 3501 256 3539 evett.
268 3489 325 3538 edd.
339 3492 463 3539 revocavit
481 3493 598 3539 Graeviur.
618 3494 677 3540 Fru-
758 3508 798 3540 rr.
816 3493 848 3538 Ut
864 3489 944 3538 ceteri.
957 3491 992 3537 Ut
1010 3501 1105 3539 eeteros
1124 3494 1226 3557 proriu-

171 3568 352 3617 nauminia
363 3580 419 3616 runt
430 3584 502 3633 regna
513 3570 676 3634 poculorum,
719 3569 792 3617 rides
811 3569 961 3633 mgirtntut
978 3567 1028 3616 hoc
1047 3580 1128 3618 vestro
1145 3586 1227 3619 amoro

170 3646 464 3711 numagtsrewtontm
472 3649 676 3698 Marceliuretiim
720 3648 750 3695 nd
768 3647 922 3713 spoliandum
939 3648 1064 3708 invitetis,
1086 3650 1152 3698 nude
1169 3665 1227 3713 po·-

171 3743 197 3774 v.
210 3726 320 3773 domiuus
329 3742 339 3772 .·
348 3746 359 3768 ι
368 3726 421 3784 Sir,
438 3726 532 3790 iuquit,
543 3728 677 3792 appellatur
719 3727 769 3774 rint
789 3737 877 3774 vestm
891 3726 1037 3791 cupiditate·
1051 3727 1165 3790 expiere3
1182 3745 1226 3779 suo

171 3804 280 3853 convivii
298 3804 431 3865 exhibitor,
450 3806 515 3855 unde
533 3817 557 3854 et
567 3808 676 3855 dominia
720 3816 800 3852 tamen
816 3805 943 3869 periculo,
966 3821 1022 3852 mm
1044 3805 1090 3852 eui
1110 3805 1226 3870 praeddio

170 3883 283 3931 convivit
292 3905 313 3931 ιι.
326 3884 396 3931 Tunc
408 3884 471 3931 enim
481 3884 583 3933 mxime
595 3896 676 3934 orten-
719 3895 800 3932 vestro
818 3883 965 3942 innituntur,
983 3882 1036 3930 fieri
1049 3893 1128 3931 tumen
1144 3897 1224 3951 potest

172 3960 274 4010 debatur
284 3973 396 4025 argente·
405 3962 528 4026 supellex.⁴
720 3974 748 4011 ut
764 3979 848 4027 poenm
856 3961 950 4023 judicio
964 3961 1111 4026 persolvunt.

176 4092 180 4101 ,
207 4039 436 4104 9.0man'.Ludor
448 4041 537 4090 edituri
554 4043 676 4106 magistru-
752 4045 784 4091 V.
803 4041 1014 4090 r.AlioIoeo.1n
1032 4044 1226 4107 requendbmii-
1328 4076 1334 4091 t

175 4130 212 4167 tus
224 4119 333 4168 solebant
346 4119 425 4167 iorum
439 4131 463 4168 et
473 4121 611 4181 comitium,
621 4137 676 4185 qua
718 4121 782 4180 bris,
794 4120 920 4186 inquibus
932 4137 995 4189 sepe
1006 4121 1159 4172 innobilium
1169 4139 1227 4174 m·
