3186 4772
377 414 428 483 IN
453 350 669 483 i'ERREM
694 413 802 481 ACT.
825 415 883 499 ΙΙ,
908 416 1004 485 LIB.
1027 420 1068 487 V.
1182 417 1249 514 337

194 557 333 605 summa
354 531 539 603 hominnm
563 530 765 631 frequentia
787 533 1056 626 testificaretur,
1074 554 1117 610 ut
1135 545 1253 637 quivis

192 642 389 739 intelligere
403 657 538 740 posset,
555 667 637 714 curn
649 697 659 731 ,
673 642 775 740 quod
792 646 981 740 pecuniam
992 668 1068 715 nou
1078 647 1250 731 dedisset,

195 752 329 822 idcirco
346 751 405 821 illa
420 766 491 822 tam
502 749 630 823 acerba
642 753 773 846 injuria
782 750 891 841 affici;
906 778 1020 848 quum
1030 758 1182 828 maxime
1192 811 1201 844 ,
1211 775 1253 828 ut

195 860 276 932 dico
286 915 296 948 ,
308 860 377 932 hoc
387 861 432 931 de
442 863 594 958 pecunia
606 860 791 950 clamaret,
801 863 839 931 in
853 862 972 932 vincla
983 866 1168 960 conjectus
1186 881 1250 937 est.

242 974 336 1042 VllI.
358 970 486 1042 Videte
503 975 759 1043 constantiam¹
778 975 956 1069 praetoris,
975 988 1011 1043 et
1028 973 1105 1067 ejus
1126 991 1253 1073 praeto·

194 1080 259 1164 ris,
279 1081 342 1176 qui
370 1105 467 1150 nune
486 1105 570 1152 reus
589 1106 663 1152 non
687 1083 736 1153 ita
756 1080 985 1170 defendatur,
1004 1098 1045 1154 ut
1065 1085 1254 1157 mediocris

109 1274 116 1284 ·
196 1204 344 1284 praetor,
358 1188 420 1260 sed
429 1193 478 1260 ita
494 1189 675 1276 laudetur,
689 1205 727 1261 ut
740 1192 899 1289 optimus
912 1193 1117 1289 imperator.
1133 1197 1255 1283 Quum

194 1322 379 1369 servorum
396 1298 534 1370 bellum
548 1314 790 1388 metueretur,
810 1325 885 1396 quo
897 1300 1074 1397 supplicio
1088 1300 1256 1374 dominos

194 1407 420 1479 indemnatos
438 1407 632 1495 afficiebat,
651 1409 720 1479 hoc
733 1434 855 1480 servos
866 1410 1054 1481 damnatos
1069 1408 1253 1484 liberabat.

196 1518 448 1613 Apollonium,
463 1517 785 1613 locupletissimum
797 1518 1001 1606 hominem,
1020 1523 1100 1616 qui,
1121 1524 1151 1591 si
1169 1521 1259 1620 fugi·

197 1626 261 1695 tivi
277 1625 414 1696 bellum
433 1627 469 1695 in
493 1626 611 1696 Sicilia
636 1623 810 1713 facerent,
835 1628 1068 1723 amplissimas
1093 1627 1256 1702 fortunas

197 1737 392 1823 amitteret,
419 1734 506 1805 belli
528 1733 761 1832 fugitivorum
779 1737 962 1820 uomine²,
981 1736 1115 1808 indicta
1132 1764 1256 1827 causa,

197 1847 235 1913 in
260 1844 374 1915 vincla
396 1845 550 1939 conjecit
570 1872 578 1915 :
598 1869 737 1929 servos,
773 1869 865 1943 quos
886 1849 963 1943 ipse
984 1871 1067 1916 cum
1088 1850 1256 1936 consili0,

196 1952 282 2024 belli
307 1951 460 2023 faciendi
485 1977 611 2042 causa,
640 1958 861 2026 consensisse
883 1954 1077 2049 judicavit,
1098 1983 1159 2028 eos
1183 1962 1259 2030 sine

197 2061 335 2131 consilii
348 2066 543 2151 sententia,
557 2077 757 2159 suasponte
768 2117 778 2150 ,
789 2067 1073 2160 omnisupplicio
1084 2064 1257 2137 liberavit.

245 2170 367 2262 Quid?
390 2176 420 2242 si
447 2168 515 2242 ah³
543 2172 738 2269 Apollonio
766 2171 904 2266 aliquid
934 2175 1166 2243 commissum
1186 2192 1260 2264 est,

197 2279 432 2376 quamobrem
450 2280 532 2375 jure
550 2285 589 2351 in
608 2305 691 2351 eum
714 2280 1071 2371 animadverteretur,
1092 2298 1259 2356 tamenne

196 2386 290 2459 hanc
307 2413 384 2459 rem
403 2389 454 2459 sic
472 2413 635 2486 agemuS,
653 2404 696 2459 ut
716 2390 858 2463 crimini
876 2380 939 2460 aut
956 2391 1097 2463 iuvidiae
1115 2419 1178 2464 reo
1196 2421 1261 2493 pu·

197 2513 400 2575 temusesse
413 2511 600 2594 oportere,
623 2498 651 2568 si
672 2521 747 2594 quo
767 2496 812 2568 de
832 2497 979 2567 homine
995 2502 1152 2571 severius
1161 2501 1259 2595 judi-

199 2609 311 2679 cavit?
324 2612 407 2679 Non
425 2632 526 2704 agam
551 2622 622 2678 tam
646 2604 817 2694 acerbe43
843 2632 920 2678 non
934 2622 1015 2679 utar
1031 2609 1097 2680 ista
1115 2634 1258 2682 accusa·

199 2719 289 2787 toria
303 2716 581 2804 consuetudine,
610 2720 639 2788 si
658 2716 746 2813 quid
765 2715 969 2788 estfactum
987 2717 1198 2807 clementer,
1219 2736 1259 2792 ut

199 2825 370 2919 dissolute
386 2823 519 2896 factum
540 2828 724 2912 criminer3
744 2824 878 2924 siquid
899 2825 1118 2895 vindicatum
1138 2852 1259 2899 severe

200 2949 274 3024 est,
290 2947 330 3003 ut
344 2958 387 3004 ex
401 2959 444 3004 eo
456 2935 674 3006 crudelitatis
686 2934 854 3029 invidiam
867 2933 1042 3029 colligam.
1066 2936 1094 3003 N
1097 2959 1145 3004 on
1158 2960 1258 3031 agam

80 3145 85 3153 ,
128 3144 132 3153 ,
235 3098 304 3147 vm.
320 3094 707 3161 r.Videceeorrrrantiam'.1dest,
751 3110 790 3146 tur
811 3098 926 3159 objectio.
939 3100 1000 3145 Tota
1023 3099 1094 3160 hujus
1111 3070 1160 3147 loci
1185 3118 1257 3164 argu·

200 3190 227 3227 nt
240 3178 287 3226 sibi
301 3189 397 3227 constet
414 3187 516 3240 praetor.
534 3179 615 3224 laonia
628 3192 635 3225 ι
651 3193 707 3224 nam
750 3176 866 3224 mentatio
876 3176 908 3223 ad
915 3175 963 3223 hoc
972 3177 1083 3224 dilemma
1094 3190 1175 3241 potest
1187 3180 1259 3227 redu-

118 3296 123 3305 .
200 3275 255 3321 quae
268 3274 324 3305 moa
338 3256 707 3313 commemoravit‚snmmamin
751 3256 785 3302 ci:
799 3257 850 3304 Aut
865 3272 955 3303 nocens
969 3257 1015 3304 fnit
1029 3256 1195 3319 Apollonius,
1216 3269 1258 3306 aut

199 3337 265 3385 illins
286 3338 347 3385 actis
366 3333 548 3398 repugnantiam
563 3334 706 3381 ostendunt.
750 3335 881 3392 innocens;
893 3335 912 3381 si
926 3336 973 3383 fnit
985 3336 1146 3395 innocena‚in
1161 3338 1257 3385 vincula

200 3416 270 3463 More
283 3431 328 3463 sno
342 3415 441 3475 subjicit
453 3423 536 3461 orator
554 3414 589 3461 rei
605 3422 707 3460 narrata
751 3414 840 3473 conjici
859 3429 909 3460 non
925 3414 1028 3472 debuit;
1047 3416 1069 3463 si
1089 3432 1180 3463 nocens
1198 3417 1257 3470 fuir,

200 3493 420 3560 amplificationem.
751 3492 872 3555 supplicio
893 3492 960 3540 allici
979 3493 1072 3542 debuit.
1092 3496 1156 3558 Ergo
1172 3497 1260 3541 Verres
1291 3539 1295 3546 ,

237 3591 261 3622 a.
277 3574 339 3621 Belli
341 3572 501 3639 fugitivorrms
513 3571 619 3619 nonrine.
632 3570 708 3633 Quasi
751 3585 852 3632 quoquo
874 3573 971 3618 verterit
993 3588 1030 3629 se,
1050 3572 1259 3634 reprehensionem

202 3652 313 3701 conscius
325 3646 450 3700 servornm
462 3650 708 3715 conspirationisipse
752 3647 932 3710 nonfugiet.-
943 3648 1082 3696 Clementer.
1097 3649 1171 3695 Utin
1185 3650 1261 3695 serris

202 3732 294 3780 fnisset
753 3725 876 3784 Leonidae,
896 3742 960 3791 quos
978 3727 1104 3775 absolutos
1117 3725 1218 3773 dimisit.
1230 3753 1261 3766 »-

237 3812 262 3860 3.
272 3808 383 3873 Quidni
390 3808 551 3870 ab.0bjectio
562 3808 634 3856 tacita
644 3810 710 3856 Hor·
753 3808 843 3853 Severe.
851 3806 885 3852 Ut
898 3807 925 3851 in
933 3804 1076 3870 Apollonio.
1088 3828 1123 3838 —
1136 3804 1225 3867 Quoad
1235 3816 1262 3852 tu

203 3889 272 3936 tensii
280 3922 288 3946 ,
297 3889 364 3952 qnasi
373 3888 473 3943 Cicero,
482 3898 647 3935 scrumosum
657 3904 710 3934 mo-
754 3884 832 3933 votes.
840 3887 860 3932 1.
870 3900 891 3930 e.
902 3882 984 3945 quoad
996 3898 1049 3931 eam
1062 3882 1148 3946 tuipse
1156 3884 1262 3931 tuebere.
1319 3922 1322 3929 .

204 3984 245 4025 re,
266 3983 296 4016 ex
315 3983 345 4017 eo
363 3966 431 4031 quod
448 3968 554 4015 severim
574 3966 710 4026 judicatum
755 3962 946 4011 -Iiescirrdere
959 3963 1030 4010 Utin
1045 3960 1181 4025 Apollonio
1192 3964 1263 4010 resci-

202 4057 276 4105 essst‚
288 4046 405 4094 invidiam
419 4047 445 4093 in
457 4064 524 4095 reum
536 4047 679 4107 concitaret.
757 4043 827 4103 disti,
839 4058 911 4107 quern
919 4052 976 4106 post
987 4058 1076 4090 annum
1086 4052 1110 4088 et
1118 4057 1161 4089 sex
1172 4060 1265 4091 menses

241 4136 265 4181 4.
280 4126 335 4171 Nou
349 4141 423 4189 agam
437 4137 487 4173 tum
500 4127 596 4175 acerbe.
609 4124 706 4173 Refelli·
758 4140 853 4171 carcere
867 4121 971 4170 liberasti
979 4138 987 4185 ;
997 4133 1021 4171 et
1037 4131 1135 4185 accepta
1149 4126 1263 4184 pecunia,

304 4209 347 4273 ll.
373 4222 414 4267 cte.
426 4222 597 4282 persananda.
641 4258 645 4273 ,
1104 4227 1147 4269 22
