3016 4774
483 375 766 444 EXCURSUS
793 375 821 440 Ι.
885 422 889 430 2
1117 367 1187 443 553

122 496 201 562 dum
223 510 307 560 esset
330 517 339 559 ε
363 515 403 558 eo
423 494 511 559 enim
535 494 697 559 consertio
722 492 836 576 fiebat,
862 494 957 558 utin
984 515 1019 558 re
1039 493 1189 582 praescnti

120 599 276 671 vindicari
296 616 417 688 posset.
442 600 624 688 Superioris
647 601 832 688 exemplum
855 615 904 664 est
926 599 961 662 in
984 599 1119 687 epistola
1147 596 1188 662 ad

121 706 329 788 Trebatium,
346 705 403 769 lib.
418 706 521 769 VIII:
540 708 708 771 «Tantum
729 723 860 787 metuo,
880 704 1006 793 inquit,
1029 727 1071 768 ue
1088 702 1189 768 artifi-

50 890 53 891 ⁷
121 813 209 876 cium
225 829 318 876 tuum
339 811 399 874 tihi
418 834 532 900 parurn
551 812 676 900 prosit:
697 834 773 876 nam
789 826 827 875 ut
845 809 961 892 audio,
977 809 1049 873 istic
1067 831 1135 872 non
1150 832 1190 873 ex

117 917 192 998 jure
208 939 307 981 manu
325 931 526 998 consertum,
543 915 601 980 sed
616 939 709 1007 urago
728 917 899 980 feruorem
915 930 1078 1004 repetunt.
1095 915 1137 978 Et
1152 929 1190 977 tu

120 1022 204 1086 soles
225 1020 267 1088 ud
281 1022 346 1086 vim
364 1021 544 1086 faciendam
565 1021 734 1087 adhiberi?
745 1054 758 1080 ι
780 1037 814 1086 et
830 1044 904 1109 quur
920 1036 1112 1108 sequuntur.
1131 1019 1190 1083 Est

120 1138 229 1186 autem
249 1144 372 1186 «manu
390 1137 600 1187 consertum»
617 1121 794 1187 confictum
817 1120 1032 1197 vocabulum,
1049 1119 1190 1200 conjun-

121 1242 276 1315 ctumque
299 1250 340 1291 ex
358 1249 472 1290 manus
491 1243 719 1310 enumerare,
742 1249 808 1315 qua
827 1225 868 1290 de
887 1250 923 1291 re
945 1225 980 1289 iu
1003 1226 1190 1290 Comment.

120 1331 209 1395 verb.
223 1333 288 1412 jur.
302 1331 433 1419 copiose
447 1329 598 1396 diximus.
614 1333 717 1396 Horr.

164 1437 203 1501 Si
210 1435 314 1523 facta
333 1440 387 1499 vis
405 1448 482 1500 esset
498 1436 643 1501 nwn‘bus.
665 1437 719 1501 Sio
741 1459 811 1502 esse
832 1435 1029 1526 legendum,
1052 1435 1191 1499 vincunt

121 1541 249 1606 codices
257 1539 324 1606 duo
332 1541 455 1626 MSS,u
467 1542 586 1629 quibus
596 1541 687 1605 abest
697 1543 825 1632 negotio
837 1565 845 1607 ε
858 1543 959 1606 vincit
967 1557 1000 1605 et
1006 1541 1087 1604 ratio
1094 1589 1105 1621 ,
1118 1563 1190 1628 quae

121 1648 194 1735 plus
210 1662 333 1734 potest3
348 1669 423 1711 num
441 1647 488 1711 vis
504 1663 572 1712 erat
584 1645 710 1735 aliqua,
723 1670 795 1735 quoe
813 1646 910 1712 fiebat
926 1646 1090 1728 moribus,
1102 1663 1141 1710 ut
1154 1647 1188 1709 hi

121 1752 185 1817 loci
202 1751 398 1834 ostendunt,
413 1753 470 1840 qui
482 1770 559 1817 suut
571 1754 654 1817 infra
672 1776 680 1817 :
697 1753 847 1818 «Placuit
862 1753 998 1818 Caecinae
1014 1752 1055 1817 de
1069 1753 1190 1817 arnico-

122 1880 197 1923 rutu
212 1859 372 1923 sententis
387 1856 473 1923 diem
490 1859 702 1942 constituere,
715 1882 782 1946 quo
798 1859 851 1923 die
865 1859 899 1922 iu
914 1852 983 1923 rem
998 1873 1188 1946 praeseutem

120 1961 294 2043 veniretur,
306 1978 341 2029 et
356 1961 397 2027 de
414 1960 519 2028 fundo
532 1963 656 2029 Cercina
673 1964 819 2028 moribus
833 1960 1079 2027 deduceretur».
1094 1963 1136 2025 Et
1144 1962 1192 2024 iu·

121 2067 178 2131 Ier.
199 2066 272 2132 «Ad
290 2090 365 2131 eum
387 2067 528 2132 fundum
545 2070 712 2156 profectus
729 2085 798 2150 est,
822 2091 862 2132 ex
878 2091 945 2154 quo
967 2090 1005 2131 ex
1024 2082 1188 2131 conventu

119 2173 186 2236 vim
202 2172 272 2239 fieri
292 2173 463 2262 oportebat
474 2204 496 2241 ν.
515 2174 557 2238 Εῑ
577 2174 662 2237 infru
681 2196 690 2237 ε
709 2175 775 2238 «At
791 2195 869 2236 vero
886 2173 951 2235 hoc
971 2170 1106 2259 quidem
1121 2172 1187 2250 jam

121 2295 212 2344 vetus
226 2296 289 2363 est,
312 2296 345 2345 et
366 2281 526 2361 majorum
542 2282 690 2370 exemplo
712 2278 823 2343 multis
843 2279 876 2341 in
896 2278 994 2343 rebus
1015 2278 1189 2359 usitatum,

121 2408 222 2473 quum
231 2385 272 2450 ad
280 2388 345 2450 vim
356 2386 536 2452 faciendam
545 2387 720 2467 veniretur,
730 2403 789 2450 eto.
799 2416 812 2442 ι
825 2386 867 2449 Et
878 2385 971 2449 infer.
984 2385 1078 2474 «Ipse
1090 2406 1189 2472 porro

122 2493 263 2576 Cucios,
278 2515 338 2556 cur
353 2513 387 2555 se
399 2493 547 2556 moribus
562 2491 680 2557 deduci
695 2491 844 2556 volebat?
857 2521 870 2547 ι
882 2491 1024 2555 Ltustrt.
1142 2570 1147 2583 ,

162 2597 302 2682 St'facta
318 2599 370 2661 uis
384 2610 470 2662 esset.
487 2598 544 2661 Vis
561 2597 662 2663 civilis
681 2615 714 2663 et
731 2596 933 2686 quotidiana,
947 2619 1012 2685 qua
1024 2597 1122 2685 vulgo
1136 2617 1189 2660 ex·

121 2698 309 2784 periuutur,
332 2698 389 2786 qui
412 2697 453 2763 de
475 2699 544 2788 agri
567 2700 771 2787 possessione
795 2698 983 2786 disceptant.
1008 2699 1101 2761 Ratio
1119 2697 1188 2761 hseo

121 2796 246 2861 AEbutii
259 2795 300 2861 ad
313 2796 381 2861 duo
395 2798 518 2864 diversa
528 2799 707 2882 reducitur,
719 2799 760 2864 ad
774 2822 904 2889 agrum,
922 2796 1005 2862 etad
1018 2794 1186 2876 judiciam.

120 2903 159 2965 In
177 2924 255 2990 agro
269 2918 326 2967 eut
342 2903 390 2967 vis
406 2906 552 2969 moribus
569 2905 625 2987 fit,
639 2923 697 2970 aut
714 2903 867 2969 adversus
885 2925 1022 2966 morem.
1037 2903 1186 2988 Utroque

120 2999 219 3075 modu
235 3004 384 3091 superior
400 3006 525 3070 Caecinu
540 3029 609 3075 esse
625 3006 733 3072 debet.
749 3006 809 3070 Illo
831 3003 1005 3093 quoderat
1021 3025 1187 3091 possessor

119 3129 215 3172 verus
230 3108 336 3191 fundi,
347 3111 412 3175 hoo
426 3111 516 3198 quod
529 3113 576 3176 sis
585 3113 683 3176 armis
691 3115 785 3193 Iacto,
793 3134 860 3176 nou
874 3110 1007 3175 civiliter
1016 3110 1187 3174 commissu

120 3228 169 3276 est
184 3213 218 3277 iu
234 3213 454 3279 interdictum.
472 3216 512 3278 In
526 3215 649 3305 judicio
666 3232 774 3281 autem
797 3232 853 3280 aut
874 3237 966 3279 more
983 3229 1016 3278 et
1036 3215 1186 3279 instituto

121 3320 340 3408 oausuugitur²
351 3337 408 3399 aut
419 3319 609 3385 receditura
620 3321 866 3409 consuetudine.
881 3322 914 3386 si
928 3342 1034 3402 more,
1050 3320 1186 3385 inferior

28 3453 35 3462 ·
121 3446 187 3487 non
205 3425 265 3488 erit
277 3425 417 3507 Caecina5
432 3425 459 3489 si
471 3441 585 3513 proter
597 3448 713 3509 mores,
727 3427 838 3516 inique
847 3442 960 3515 agetur
973 3441 1006 3489 et
1015 3425 1188 3514 impuden-

121 3530 223 3594 torah
232 3529 378 3597 AEbutio.
394 3531 534 3597 Moribus
542 3548 650 3597 autem
662 3543 785 3614 ἂηώιῦς
797 3556 858 3622 pro
869 3555 961 3597 more
972 3548 1006 3598 et
1017 3533 1185 3611 instituto,

122 3653 159 3700 ut
176 3660 253 3701 mox
270 3638 426 3724 quuitur.
446 3670 459 3694 ι
470 3640 527 3703 Jus
543 3661 582 3703 ex
597 3640 856 3705 cousuetudine»
873 3638 993 3704 dicitur
1011 3640 1044 3702 11
1062 3637 1104 3702 ad
1119 3636 1186 3700 He·

120 3762 211 3809 reno.
224 3744 395 3809 Pisum.

396 3960 402 3968 .
509 3934 791 3964 μψ-
