3200 4768
409 410 462 478 IN
488 406 706 477 VERREM
728 410 836 478 ACT.
863 412 919 492 II,
945 412 1036 480 LIB.
1062 414 1126 479 lV.
1223 412 1286 483 231

236 527 386 599 bulum²
413 528 549 603 emistiil
576 531 640 625 qni
664 555 728 625 pro
754 531 959 601 testimonio
980 528 1090 617 dixit,
1109 546 1163 617 te,
1180 556 1293 629 quum

235 639 499 736 inspiciendum
521 641 762 737 poposcisses,
790 642 912 711 avulso
932 638 1168 712 emblemate³
1190 628 1296 713 remi·

236 751 348 820 sisse:
370 764 410 818 ut
432 747 656 847 intelligatis,
677 752 717 819 iu
735 749 882 821 homine
906 748 1174 844 intelligentiam
1199 775 1297 836 esse,

237 882 312 929 non
333 861 535 943 avaritiam,
554 858 691 931 artificii
713 858 999 955 cupidum,non
1020 861 1158 954 argenti
1173 858 1293 933 fuisse.

236 971 312 1038 Nec
325 968 440 1039 solum
456 970 492 1037 in
512 969 653 1065 Papirio
671 964 741 1037 fuit
754 966 822 1039 bac
840 968 1057 1039 abstinentia
1072 996 1080 1037 ε
1098 970 1216 1039 tenuit
1230 968 1299 1040 hnc
1382 968 1385 975 ⁴

236 1077 442 1147 institutum
461 1079 499 1147 iu
516 1076 710 1147 thuribulis
727 1076 917 1165 omuibus,
936 1100 1174 1173 quaecumque
1194 1079 1232 1147 in
1248 1080 1299 1148 Si·

236 1186 315 1257 cilia
330 1184 489 1257 fuerunt.
509 1184 724 1257 Incredibile
746 1200 800 1258 est
817 1203 957 1274 autem,
982 1208 1091 1282 quam
1112 1186 1243 1273 multa,
1263 1201 1300 1258 et

235 1321 344 1392 quam
363 1295 531 1394 praeclara
550 1296 695 1369 fuerint.
716 1297 833 1368 Credo
852 1311 949 1379 tum,
970 1320 1085 1392 quum
1105 1296 1218 1367 Sicilia
1236 1296 1300 1367 flo-

236 1405 341 1476 rebat
362 1406 495 1504 opibus
518 1421 555 1478 et
574 1408 707 1503 copiis,
729 1429 857 1501 magna
879 1405 1052 1479 artificial
1073 1405 1182 1478 fuisse
1200 1407 1237 1475 iu
1258 1430 1300 1477 ea

238 1515 375 1585 insula:
396 1540 480 1585 uam
506 1514 638 1587 domus
657 1529 733 1587 erat
757 1532 840 1585 ante
861 1517 968 1585 istum
990 1530 1180 1612 praetorem
1201 1515 1301 1587 nulla

239 1623 364 1719 paullo
391 1625 624 1722 locupletior,
652 1646 725 1720 qua
755 1627 792 1692 iu
820 1621 929 1694 domo
955 1622 1030 1693 haec
1061 1647 1136 1692 nnn
1162 1637 1300 1711 essent,

239 1735 378 1807 edamsi
398 1748 570 1831 praeterea
591 1733 682 1807 nibil
699 1747 792 1805 esset
809 1737 969 1830 argenti:
985 1732 1115 1830 patella
1127 1728 1141 1774 ⁵
1155 1734 1301 1831 grandis

240 1865 324 1915 cnm
349 1844 493 1939 sigillis,
518 1869 560 1916 ac
580 1842 777 1925 simulacris
793 1841 964 1931 deornm3
980 1859 1120 1941 patera,
1137 1868 1210 1939 qua
1224 1868 1302 1915 mu·

240 1952 343 2023 lieres
359 1953 404 2023 ad
421 1979 479 2029 res
497 1954 634 2025 divinas
650 1967 861 2041 uterentur;
878 1952 1129 2025 thuribulum:
1150 1953 1226 2025 baec
1240 1979 1302 2025 au-

239 2077 311 2133 tem
331 2067 452 2137 omnia
472 2070 624 2162 antIquo
645 2088 777 2161 opere,
798 2078 835 2134 ct
855 2088 997 2135 summo
1019 2062 1170 2134 artificio
1189 2062 1300 2134 facta:

240 2188 281 2242 ut
300 2173 371 2245 boc
389 2173 512 2247 liceret
532 2177 722 2272 suspicari,
744 2171 854 2244 fuisse
874 2171 1070 2268 aliquando
1090 2171 1188 2269 apud
1206 2173 1303 2244 Sicu·

239 2281 294 2355 los
312 2281 504 2381 peraequa⁶
521 2285 757 2382 proportione
783 2296 920 2369 cetera3
947 2281 1011 2353 sed
1033 2281 1168 2380 quibus
1189 2282 1302 2355 multa

239 2388 384 2466 fortuna
406 2394 613 2481 ademisset,
641 2408 762 2467 tamen
790 2392 888 2490 apud
914 2416 977 2463 eos
1005 2393 1218 2464 remansisse
1240 2417 1301 2478 ea,

240 2529 321 2601 quae
341 2506 467 2603 religio
488 2507 702 2576 retinuisset.
789 2512 797 2531 ’·
855 2591 860 2608 ι

287 2618 389 2703 Dixi,
410 2616 573 2711 judices,
593 2613 708 2687 multa
727 2613 836 2687 lirisse
858 2611 933 2684 fere
949 2611 1046 2711 apud
1069 2613 1207 2683 Siculos
1223 2638 1303 2684 om-

242 2748 325 2794 nes:
345 2748 411 2821 ego
427 2725 523 2796 idem
538 2723 734 2811 confirmo,
749 2748 848 2795 nnnc
862 2747 909 2794 ne
924 2747 1037 2793 unum
1051 2722 1199 2818 quidem
1214 2747 1303 2813 esse,

243 2831 341 2920 Quid
367 2834 438 2905 hoc
460 2836 536 2907 est?
557 2834 659 2933 quod
681 2849 902 2918 monstrum,
922 2831 1023 2929 quod
1045 2832 1251 2929 prodigium
1269 2836 1305 2907 iu

243 2941 464 3036 provinciam
484 2946 665 3017 misimus?
687 2948 817 3016 Nonne
838 2942 940 3015 vobis
963 2941 1001 3013 id
1022 2946 1135 3039 egisse
1152 2942 1308 3039 videtur,

243 3065 285 3120 ut
309 3074 385 3120 non
411 3054 518 3125 unius
541 3054 745 3141 libidinem,
767 3078 844 3126 non
865 3076 948 3125 snos
971 3053 1113 3139 oculos,
1136 3051 1198 3124 sed
1223 3078 1304 3125 om-

280 3267 307 3298 a.
318 3248 538 3300 retributurum·
548 3253 614 3301 tbnri
622 3255 751 3303 cremando
832 3258 856 3303 5.
872 3254 968 3302 Patella
978 3253 1090 3319 grandis.
1108 3257 1138 3301 Itt
1154 3256 1244 3319 patella
1262 3256 1308 3304 diis

242 3328 466 3391 accommodatum
481 3348 529 3395 qna
544 3333 620 3379 forma
633 3332 752 3381 fueritin·
794 3332 980 3398 apponebantur
989 3332 1079 3396 epula,
1090 3349 1165 3396 qnmn
1176 3351 1215 3381 rea
1224 3335 1306 3384 divina
1404 3382 1409 3391 ,

243 3421 337 3457 certum
349 3410 440 3458 adbuc.
658 3458 661 3469 ,
794 3413 923 3478 penatibus
936 3411 1075 3476 laribusque
1084 3410 1169 3475 fiebat,
1178 3425 1220 3461 ant
1230 3431 1308 3478 qnam

280 3490 304 3537 3.
324 3489 414 3537 Avulsa
433 3490 581 3538 emblanrate.
601 3491 685 3538 Graes
703 3506 752 3538 vox
796 3492 826 3538 de
839 3507 907 3539 caena
920 3490 950 3539 iis
963 3491 1091 3540 libabatur.
1101 3518 1136 3527 ι-
1145 3494 1244 3540 Parem.
1258 3495 1307 3543 Vas

160 3566 166 3573 “
243 3568 285 3617 illa
305 3562 418 3635 ἱμὸληιια
431 3568 457 3619 in
476 3569 576 3617 latinam
589 3569 697 3633 linguam
711 3567 752 3619 da·
797 3581 847 3619 erat
866 3586 917 3633 qno
934 3570 1017 3618 vinum
1029 3572 1055 3617 in
1074 3568 1175 3617 deorum
1187 3571 1307 3620 bonoram

243 3646 322 3697 fluxit.
342 3645 466 3711 Significat
482 3648 617 3697 ornamenti
629 3647 753 3712 quoddam
797 3647 978 3708 effundebatur.

232 3742 333 3790 genna,
343 3726 404 3773 vasis
412 3727 753 3791 itaappoaitum,ntdetrabi,
833 3724 1099 3776 6.Ernest.annebum
1108 3736 1231 3788 mantua,
1238 3728 1307 3779 aar.

243 3817 269 3855 et
279 3806 307 3853 in
315 3805 396 3857 aedem
405 3822 473 3854 anam
482 3822 564 3854 rursus
574 3806 688 3865 collocari
699 3821 753 3871 pos·
796 3806 867 3863 vlu,
874 3819 913 3862 ro,
920 3803 1005 3861 edidit,
1011 3818 1128 3865 perteque
1132 3818 1179 3863 pro
1183 3806 1309 3866 portiom,

209 3940 211 3951 Ι
244 3895 288 3932 ωε,
302 3886 396 3935 Erum,
406 3901 438 3933 ex
449 3884 505 3934 add.
518 3895 576 3933 vett.
590 3884 677 3943 palm
695 3883 753 3948 alii,
798 3880 871 3945 Quod
881 3897 971 3928 nornen
977 3879 1105 3944 proportio
1118 3880 1144 3927 in
1154 3882 1308 3950 philosophi.

245 3964 333 4013 evulso.
799 3957 1309 4027 ciatantumetadextremumnsnrpawls

282 4051 306 4099 4.
319 4045 414 4113 Magna
424 4041 540 4109 artificia.
554 4045 609 4091 Hoc
619 4053 668 4100 est,
682 4057 754 4107 opera
798 4041 893 4092 Cicero.
901 4066 935 4074 -
946 4038 1039 4086 Cetera.
1049 4041 1082 4088 rt.
1094 4055 1118 4088 e.
1130 4056 1184 4089 vasa
1198 4046 1308 4107 prosam.

246 4118 378 4170 clarissimo
391 4120 496 4170 artificio
507 4121 638 4171 elaborata.
800 4147 833 4157 --
845 4121 963 4168 Fortuna.
974 4118 1101 4168 Calamina
1114 4118 1242 4173 bellorum.
