3016 4774
317 354 388 441 544
641 351 691 417 M„
716 351 756 417 Τ.
782 351 1059 421 CICERONIS

316 492 394 549 tute
409 476 506 570 justa
522 463 676 558 furem,
693 472 1034 559 censulbereuua,
1050 496 1151 559 eum,
1167 473 1253 568 qni,
1269 496 1400 568 quum

314 587 408 658 liber
435 595 547 669 esset,
578 583 717 652 censeri
737 581 922 670 noluerit,
947 587 1067 681 ipsum
1091 580 1160 652 sibi
1183 581 1396 654 libertatern

314 694 549 801 abjudicasse.
560 688 670 781 Quod
681 695 711 762 si
724 696 878 762 maxime
888 694 974 763 iisce
982 691 1093 762 rebus
1102 690 1213 762 adimi
1225 692 1396 779 libertas,

315 822 378 879 ant
386 807 510 877 civitas
521 814 659 900 potest;
675 825 749 870 non
764 802 987 898 intelligunt,
997 806 1063 899 qui
1073 802 1149 873 haec
1162 827 1395 874 oommemo·

315 932 416 1003 rant,
431 916 459 984 si
479 936 546 1011 per
564 909 629 981 has
648 913 808 983 rationes
825 910 936 981 adimi
955 913 1108 1006 majores
1132 937 1238 1010 posse
1258 912 1395 984 volue·
1500 912 1502 919 '

314 1041 419 1114 runt,
442 1026 511 1095 alio
529 1019 641 1092 modo
662 1020 846 1092 noluisse?
859 1025 969 1109 Nam,
983 1037 1025 1093 ut
1039 1021 1117 1093 haee
1129 1048 1175 1093 ea
1190 1024 1273 1118 jure
1292 1024 1397 1094 civili
1501 1026 1502 1035 ’

315 1135 568 1237 pronderunt,
595 1134 647 1201 sic
664 1129 816 1202 afferant
834 1131 961 1220 velim,
981 1131 1116 1228 quibus
1136 1132 1214 1230 lege
1241 1148 1307 1204 aut
1324 1159 1395 1204 ro·

316 1270 423 1319 mana
441 1243 582 1328 civitas,
599 1255 662 1312 aut
681 1239 829 1311 libertas
850 1256 974 1340 erepta
986 1252 1020 1286 ¹⁰
1035 1244 1091 1314 sit.
1109 1246 1200 1314 Nam
1219 1243 1322 1341 quod
1343 1244 1395 1315 ad
1500 1280 1502 1289 1

316 1356 484 1432 exsilium
503 1355 647 1438 attinet,
667 1354 856 1448 pempIcue
874 1352 1027 1450 intelligi
1043 1366 1181 1452 potest,
1201 1353 1312 1449 quale
1329 1355 1391 1424 sit
1496 1342 1502 1401 ·!

315 1467 490 1541 Exsilium
511 1465 608 1532 enim
627 1484 703 1530 non
721 1462 942 1560 supplicium
960 1477 1034 1550 est,
1058 1461 1123 1533 sed
1138 1453 1388 1561 perfugium¹¹

315 1592 517 1677 portusque
533 1571 699 1669 supplicii
714 1597 820 1643 :nam
839 1577 904 1670 qui
919 1572 1050 1645 volunt
1061 1597 1209 1672 poenam
1228 1574 1391 1670 aliquam

314 1681 581 1781 subterfugere,
603 1697 668 1753 aut
688 1684 988 1772 calamitatem¹²,
1012 1708 1058 1756 eo
1079 1684 1196 1755 sulum
1218 1699 1392 1771 vertuut3
1500 1722 1502 1727 ·

315 1796 387 1868 hoc
404 1807 479 1880 est,
497 1792 619 1864 sedem
638 1817 680 1864 ac
696 1792 818 1864 locum
836 1807 991 1864 mutant.
1006 1798 1132 1891 ltaque
1144 1792 1243 1864 nulla
1259 1797 1299 1863 iu
1308 1793 1392 1891 lege

315 1918 439 1977 nostra
459 1903 679 1999 reperietur,
698 1916 740 1972 ut
763 1901 862 2000 apud
885 1917 1023 1974 ceteras
1045 1905 1219 1993 civitates,
1246 1903 1391 1975 malefi-

314 2083 826 2153 utbouaprimuneorumpublieareutnr,
869 2084 966 2150 plaeere
983 2083 1127 2150 respoudit,
1142 2085 1244 2150 usuespi
1261 2100 1314 2133 non
1327 2102 1391 2150 poa·

315 2168 405 2218 deinde
425 2166 499 2230 virgis
517 2168 573 2213 cesi
592 2164 763 2214 venderentur.
781 2166 825 2214 Ul·
871 2181 927 2213 se».
942 2166 1027 2212 Ηοπ.

315 2250 403 2313 piauus
421 2257 503 2294 autem
521 2245 647 2293 inTitulis
666 2246 702 2293 sio
720 2243 824 2295 scribit:
904 2259 931 2306 9.
950 2243 1028 2291 &usn
1046 2241 1170 2293 titmur.
1190 2244 1273 2302 Servi,
1296 2245 1342 2308 qui
1360 2245 1390 2294 in

315 2326 445 2376 ablaxima
458 2325 544 2389 ospitis
561 2325 692 2372 diminutio
710 2335 764 2384 eet,
780 2340 826 2389 per
868 2320 966 2387 peculio
978 2323 1028 2370 tls
1040 2332 1141 2370 eentum
1160 2322 1235 2372 millia
1250 2322 1390 2383 baberent,

315 2422 389 2471 quarn
403 2416 428 2451 et
438 2404 525 2451 civitas
539 2413 565 2451 et
581 2403 681 2450 libertas
692 2403 823 2452 amittitur:
870 2395 913 2449 aui
931 2400 1021 2464 quibus
1033 2417 1074 2449 eas
1086 2402 1213 2451 tuentum
1226 2403 1321 2451 domini
1338 2405 1390 2453 in-

315 2485 477 2547 volutiqnum
490 2484 605 2531 incensus
614 2481 703 2545 aliquis
711 2482 826 2542 venierit,
869 2480 1002 2545 pertirem,
1021 2480 1043 2528 si
1063 2496 1107 2528 eos
1126 2480 1221 2530 domini
1239 2483 1264 2530 in
1284 2500 1388 2533 neum

248 2550 253 2561 ¹
313 2574 384 2613 etc..
398 2565 480 2611 Ηοπ.
497 2587 533 2598 -
551 2562 683 2618 lucensio,
703 2556 826 2626 ἀτίμητος·
868 2560 1139 2608 oiviumaoensoribus
1148 2560 1253 2610 adscribi
1259 2562 1388 2625 juberent,

314 2657 367 2691 non
378 2655 478 2700 oeneus3
491 2639 534 2704 qui
551 2640 579 2687 in
594 2655 668 2687 censu
686 2639 827 2704 peragendo
869 2637 1007 2687 libertatern
1015 2639 1242 2703 consequebantur:
1256 2643 1349 2699 «Nm,
1358 2654 1389 2692 ut

316 2720 414 2771 nolebat
431 2720 538 2778 oensen';
556 2718 599 2784 qui
618 2735 669 2766 uou
693 2716 826 2783 profiteba-
869 2717 1095 2777 scribitAseonius,
1113 2735 1183 2767 more
1195 2723 1389 2771 veternmCenai

314 2813 366 2863 tur,
376 2800 487 2849 libertate
499 2799 649 2864 privabatur.
661 2797 715 2846 biv.
729 2800 757 2857 1,
771 2813 826 2862 cap.
870 2795 1022 2856 dicebantur,
1036 2797 1080 2861 qui
1092 2810 1191 2847 uentum
1202 2799 1276 2848 millia
1291 2803 1389 2866 proles·

316 2889 366 2940 με
389 2902 401 2925 ι
411 2881 492 2929 Consu
503 2880 626 2944 perlecto,
638 2894 711 2942 qoem
724 2888 826 2927 matura-
869 2876 938 2924 sione
955 2875 1099 2926 detulissent
1106 2899 1126 2926 ι.
1138 2880 1215 2927 tora.
1234 2907 1269 2916 -
1290 2883 1388 2933 Ferus,

313 2971 382 3010 vetat
395 2971 461 3008 metu
474 2959 534 3023 legis
545 2958 576 3007 de
583 2959 688 3006 incensis
696 2957 750 3006 latae
758 2977 778 3007 ι.
869 2957 915 3015 IV,
927 2956 1000 3019 epist·
1015 2971 1045 3018 9,
1057 2974 1133 3021 quum
1147 2974 1200 3006 uon
1216 2959 1388 3021 intellexerit,

351 3041 376 3089 8.
392 3043 474 3105 ernm
491 3038 526 3099 is,
544 3038 588 3103 qui
600 3036 826 3101 inservitutsjusto
870 3033 966 3082 domini
984 3051 1128 3085 eonsensum
1143 3037 1184 3085 bic
1198 3040 1321 3103 supponi,
1347 3043 1389 3089 iu-

305 3116 398 3184 suerit.
407 3118 512 3167 Servitus
519 3118 602 3183 justo,
615 3116 706 3180 idest,
723 3118 827 3166 servitus
868 3114 934 3175 iuria
943 3115 1079 3165 Manutium
1088 3116 1253 3181 reprehendit,
1259 3130 1285 3166 et
1292 3135 1390 3169 «eensu

312 3199 368 3260 jure
381 3199 504 3261 gentium,
515 3207 541 3245 et
555 3198 610 3257 jure
627 3197 694 3245 oivili
711 3212 825 3261 compro·
867 3192 984 3241 liberari·
1001 3195 1121 3259 explicat,
1143 3196 1256 3244 «oeuseri
1273 3213 1326 3245 uon
1350 3215 1390 3247 so

315 3276 380 3325 beta.
399 3276 479 3338 Nam,
499 3287 528 3324 ut
543 3273 630 3323 scribit
644 3274 741 3323 Paullus
752 3275 826 3336 juris·
867 3272 947 3322 leuen.
958 3272 1026 3321 Nihil
1035 3274 1173 3323 absurdius.
1187 3276 1287 3324 Gener.

314 3353 440 3404 eonsuhns
453 3354 480 3401 iu
493 3353 513 3401 l.
529 3353 723 3418 postliminium,
741 3364 766 3401 et
779 3353 825 3401 Ul·
907 3368 947 3400 to.
966 3353 1056 3415 Quibus
1073 3355 1126 3419 lege
1142 3366 1188 3402 aut
1206 3371 1312 3403 rourum
1329 3355 1389 3404 civi·

315 3435 402 3503 pianus
423 3434 449 3481 in
466 3433 485 3481 1.
498 3432 597 3491 hostes,
615 3434 647 3479 D.
666 3432 697 3483 de
720 3444 787 3497 eapt.
802 3444 826 3482 et
870 3442 917 3489 tas,
929 3444 975 3479 ane
989 3433 1088 3481 libertos
1098 3434 1248 3497 empserit„
1261 3434 1389 3483 Exsilium

315 3514 390 3582 postl.
404 3529 456 3562 rev.
471 3533 483 3555 ι
492 3511 588 3569 Liberi,
601 3511 645 3574 qui
657 3528 671 3558 a
684 3511 769 3575 piratis
784 3524 827 3562 aut
870 3527 920 3559 uon
931 3511 1076 3574 supplicium
1088 3524 1138 3573 est,
1151 3524 1201 3561 etc.
1221 3514 1259 3561 De
1272 3515 1312 3562 bis
1325 3531 1391 3563 ouu-

313 3592 450 3643 lateouibus
467 3592 533 3656 eapti
554 3590 745 3650 venumdentur,
762 3594 826 3640 servi
869 3588 984 3638 suleudus
993 3601 1028 3638 eat
1041 3592 1142 3640 Excute
1150 3594 1239 3640 xm
1249 3592 1282 3640 ad
1290 3592 1391 3644 calcem

315 3690 366 3723 nou
377 3686 446 3722 sunt:
456 3671 523 3720 unde
532 3671 662 3735 quesitum
670 3680 714 3731 est,
725 3672 746 3718 si
757 3687 825 3720 mens
868 3668 942 3730 hujus
952 3669 1082 3720 orationis.

315 3766 399 3801 servus
411 3768 425 3800 a
439 3749 575 3800 latronibus
592 3761 680 3814 eaptus
695 3749 727 3796 ad
741 3751 825 3800 hostes
908 3748 1062 3813 11.Aliquot
1076 3749 1133 3799 edd.
1144 3761 1169 3798 et
1180 3750 1260 3810 MSS,
1278 3752 1391 3817 «profu-

314 3832 465 3894 perveuerit,
476 3830 534 3878 inde
549 3830 576 3878 in
589 3829 656 3878 bello
667 3829 737 3877 victis
745 3830 824 3879 hosti·
869 3830 965 3893 pum».
976 3832 1000 3879 J.
1008 3832 1042 3880 V.
1053 3834 1080 3880 L.

315 3907 362 3956 bus
374 3926 457 3958 servm
469 3911 586 3971 venierit,
599 3927 631 3958 su
647 3911 727 3975 possit
738 3926 825 3959 nauca·
907 3927 947 3959 aa.
960 3913 1010 3960 Aut
1022 3911 1199 3960 calamitatem.
1211 3913 1339 3961 iacturam
1351 3917 1395 3963 rei

316 3984 341 4048 pi
352 4001 379 4033 a:
392 3998 416 4034 et
432 3988 565 4037 Jsboleuus
582 3989 609 4036 iu
625 3988 644 4038 l.
657 3988 779 4051 Isti-ones,
792 3992 823 4037 D.
868 3991 999 4040 familiaris.
1015 3990 1226 4040 Genu-Nulla
1238 3991 1264 4039 io
1277 3992 1332 4056 iege
1340 4009 1398 4041 no-

315 4061 372 4111 eod.
393 4085 403 4105 «
414 4060 535 4126 L'abeoni,
551 4065 654 4139 oratio,
670 4080 695 4117 et
708 4066 824 4115 Trebatio
868 4081 921 4117 stro
932 4070 1072 4132 reperietur.
1089 4069 1272 4119 Posterion'bns
1285 4080 1397 4139 tempo-

632 4148 640 4181 t
