<?xml version="1.0" encoding="UTF-8"?>
<!DOCTYPE html PUBLIC "-//W3C//DTD XHTML 1.0 Transitional//EN"
    "http://www.w3.org/TR/xhtml1/DTD/xhtml1-transitional.dtd">
<html xmlns="http://www.w3.org/1999/xhtml" xml:lang="en" lang="en">
 <head>
  <title>
</title>
<meta http-equiv="Content-Type" content="text/html;charset=utf-8" />
  <meta name='ocr-system' content='tesseract 3.04.00' />
  <meta name='ocr-capabilities' content='ocr_page ocr_carea ocr_par ocr_line ocrx_word'/>
</head>
<body>
  <div class='ocr_page' id='page_1' title='image "./mtciceronisquae00bouigoog_0439.png"; bbox 0 0 3148 4780; ppageno 0'>
   <div class='ocr_carea' id='block_1_1' title="bbox 302 442 1044 525">
    <p class='ocr_par' dir='ltr' id='par_1_1' title="bbox 302 442 1044 525">
     <span class='ocr_line' id='line_1_1' title="bbox 302 442 1044 525; baseline 0.005 -18"><span class='ocrx_word' id='word_1_1' title='bbox 302 444 373 525; x_wconf 66' lang='lat' dir='ltr'>dro</span> <span class='ocrx_word' id='word_1_2' title='bbox 621 442 670 509; x_wconf 91' lang='grc' dir='ltr'>Μ.</span> <span class='ocrx_word' id='word_1_3' title='bbox 696 445 734 511; x_wconf 92' lang='grc' dir='ltr'>Τ.</span> <span class='ocrx_word' id='word_1_4' title='bbox 761 444 1044 512; x_wconf 85' lang='lat' dir='ltr'><strong>CICERONIS</strong></span> 
     </span>
    </p>
   </div>
   <div class='ocr_carea' id='block_1_2' title="bbox 256 560 1378 3185">
    <p class='ocr_par' dir='ltr' id='par_1_2' title="bbox 300 560 1362 746">
     <span class='ocr_line' id='line_1_2' title="bbox 300 560 1362 660; baseline 0.001 -26"><span class='ocrx_word' id='word_1_5' title='bbox 300 577 340 634; x_wconf 93' lang='lat' dir='ltr'>ut</span> <span class='ocrx_word' id='word_1_6' title='bbox 362 561 450 631; x_wconf 88' lang='lat' dir='ltr'>mihi</span> <span class='ocrx_word' id='word_1_7' title='bbox 464 560 625 649; x_wconf 78' lang='lat' dir='ltr'>videtur,</span> <span class='ocrx_word' id='word_1_8' title='bbox 644 561 690 633; x_wconf 85' lang='lat' dir='ltr'>ab</span> <span class='ocrx_word' id='word_1_9' title='bbox 708 563 855 635; x_wconf 80' lang='lat' dir='ltr'>illorum</span> <span class='ocrx_word' id='word_1_10' title='bbox 869 561 1143 635; x_wconf 80' lang='lat' dir='ltr'>innocentium⁶</span> <span class='ocrx_word' id='word_1_11' title='bbox 1163 586 1271 660; x_wconf 86' lang='lat' dir='ltr'>poena</span> <span class='ocrx_word' id='word_1_12' title='bbox 1287 563 1362 635; x_wconf 82' lang='lat' dir='ltr'>for-</span> 
     </span>
     <span class='ocr_line' id='line_1_3' title="bbox 302 671 956 746; baseline -0.002 -2"><span class='ocrx_word' id='word_1_13' title='bbox 302 689 388 744; x_wconf 87' lang='lat' dir='ltr'>tuna</span> <span class='ocrx_word' id='word_1_14' title='bbox 411 672 455 742; x_wconf 84' lang='lat' dir='ltr'>ad</span> <span class='ocrx_word' id='word_1_15' title='bbox 477 671 570 743; x_wconf 87' lang='lat' dir='ltr'>hanc</span> <span class='ocrx_word' id='word_1_16' title='bbox 589 697 731 744; x_wconf 88' lang='lat' dir='ltr'>causam</span> <span class='ocrx_word' id='word_1_17' title='bbox 753 679 956 746; x_wconf 79' lang='lat' dir='ltr'>reservavit.</span> 
     </span>
    </p>

    <p class='ocr_par' dir='ltr' id='par_1_3' title="bbox 301 772 1366 1650">
     <span class='ocr_line' id='line_1_4' title="bbox 347 772 1365 882; baseline 0.002 -30"><span class='ocrx_word' id='word_1_18' title='bbox 347 781 459 854; x_wconf 82' lang='lat' dir='ltr'><strong>Adest</strong></span> <span class='ocrx_word' id='word_1_19' title='bbox 474 782 658 880; x_wconf 83' lang='lat' dir='ltr'>Philargus</span> <span class='ocrx_word' id='word_1_20' title='bbox 675 784 910 873; x_wconf 82' lang='lat' dir='ltr'><strong>Haluntinus,</strong></span> <span class='ocrx_word' id='word_1_21' title='bbox 930 785 1011 882; x_wconf 85' lang='lat' dir='ltr'>qui,</span> <span class='ocrx_word' id='word_1_22' title='bbox 1037 783 1128 880; x_wconf 81' lang='lat' dir='ltr'>quia</span> <span class='ocrx_word' id='word_1_23' title='bbox 1149 772 1239 854; x_wconf 72' lang='lat' dir='ltr'>cnm¹</span> <span class='ocrx_word' id='word_1_24' title='bbox 1257 783 1365 854; x_wconf 85' lang='lat' dir='ltr'>Cieo-</span> 
     </span>
     <span class='ocr_line' id='line_1_5' title="bbox 301 890 1366 992; baseline -0.001 -27"><span class='ocrx_word' id='word_1_25' title='bbox 301 918 408 965; x_wconf 85' lang='lat' dir='ltr'>mene</span> <span class='ocrx_word' id='word_1_26' title='bbox 430 917 506 963; x_wconf 91' lang='lat' dir='ltr'>non</span> <span class='ocrx_word' id='word_1_27' title='bbox 535 891 643 990; x_wconf 82' lang='lat' dir='ltr'>fugit,</span> <span class='ocrx_word' id='word_1_28' title='bbox 670 896 864 991; x_wconf 79' lang='lat' dir='ltr'>oppressus</span> <span class='ocrx_word' id='word_1_29' title='bbox 886 918 907 964; x_wconf 90' lang='lat' dir='ltr'>a</span> <span class='ocrx_word' id='word_1_30' title='bbox 929 890 1160 992; x_wconf 83' lang='lat' dir='ltr'>praedonibus</span> <span class='ocrx_word' id='word_1_31' title='bbox 1185 905 1221 962; x_wconf 90' lang='lat' dir='ltr'>ct</span> <span class='ocrx_word' id='word_1_32' title='bbox 1239 908 1366 989; x_wconf 85' lang='lat' dir='ltr'>captus</span> 
     </span>
     <span class='ocr_line' id='line_1_6' title="bbox 304 1002 1365 1100; baseline -0.003 -25"><span class='ocrx_word' id='word_1_33' title='bbox 304 1018 383 1075; x_wconf 88' lang='lat' dir='ltr'>est:</span> <span class='ocrx_word' id='word_1_34' title='bbox 404 1007 464 1074; x_wconf 91' lang='lat' dir='ltr'>cui</span> <span class='ocrx_word' id='word_1_35' title='bbox 480 1002 660 1075; x_wconf 83' lang='lat' dir='ltr'>calamitas</span> <span class='ocrx_word' id='word_1_36' title='bbox 675 1005 780 1075; x_wconf 84' lang='lat' dir='ltr'>saiuti</span> <span class='ocrx_word' id='word_1_37' title='bbox 799 1003 885 1089; x_wconf 78' lang='lat' dir='ltr'>fuit3</span> <span class='ocrx_word' id='word_1_38' title='bbox 902 1009 984 1100; x_wconf 89' lang='lat' dir='ltr'>qni,</span> <span class='ocrx_word' id='word_1_39' title='bbox 1006 1004 1073 1073; x_wconf 90' lang='lat' dir='ltr'>nisi</span> <span class='ocrx_word' id='word_1_40' title='bbox 1089 1015 1214 1099; x_wconf 85' lang='lat' dir='ltr'>captus</span> <span class='ocrx_word' id='word_1_41' title='bbox 1233 1026 1253 1072; x_wconf 87' lang='lat' dir='ltr'>a</span> <span class='ocrx_word' id='word_1_42' title='bbox 1271 1003 1365 1099; x_wconf 85' lang='lat' dir='ltr'>pira·</span> 
     </span>
     <span class='ocr_line' id='line_1_7' title="bbox 303 1107 1365 1213; baseline -0.005 -28"><span class='ocrx_word' id='word_1_43' title='bbox 303 1115 348 1185; x_wconf 85' lang='lat' dir='ltr'>tis</span> <span class='ocrx_word' id='word_1_44' title='bbox 358 1127 469 1200; x_wconf 88' lang='lat' dir='ltr'>esset,</span> <span class='ocrx_word' id='word_1_45' title='bbox 487 1114 527 1182; x_wconf 92' lang='lat' dir='ltr'>in</span> <span class='ocrx_word' id='word_1_46' title='bbox 541 1112 639 1184; x_wconf 92' lang='lat' dir='ltr'>hunc</span> <span class='ocrx_word' id='word_1_47' title='bbox 650 1112 857 1213; x_wconf 84' lang='lat' dir='ltr'>praedoncm</span> <span class='ocrx_word' id='word_1_48' title='bbox 873 1113 1054 1184; x_wconf 85' lang='lat' dir='ltr'>sociorum</span> <span class='ocrx_word' id='word_1_49' title='bbox 1067 1107 1259 1182; x_wconf 83' lang='lat' dir='ltr'>incidisset.</span> <span class='ocrx_word' id='word_1_50' title='bbox 1270 1111 1365 1181; x_wconf 84' lang='lat' dir='ltr'>Dicit</span> 
     </span>
     <span class='ocr_line' id='line_1_8' title="bbox 303 1218 1365 1321; baseline -0.005 -27"><span class='ocrx_word' id='word_1_51' title='bbox 303 1226 348 1310; x_wconf 86' lang='lat' dir='ltr'>is,</span> <span class='ocrx_word' id='word_1_52' title='bbox 370 1249 437 1321; x_wconf 86' lang='lat' dir='ltr'>pro</span> <span class='ocrx_word' id='word_1_53' title='bbox 456 1223 681 1310; x_wconf 84' lang='lat' dir='ltr'>testimonio,</span> <span class='ocrx_word' id='word_1_54' title='bbox 701 1223 747 1293; x_wconf 87' lang='lat' dir='ltr'>de</span> <span class='ocrx_word' id='word_1_55' title='bbox 770 1223 941 1294; x_wconf 81' lang='lat' dir='ltr'>missione</span> <span class='ocrx_word' id='word_1_56' title='bbox 960 1235 1167 1309; x_wconf 81' lang='lat' dir='ltr'>nautarum,</span> <span class='ocrx_word' id='word_1_57' title='bbox 1189 1220 1235 1291; x_wconf 89' lang='lat' dir='ltr'>de</span> <span class='ocrx_word' id='word_1_58' title='bbox 1253 1218 1365 1305; x_wconf 83' lang='lat' dir='ltr'>fame,</span> 
     </span>
     <span class='ocr_line' id='line_1_9' title="bbox 304 1325 1365 1430; baseline -0.005 -26"><span class='ocrx_word' id='word_1_59' title='bbox 304 1334 350 1405; x_wconf 90' lang='lat' dir='ltr'>de</span> <span class='ocrx_word' id='word_1_60' title='bbox 372 1325 581 1404; x_wconf 68' lang='lat' dir='ltr'>&#39;Cleomenis</span> <span class='ocrx_word' id='word_1_61' title='bbox 604 1332 697 1429; x_wconf 84' lang='lat' dir='ltr'>fuga.</span> <span class='ocrx_word' id='word_1_62' title='bbox 723 1333 832 1404; x_wconf 81' lang='lat' dir='ltr'>Adest</span> <span class='ocrx_word' id='word_1_63' title='bbox 858 1335 1116 1430; x_wconf 81' lang='lat' dir='ltr'>Centuripinus</span> <span class='ocrx_word' id='word_1_64' title='bbox 1136 1329 1365 1426; x_wconf 80' lang='lat' dir='ltr'>Phaiargns7,</span> 
     </span>
     <span class='ocr_line' id='line_1_10' title="bbox 304 1438 1366 1540; baseline -0.002 -29"><span class='ocrx_word' id='word_1_65' title='bbox 304 1444 342 1512; x_wconf 90' lang='lat' dir='ltr'>in</span> <span class='ocrx_word' id='word_1_66' title='bbox 364 1442 581 1539; x_wconf 87' lang='lat' dir='ltr'>amplissima</span> <span class='ocrx_word' id='word_1_67' title='bbox 594 1444 753 1531; x_wconf 81' lang='lat' dir='ltr'>civitate,</span> <span class='ocrx_word' id='word_1_68' title='bbox 770 1443 989 1540; x_wconf 84' lang='lat' dir='ltr'>amplissimo</span> <span class='ocrx_word' id='word_1_69' title='bbox 1009 1443 1090 1513; x_wconf 85' lang='lat' dir='ltr'>loco</span> <span class='ocrx_word' id='word_1_70' title='bbox 1105 1454 1219 1511; x_wconf 87' lang='lat' dir='ltr'>natus.</span> <span class='ocrx_word' id='word_1_71' title='bbox 1232 1438 1366 1510; x_wconf 86' lang='lat' dir='ltr'>Eadem</span> 
     </span>
     <span class='ocr_line' id='line_1_11' title="bbox 305 1548 860 1650; baseline 0.005 -30"><span class='ocrx_word' id='word_1_72' title='bbox 305 1550 392 1621; x_wconf 84' lang='lat' dir='ltr'>dicit</span> <span class='ocrx_word' id='word_1_73' title='bbox 407 1578 415 1620; x_wconf 76' lang='grc' dir='ltr'><strong><em>ε</em></strong></span> <span class='ocrx_word' id='word_1_74' title='bbox 432 1550 539 1621; x_wconf 90' lang='lat' dir='ltr'>nulla·</span> <span class='ocrx_word' id='word_1_75' title='bbox 550 1552 586 1620; x_wconf 92' lang='lat' dir='ltr'>in</span> <span class='ocrx_word' id='word_1_76' title='bbox 609 1575 649 1622; x_wconf 86' lang='lat' dir='ltr'>re</span> <span class='ocrx_word' id='word_1_77' title='bbox 669 1548 860 1650; x_wconf 80' lang='lat' dir='ltr'>discrepat.</span> 
     </span>
    </p>

    <p class='ocr_par' dir='ltr' id='par_1_4' title="bbox 306 1659 1372 2524">
     <span class='ocr_line' id='line_1_12' title="bbox 353 1659 1368 1758; baseline -0.001 -28"><span class='ocrx_word' id='word_1_78' title='bbox 353 1664 422 1730; x_wconf 86' lang='lat' dir='ltr'>Per</span> <span class='ocrx_word' id='word_1_79' title='bbox 443 1659 531 1732; x_wconf 87' lang='lat' dir='ltr'>deos</span> <span class='ocrx_word' id='word_1_80' title='bbox 555 1661 791 1734; x_wconf 86' lang='lat' dir='ltr'>immortales!</span> <span class='ocrx_word' id='word_1_81' title='bbox 810 1663 968 1758; x_wconf 86' lang='lat' dir='ltr'>judices,</span> <span class='ocrx_word' id='word_1_82' title='bbox 985 1684 1060 1757; x_wconf 88' lang='lat' dir='ltr'>quo</span> <span class='ocrx_word' id='word_1_83' title='bbox 1079 1659 1226 1730; x_wconf 87' lang='lat' dir='ltr'>tandem</span> <span class='ocrx_word' id='word_1_84' title='bbox 1244 1663 1368 1729; x_wconf 86' lang='lat' dir='ltr'>animo</span> 
     </span>
     <span class='ocr_line' id='line_1_13' title="bbox 306 1765 1368 1866; baseline 0.002 -29"><span class='ocrx_word' id='word_1_85' title='bbox 306 1765 461 1839; x_wconf 85' lang='lat' dir='ltr'>sedetis?</span> <span class='ocrx_word' id='word_1_86' title='bbox 485 1783 548 1840; x_wconf 87' lang='lat' dir='ltr'>aut</span> <span class='ocrx_word' id='word_1_87' title='bbox 569 1770 877 1866; x_wconf 86' lang='lat' dir='ltr'>quemadmodum</span> <span class='ocrx_word' id='word_1_88' title='bbox 899 1769 1053 1841; x_wconf 82' lang='lat' dir='ltr'>auditis?</span> <span class='ocrx_word' id='word_1_89' title='bbox 1073 1775 1203 1841; x_wconf 88' lang='lat' dir='ltr'>Utrum</span> <span class='ocrx_word' id='word_1_90' title='bbox 1222 1792 1289 1866; x_wconf 84' lang='lat' dir='ltr'>ego</span> <span class='ocrx_word' id='word_1_91' title='bbox 1305 1767 1368 1839; x_wconf 90' lang='lat' dir='ltr'>de·</span> 
     </span>
     <span class='ocr_line' id='line_1_14' title="bbox 306 1878 1370 1976; baseline -0.002 -27"><span class='ocrx_word' id='word_1_92' title='bbox 306 1880 420 1974; x_wconf 87' lang='lat' dir='ltr'>sipio,</span> <span class='ocrx_word' id='word_1_93' title='bbox 439 1894 474 1949; x_wconf 89' lang='lat' dir='ltr'>et</span> <span class='ocrx_word' id='word_1_94' title='bbox 490 1879 571 1976; x_wconf 88' lang='lat' dir='ltr'>plus</span> <span class='ocrx_word' id='word_1_95' title='bbox 581 1884 865 1976; x_wconf 83' lang='lat' dir='ltr'>quamsatisest,</span> <span class='ocrx_word' id='word_1_96' title='bbox 883 1878 990 1949; x_wconf 86' lang='lat' dir='ltr'>doleo</span> <span class='ocrx_word' id='word_1_97' title='bbox 1006 1884 1156 1949; x_wconf 88' lang='lat' dir='ltr'>intanta</span> <span class='ocrx_word' id='word_1_98' title='bbox 1170 1878 1370 1948; x_wconf 80' lang='lat' dir='ltr'>calamitate</span> 
     </span>
     <span class='ocr_line' id='line_1_15' title="bbox 308 1987 1370 2086; baseline -0.001 -29"><span class='ocrx_word' id='word_1_99' title='bbox 308 1989 521 2086; x_wconf 85' lang='lat' dir='ltr'>miseriaque</span> <span class='ocrx_word' id='word_1_100' title='bbox 533 1991 735 2061; x_wconf 83' lang='lat' dir='ltr'>sociorum?</span> <span class='ocrx_word' id='word_1_101' title='bbox 747 2014 792 2060; x_wconf 91' lang='lat' dir='ltr'>an</span> <span class='ocrx_word' id='word_1_102' title='bbox 808 2014 872 2060; x_wconf 88' lang='lat' dir='ltr'>vos</span> <span class='ocrx_word' id='word_1_103' title='bbox 889 2013 1036 2086; x_wconf 87' lang='lat' dir='ltr'>quoque</span> <span class='ocrx_word' id='word_1_104' title='bbox 1051 1989 1110 2059; x_wconf 92' lang='lat' dir='ltr'>hic</span> <span class='ocrx_word' id='word_1_105' title='bbox 1121 1987 1370 2059; x_wconf 84' lang='lat' dir='ltr'>acerbissimus</span> 
     </span>
     <span class='ocr_line' id='line_1_16' title="bbox 309 2096 1372 2194; baseline -0.001 -27"><span class='ocrx_word' id='word_1_106' title='bbox 309 2100 557 2169; x_wconf 89' lang='lat' dir='ltr'>innocentium</span> <span class='ocrx_word' id='word_1_107' title='bbox 582 2104 763 2171; x_wconf 86' lang='lat' dir='ltr'>cruciatus</span> <span class='ocrx_word' id='word_1_108' title='bbox 787 2112 825 2170; x_wconf 91' lang='lat' dir='ltr'>et</span> <span class='ocrx_word' id='word_1_109' title='bbox 845 2123 982 2169; x_wconf 89' lang='lat' dir='ltr'>moeror</span> <span class='ocrx_word' id='word_1_110' title='bbox 1006 2100 1084 2194; x_wconf 85' lang='lat' dir='ltr'>pari</span> <span class='ocrx_word' id='word_1_111' title='bbox 1107 2122 1214 2169; x_wconf 88' lang='lat' dir='ltr'>sensu</span> <span class='ocrx_word' id='word_1_112' title='bbox 1238 2096 1372 2167; x_wconf 76' lang='lat' dir='ltr'>doloris</span> 
     </span>
     <span class='ocr_line' id='line_1_17' title="bbox 308 2202 1370 2307; baseline -0.003 -29"><span class='ocrx_word' id='word_1_113' title='bbox 308 2206 442 2278; x_wconf 80' lang='lat' dir='ltr'>afficit?</span> <span class='ocrx_word' id='word_1_114' title='bbox 459 2213 535 2307; x_wconf 83' lang='lat' dir='ltr'>Ego</span> <span class='ocrx_word' id='word_1_115' title='bbox 557 2210 653 2280; x_wconf 89' lang='lat' dir='ltr'>enim</span> <span class='ocrx_word' id='word_1_116' title='bbox 675 2233 791 2306; x_wconf 91' lang='lat' dir='ltr'>quum</span> <span class='ocrx_word' id='word_1_117' title='bbox 808 2208 1058 2280; x_wconf 85' lang='lat' dir='ltr'>Herbitensem</span> <span class='ocrx_word' id='word_1_118' title='bbox 1066 2202 1095 2295; x_wconf 78' lang='lat'>⁸,</span> <span class='ocrx_word' id='word_1_119' title='bbox 1121 2230 1236 2303; x_wconf 88' lang='lat' dir='ltr'>quum</span> <span class='ocrx_word' id='word_1_120' title='bbox 1260 2212 1370 2276; x_wconf 83' lang='lat' dir='ltr'>Hera·</span> 
     </span>
     <span class='ocr_line' id='line_1_18' title="bbox 310 2316 1372 2417; baseline -0.002 -30"><span class='ocrx_word' id='word_1_121' title='bbox 310 2317 481 2390; x_wconf 87' lang='lat' dir='ltr'>eliensem</span> <span class='ocrx_word' id='word_1_122' title='bbox 502 2322 618 2390; x_wconf 86' lang='lat' dir='ltr'>securi</span> <span class='ocrx_word' id='word_1_123' title='bbox 635 2344 712 2390; x_wconf 86' lang='lat' dir='ltr'>esse</span> <span class='ocrx_word' id='word_1_124' title='bbox 740 2342 950 2417; x_wconf 89' lang='lat' dir='ltr'>percussum</span> <span class='ocrx_word' id='word_1_125' title='bbox 976 2317 1075 2406; x_wconf 88' lang='lat' dir='ltr'>dico,</span> <span class='ocrx_word' id='word_1_126' title='bbox 1103 2332 1265 2389; x_wconf 83' lang='lat' dir='ltr'>versatur</span> <span class='ocrx_word' id='word_1_127' title='bbox 1282 2316 1372 2386; x_wconf 88' lang='lat' dir='ltr'>mihi</span> 
     </span>
     <span class='ocr_line' id='line_1_19' title="bbox 310 2427 991 2524; baseline 0.003 -27"><span class='ocrx_word' id='word_1_128' title='bbox 310 2443 393 2498; x_wconf 88' lang='lat' dir='ltr'>ante</span> <span class='ocrx_word' id='word_1_129' title='bbox 412 2428 538 2497; x_wconf 87' lang='lat' dir='ltr'>oculos</span> <span class='ocrx_word' id='word_1_130' title='bbox 557 2427 752 2524; x_wconf 83' lang='lat' dir='ltr'>indignitas</span> <span class='ocrx_word' id='word_1_131' title='bbox 774 2430 991 2503; x_wconf 82' lang='lat' dir='ltr'>calamitatis.</span> 
     </span>
    </p>

    <p class='ocr_par' dir='ltr' id='par_1_5' title="bbox 256 2539 1378 3185">
     <span class='ocr_line' id='line_1_20' title="bbox 359 2539 1375 2636; baseline -0.003 -30"><span class='ocrx_word' id='word_1_132' title='bbox 359 2539 498 2606; x_wconf 86' lang='lat' dir='ltr'>XLVII.</span> <span class='ocrx_word' id='word_1_133' title='bbox 518 2541 702 2608; x_wconf 89' lang='lat' dir='ltr'>Eornmnc</span> <span class='ocrx_word' id='word_1_134' title='bbox 717 2539 938 2636; x_wconf 88' lang='lat' dir='ltr'>populorum</span> <span class='ocrx_word' id='word_1_135' title='bbox 954 2541 1065 2625; x_wconf 84' lang='lat' dir='ltr'>cives,</span> <span class='ocrx_word' id='word_1_136' title='bbox 1084 2559 1259 2608; x_wconf 87' lang='lat' dir='ltr'>eorumne</span> <span class='ocrx_word' id='word_1_137' title='bbox 1273 2556 1375 2630; x_wconf 82' lang='lat' dir='ltr'>agro-</span> 
     </span>
     <span class='ocr_line' id='line_1_21' title="bbox 312 2643 1374 2744; baseline -0.001 -30"><span class='ocrx_word' id='word_1_138' title='bbox 312 2667 392 2714; x_wconf 90' lang='lat' dir='ltr'>rum</span> <span class='ocrx_word' id='word_1_139' title='bbox 400 2643 602 2732; x_wconf 79' lang='lat' dir='ltr'>alumn0s1,</span> <span class='ocrx_word' id='word_1_140' title='bbox 614 2670 658 2717; x_wconf 84' lang='lat' dir='ltr'>ex</span> <span class='ocrx_word' id='word_1_141' title='bbox 666 2647 1026 2744; x_wconf 81' lang='lat' dir='ltr'>quibus&#39;maximavis</span> <span class='ocrx_word' id='word_1_142' title='bbox 1035 2646 1207 2718; x_wconf 77' lang='lat' dir='ltr'>frumenti</span> <span class='ocrx_word' id='word_1_143' title='bbox 1221 2657 1374 2742; x_wconf 82' lang='lat' dir='ltr'>quotan-</span> 
     </span>
     <span class='ocr_line' id='line_1_22' title="bbox 280 2751 1375 2856; baseline 0 -32"><span class='ocrx_word' id='word_1_144' title='bbox 280 2751 284 2759; x_wconf 77' lang='grc'><strong>’</strong></span> <span class='ocrx_word' id='word_1_145' title='bbox 312 2752 1375 2856; x_wconf 71' lang='lat' dir='ltr'>nisplehiromanae‚iliorumoperisaclaboribus‚quaritur,</span> 
     </span>
     <span class='ocr_line' id='line_1_23' title="bbox 313 2858 1375 2966; baseline -0.001 -31"><span class='ocrx_word' id='word_1_146' title='bbox 313 2866 632 2963; x_wconf 84' lang='lat' dir='ltr'>quiaparentibus‚</span> <span class='ocrx_word' id='word_1_147' title='bbox 646 2879 732 2966; x_wconf 81' lang='lat' dir='ltr'>spe²</span> <span class='ocrx_word' id='word_1_148' title='bbox 745 2870 858 2938; x_wconf 90' lang='lat' dir='ltr'>nostri</span> <span class='ocrx_word' id='word_1_149' title='bbox 866 2870 1007 2966; x_wconf 86' lang='lat' dir='ltr'>imperii</span> <span class='ocrx_word' id='word_1_150' title='bbox 1017 2882 1222 2964; x_wconf 63' lang='lat' dir='ltr'>nostraeque</span> <span class='ocrx_word' id='word_1_151' title='bbox 1232 2858 1375 2963; x_wconf 70' lang='lat' dir='ltr'>requita-</span> 
     </span>
     <span class='ocr_line' id='line_1_24' title="bbox 314 2975 1376 3075; baseline 0 -29"><span class='ocrx_word' id='word_1_152' title='bbox 314 2980 376 3063; x_wconf 82' lang='lat' dir='ltr'>tis,</span> <span class='ocrx_word' id='word_1_153' title='bbox 390 2982 547 3075; x_wconf 82' lang='lat' dir='ltr'>suscepti</span> <span class='ocrx_word' id='word_1_154' title='bbox 555 2976 770 3075; x_wconf 83' lang='lat' dir='ltr'>educatique</span> <span class='ocrx_word' id='word_1_155' title='bbox 779 2994 881 3065; x_wconf 87' lang='lat' dir='ltr'>sunt,</span> <span class='ocrx_word' id='word_1_156' title='bbox 897 2977 942 3049; x_wconf 89' lang='lat' dir='ltr'>ad</span> <span class='ocrx_word' id='word_1_157' title='bbox 950 2984 987 3051; x_wconf 86' lang='lat' dir='ltr'>C.</span> <span class='ocrx_word' id='word_1_158' title='bbox 995 2982 1116 3049; x_wconf 89' lang='lat' dir='ltr'>Verris</span> <span class='ocrx_word' id='word_1_159' title='bbox 1129 2975 1302 3047; x_wconf 86' lang='lat' dir='ltr'>nefariam</span> <span class='ocrx_word' id='word_1_160' title='bbox 1316 2977 1376 3046; x_wconf 91' lang='lat' dir='ltr'>im·</span> 
     </span>
     <span class='ocr_line' id='line_1_25' title="bbox 256 3083 1378 3185; baseline 0.002 -31"><span class='ocrx_word' id='word_1_161' title='bbox 256 3084 258 3097; x_wconf 92' lang='lat'>&#39;</span> <span class='ocrx_word' id='word_1_162' title='bbox 314 3088 721 3185; x_wconf 84' lang='lat' dir='ltr'>manitatem,etadejus</span> <span class='ocrx_word' id='word_1_163' title='bbox 730 3114 892 3162; x_wconf 87' lang='lat' dir='ltr'>securem</span> <span class='ocrx_word' id='word_1_164' title='bbox 907 3083 1378 3162; x_wconf 54' lang='lat' dir='ltr'>funestamesseservatod?</span> 
     </span>
    </p>
   </div>
   <div class='ocr_carea' id='block_1_3' title="bbox 312 3260 1383 4200">
    <p class='ocr_par' dir='ltr' id='par_1_6' title="bbox 312 3260 1380 3641">
     <span class='ocr_line' id='line_1_26' title="bbox 347 3260 1377 3328; baseline 0.003 -21"><span class='ocrx_word' id='word_1_165' title='bbox 347 3262 372 3309; x_wconf 81' lang='grc'>6.</span> <span class='ocrx_word' id='word_1_166' title='bbox 395 3262 432 3308; x_wconf 79' lang='lat' dir='ltr'>At</span> <span class='ocrx_word' id='word_1_167' title='bbox 447 3260 544 3310; x_wconf 70' lang='lat' dir='ltr'>idemne</span> <span class='ocrx_word' id='word_1_168' title='bbox 560 3262 732 3313; x_wconf 78' lang='lat' dir='ltr'>innocentium.</span> <span class='ocrx_word' id='word_1_169' title='bbox 751 3267 823 3328; x_wconf 73' lang='lat' dir='ltr'>Quos</span> <span class='ocrx_word' id='word_1_170' title='bbox 865 3267 941 3316; x_wconf 79' lang='lat' dir='ltr'>Ionos.</span> <span class='ocrx_word' id='word_1_171' title='bbox 960 3288 994 3304; x_wconf 63' lang='grc' dir='ltr'>-ι-</span> <span class='ocrx_word' id='word_1_172' title='bbox 1010 3265 1126 3314; x_wconf 61' lang='lat' dir='ltr'>Karina</span> <span class='ocrx_word' id='word_1_173' title='bbox 1135 3264 1187 3313; x_wconf 64' lang='lat' dir='ltr'>nu.</span> <span class='ocrx_word' id='word_1_174' title='bbox 1200 3264 1292 3313; x_wconf 73' lang='lat' dir='ltr'>ceilam</span> <span class='ocrx_word' id='word_1_175' title='bbox 1303 3278 1377 3328; x_wconf 73' lang='lat' dir='ltr'>pcne-</span> 
     </span>
     <span class='ocr_line' id='line_1_27' title="bbox 312 3337 1376 3410; baseline 0.002 -23"><span class='ocrx_word' id='word_1_176' title='bbox 312 3337 390 3387; x_wconf 85' lang='lat' dir='ltr'>nolnit</span> <span class='ocrx_word' id='word_1_177' title='bbox 404 3339 501 3386; x_wconf 79' lang='lat' dir='ltr'>fortuna</span> <span class='ocrx_word' id='word_1_178' title='bbox 514 3341 600 3390; x_wconf 87' lang='lat' dir='ltr'>eodem</span> <span class='ocrx_word' id='word_1_179' title='bbox 614 3358 669 3389; x_wconf 84' lang='lat' dir='ltr'>oum</span> <span class='ocrx_word' id='word_1_180' title='bbox 686 3342 734 3390; x_wconf 78' lang='lat' dir='ltr'>iltn</span> <span class='ocrx_word' id='word_1_181' title='bbox 746 3345 820 3392; x_wconf 63' lang='lat' dir='ltr'>innoa</span> <span class='ocrx_word' id='word_1_182' title='bbox 864 3346 924 3393; x_wconf 71' lang='lat' dir='ltr'>riam</span> <span class='ocrx_word' id='word_1_183' title='bbox 936 3345 1041 3410; x_wconf 83' lang='lat' dir='ltr'>reipubl.</span> <span class='ocrx_word' id='word_1_184' title='bbox 1053 3344 1173 3392; x_wconf 76' lang='lat' dir='ltr'>nutricem</span> <span class='ocrx_word' id='word_1_185' title='bbox 1182 3343 1261 3408; x_wconf 64' lang='lat' dir='ltr'>plenu</span> <span class='ocrx_word' id='word_1_186' title='bbox 1268 3356 1376 3390; x_wconf 69' lang='lat' dir='ltr'>romane</span> 
     </span>
     <span class='ocr_line' id='line_1_28' title="bbox 312 3415 1376 3484; baseline 0.002 -17"><span class='ocrx_word' id='word_1_187' title='bbox 312 3415 424 3467; x_wconf 72' lang='lat' dir='ltr'>centibus</span> <span class='ocrx_word' id='word_1_188' title='bbox 432 3417 527 3466; x_wconf 81' lang='lat' dir='ltr'>involvi</span> <span class='ocrx_word' id='word_1_189' title='bbox 539 3420 662 3484; x_wconf 76' lang='lat' dir='ltr'>supplicio</span> <span class='ocrx_word' id='word_1_190' title='bbox 671 3455 679 3481; x_wconf 82' lang='lat'>‚</span> <span class='ocrx_word' id='word_1_191' title='bbox 687 3430 716 3468; x_wconf 81' lang='lat' dir='ltr'>ut</span> <span class='ocrx_word' id='word_1_192' title='bbox 728 3432 771 3469; x_wconf 75' lang='lat' dir='ltr'>tuo</span> <span class='ocrx_word' id='word_1_193' title='bbox 782 3424 821 3483; x_wconf 73' lang='lat' dir='ltr'>in·</span> <span class='ocrx_word' id='word_1_194' title='bbox 865 3424 972 3473; x_wconf 74' lang='lat' dir='ltr'>stetim</span> <span class='ocrx_word' id='word_1_195' title='bbox 984 3424 1045 3472; x_wconf 74' lang='lat' dir='ltr'>Crto</span> <span class='ocrx_word' id='word_1_196' title='bbox 1056 3421 1206 3470; x_wconf 74' lang='lat' dir='ltr'>nomtmbn.</span> <span class='ocrx_word' id='word_1_197' title='bbox 1215 3422 1288 3470; x_wconf 71' lang='lat' dir='ltr'>Verrt</span> <span class='ocrx_word' id='word_1_198' title='bbox 1302 3418 1341 3477; x_wconf 85' lang='lat'>11,</span> <span class='ocrx_word' id='word_1_199' title='bbox 1351 3436 1376 3469; x_wconf 67' lang='grc' dir='ltr'>ι.</span> 
     </span>
     <span class='ocr_line' id='line_1_29' title="bbox 314 3501 1377 3568; baseline -0.001 -17"><span class='ocrx_word' id='word_1_200' title='bbox 314 3502 380 3551; x_wconf 79' lang='lat' dir='ltr'>dleio</span> <span class='ocrx_word' id='word_1_201' title='bbox 391 3501 517 3562; x_wconf 65' lang='lat' dir='ltr'>annum,</span> <span class='ocrx_word' id='word_1_202' title='bbox 536 3513 560 3550; x_wconf 88' lang='lat' dir='ltr'>et</span> <span class='ocrx_word' id='word_1_203' title='bbox 578 3514 664 3552; x_wconf 71' lang='lat' dir='ltr'>contre</span> <span class='ocrx_word' id='word_1_204' title='bbox 675 3515 700 3553; x_wconf 87' lang='lat' dir='ltr'>te</span> <span class='ocrx_word' id='word_1_205' title='bbox 707 3505 822 3554; x_wconf 76' lang='lat' dir='ltr'>testimo·</span> <span class='ocrx_word' id='word_1_206' title='bbox 901 3520 926 3553; x_wconf 73' lang='lat' dir='ltr'>n.</span> <span class='ocrx_word' id='word_1_207' title='bbox 938 3503 1129 3568; x_wconf 64' lang='lat' dir='ltr'>Aperantiam,</span> <span class='ocrx_word' id='word_1_208' title='bbox 1146 3516 1197 3568; x_wconf 77' lang='lat' dir='ltr'>spe.</span> <span class='ocrx_word' id='word_1_209' title='bbox 1215 3502 1245 3550; x_wconf 84' lang='lat' dir='ltr'>Id</span> <span class='ocrx_word' id='word_1_210' title='bbox 1259 3513 1312 3560; x_wconf 72' lang='lat' dir='ltr'>ert,</span> <span class='ocrx_word' id='word_1_211' title='bbox 1322 3516 1377 3564; x_wconf 64' lang='grc' dir='ltr'>ιρι»</span> 
     </span>
     <span class='ocr_line' id='line_1_30' title="bbox 314 3581 1380 3641; baseline -0.004 -9"><span class='ocrx_word' id='word_1_212' title='bbox 314 3583 382 3632; x_wconf 76' lang='lat' dir='ltr'>nium</span> <span class='ocrx_word' id='word_1_213' title='bbox 393 3582 511 3630; x_wconf 80' lang='lat' dir='ltr'>dicerent.</span> <span class='ocrx_word' id='word_1_214' title='bbox 866 3582 974 3631; x_wconf 72' lang='lat' dir='ltr'>untione</span> <span class='ocrx_word' id='word_1_215' title='bbox 986 3584 1052 3641; x_wconf 75' lang='lat' dir='ltr'>forn,</span> <span class='ocrx_word' id='word_1_216' title='bbox 1065 3592 1095 3630; x_wconf 83' lang='lat' dir='ltr'>ut</span> <span class='ocrx_word' id='word_1_217' title='bbox 1105 3581 1243 3630; x_wconf 71' lang='lat' dir='ltr'>libertatem</span> <span class='ocrx_word' id='word_1_218' title='bbox 1254 3596 1321 3629; x_wconf 82' lang='lat' dir='ltr'>rnrm</span> <span class='ocrx_word' id='word_1_219' title='bbox 1331 3581 1380 3628; x_wconf 80' lang='lat' dir='ltr'>rub</span> 
     </span>
    </p>

    <p class='ocr_par' dir='ltr' id='par_1_7' title="bbox 315 3660 1381 3883">
     <span class='ocr_line' id='line_1_31' title="bbox 350 3660 1379 3730; baseline -0.003 -20"><span class='ocrx_word' id='word_1_220' title='bbox 350 3678 374 3728; x_wconf 87' lang='lat'>7.</span> <span class='ocrx_word' id='word_1_221' title='bbox 399 3660 567 3727; x_wconf 62' lang='lat' dir='ltr'>stampinse</span> <span class='ocrx_word' id='word_1_222' title='bbox 592 3660 751 3730; x_wconf 67' lang='lat' dir='ltr'>Phalargns..</span> <span class='ocrx_word' id='word_1_223' title='bbox 773 3664 824 3725; x_wconf 81' lang='lat' dir='ltr'>Qut</span> <span class='ocrx_word' id='word_1_224' title='bbox 867 3661 970 3724; x_wconf 81' lang='lat' dir='ltr'>imperio</span> <span class='ocrx_word' id='word_1_225' title='bbox 995 3671 1081 3709; x_wconf 74' lang='lat' dir='ltr'>nostro</span> <span class='ocrx_word' id='word_1_226' title='bbox 1109 3662 1250 3710; x_wconf 75' lang='lat' dir='ltr'>retinerent.</span> <span class='ocrx_word' id='word_1_227' title='bbox 1272 3661 1335 3708; x_wconf 73' lang='lat' dir='ltr'>Nam</span> <span class='ocrx_word' id='word_1_228' title='bbox 1359 3661 1379 3707; x_wconf 75' lang='lat' dir='ltr'>si</span> 
     </span>
     <span class='ocr_line' id='line_1_32' title="bbox 315 3739 1380 3807; baseline -0.002 -18"><span class='ocrx_word' id='word_1_229' title='bbox 315 3743 443 3805; x_wconf 78' lang='lat' dir='ltr'>pecuniam</span> <span class='ocrx_word' id='word_1_230' title='bbox 468 3740 616 3790; x_wconf 76' lang='lat' dir='ltr'>Timrchidi</span> <span class='ocrx_word' id='word_1_231' title='bbox 646 3742 679 3790; x_wconf 85' lang='lat' dir='ltr'>ob</span> <span class='ocrx_word' id='word_1_232' title='bbox 702 3743 824 3807; x_wconf 59' lang='grc' dir='ltr'>νίψω</span> <span class='ocrx_word' id='word_1_233' title='bbox 868 3749 945 3787; x_wconf 72' lang='lat' dir='ltr'>tantu</span> <span class='ocrx_word' id='word_1_234' title='bbox 964 3739 1046 3788; x_wconf 78' lang='lat' dir='ltr'>liberis</span> <span class='ocrx_word' id='word_1_235' title='bbox 1065 3742 1115 3788; x_wconf 78' lang='lat' dir='ltr'>mir</span> <span class='ocrx_word' id='word_1_236' title='bbox 1134 3739 1282 3788; x_wconf 66' lang='lat' dir='ltr'>cuminus</span> <span class='ocrx_word' id='word_1_237' title='bbox 1294 3740 1380 3803; x_wconf 75' lang='lat' dir='ltr'>provi·</span> 
     </span>
     <span class='ocr_line' id='line_1_33' title="bbox 317 3818 1381 3883; baseline -0.004 -14"><span class='ocrx_word' id='word_1_238' title='bbox 317 3832 407 3869; x_wconf 86' lang='lat' dir='ltr'>metum</span> <span class='ocrx_word' id='word_1_239' title='bbox 419 3821 587 3869; x_wconf 75' lang='lat' dir='ltr'>dinumeravit.</span> <span class='ocrx_word' id='word_1_240' title='bbox 868 3819 971 3877; x_wconf 60' lang='lat' dir='ltr'>diflert,</span> <span class='ocrx_word' id='word_1_241' title='bbox 981 3836 1034 3870; x_wconf 89' lang='lat' dir='ltr'>non</span> <span class='ocrx_word' id='word_1_242' title='bbox 1045 3835 1087 3869; x_wconf 81' lang='lat' dir='ltr'>eos</span> <span class='ocrx_word' id='word_1_243' title='bbox 1096 3819 1269 3883; x_wconf 67' lang='lat' dir='ltr'>susceptarum</span> <span class='ocrx_word' id='word_1_244' title='bbox 1284 3818 1327 3866; x_wconf 81' lang='lat' dir='ltr'>red</span> <span class='ocrx_word' id='word_1_245' title='bbox 1340 3832 1381 3865; x_wconf 70' lang='lat' dir='ltr'>re⁴</span> 
     </span>
    </p>

    <p class='ocr_par' dir='ltr' id='par_1_8' title="bbox 316 3897 1381 4041">
     <span class='ocr_line' id='line_1_34' title="bbox 351 3897 1381 3963; baseline -0.006 -15"><span class='ocrx_word' id='word_1_246' title='bbox 351 3897 376 3949; x_wconf 84' lang='lat'>8.</span> <span class='ocrx_word' id='word_1_247' title='bbox 390 3900 558 3949; x_wconf 75' lang='lat' dir='ltr'>Herbitensem.</span> <span class='ocrx_word' id='word_1_248' title='bbox 572 3899 725 3949; x_wconf 74' lang='lat' dir='ltr'>Eubulidam.</span> <span class='ocrx_word' id='word_1_249' title='bbox 734 3902 825 3948; x_wconf 79' lang='lat' dir='ltr'>-He·</span> <span class='ocrx_word' id='word_1_250' title='bbox 868 3910 925 3946; x_wconf 77' lang='lat' dir='ltr'>cene</span> <span class='ocrx_word' id='word_1_251' title='bbox 935 3901 1076 3949; x_wconf 76' lang='lat' dir='ltr'>nrtorferis</span> <span class='ocrx_word' id='word_1_252' title='bbox 1085 3897 1381 3963; x_wconf 59' lang='lat' dir='ltr'>mantuanensium</span> 
     </span>
     <span class='ocr_line' id='line_1_35' title="bbox 316 3976 1381 4041; baseline 0 -18"><span class='ocrx_word' id='word_1_253' title='bbox 316 3978 465 4025; x_wconf 69' lang='lat' dir='ltr'>rectionem.</span> <span class='ocrx_word' id='word_1_254' title='bbox 478 3981 587 4028; x_wconf 78' lang='lat' dir='ltr'>Furium.</span> <span class='ocrx_word' id='word_1_255' title='bbox 867 3990 935 4041; x_wconf 71' lang='lat' dir='ltr'>spem</span> <span class='ocrx_word' id='word_1_256' title='bbox 946 3986 1068 4028; x_wconf 72' lang='lat' dir='ltr'>tantorum</span> <span class='ocrx_word' id='word_1_257' title='bbox 1077 3979 1196 4026; x_wconf 76' lang='lat' dir='ltr'>mtinrnm</span> <span class='ocrx_word' id='word_1_258' title='bbox 1204 3976 1381 4024; x_wconf 75' lang='lat' dir='ltr'>adolescerent.</span> 
     </span>
    </p>

    <p class='ocr_par' dir='ltr' id='par_1_9' title="bbox 317 4052 1383 4200">
     <span class='ocr_line' id='line_1_36' title="bbox 352 4052 1382 4106; baseline -0.002 -4"><span class='ocrx_word' id='word_1_259' title='bbox 352 4056 454 4102; x_wconf 79' lang='lat' dir='ltr'>xtvn.</span> <span class='ocrx_word' id='word_1_260' title='bbox 470 4072 492 4102; x_wconf 88' lang='lat' dir='ltr'>r.</span> <span class='ocrx_word' id='word_1_261' title='bbox 512 4059 639 4105; x_wconf 78' lang='lat' dir='ltr'>Alnmnos.</span> <span class='ocrx_word' id='word_1_262' title='bbox 652 4060 754 4106; x_wconf 74' lang='lat' dir='ltr'>Vererer</span> <span class='ocrx_word' id='word_1_263' title='bbox 764 4054 826 4104; x_wconf 74' lang='lat' dir='ltr'>edit:</span> <span class='ocrx_word' id='word_1_264' title='bbox 904 4058 928 4106; x_wconf 80' lang='lat'>3.</span> <span class='ocrx_word' id='word_1_265' title='bbox 943 4060 1002 4106; x_wconf 52' lang='lat' dir='ltr'>Ense</span> <span class='ocrx_word' id='word_1_266' title='bbox 1011 4069 1124 4105; x_wconf 72' lang='lat' dir='ltr'>servator.</span> <span class='ocrx_word' id='word_1_267' title='bbox 1133 4056 1243 4105; x_wconf 75' lang='lat' dir='ltr'>subaud.</span> <span class='ocrx_word' id='word_1_268' title='bbox 1252 4052 1382 4102; x_wconf 77' lang='lat' dir='ltr'>serendum</span> 
     </span>
     <span class='ocr_line' id='line_1_37' title="bbox 317 4133 1383 4200; baseline -0.001 -19"><span class='ocrx_word' id='word_1_269' title='bbox 317 4133 399 4195; x_wconf 75' lang='lat' dir='ltr'>cujac.</span> <span class='ocrx_word' id='word_1_270' title='bbox 411 4134 472 4195; x_wconf 72' lang='lat' dir='ltr'>Reg.</span> <span class='ocrx_word' id='word_1_271' title='bbox 484 4145 508 4181; x_wconf 84' lang='lat' dir='ltr'>et</span> <span class='ocrx_word' id='word_1_272' title='bbox 522 4136 616 4182; x_wconf 66' lang='lat' dir='ltr'>Fundi</span> <span class='ocrx_word' id='word_1_273' title='bbox 626 4134 670 4184; x_wconf 72' lang='lat' dir='ltr'>m».</span> <span class='ocrx_word' id='word_1_274' title='bbox 681 4136 772 4183; x_wconf 67' lang='lat' dir='ltr'>hebent</span> <span class='ocrx_word' id='word_1_275' title='bbox 784 4148 825 4181; x_wconf 75' lang='lat' dir='ltr'>co·</span> <span class='ocrx_word' id='word_1_276' title='bbox 868 4142 918 4194; x_wconf 71' lang='lat' dir='ltr'>en,</span> <span class='ocrx_word' id='word_1_277' title='bbox 937 4137 975 4185; x_wconf 79' lang='lat' dir='ltr'>rei</span> <span class='ocrx_word' id='word_1_278' title='bbox 989 4136 1089 4200; x_wconf 82' lang='lat' dir='ltr'>riiqnod</span> <span class='ocrx_word' id='word_1_279' title='bbox 1111 4134 1178 4185; x_wconf 69' lang='lat' dir='ltr'>alind</span> <span class='ocrx_word' id='word_1_280' title='bbox 1196 4134 1300 4184; x_wconf 80' lang='lat' dir='ltr'>verbnm</span> <span class='ocrx_word' id='word_1_281' title='bbox 1315 4133 1383 4194; x_wconf 73' lang='lat' dir='ltr'>eius-</span> 
     </span>
    </p>
   </div>
   <div class='ocr_carea' id='block_1_4' title="bbox 0 0 1602 4780">
    <p class='ocr_par' dir='ltr' id='par_1_10' title="bbox 0 0 1602 4780">
     <span class='ocr_line' id='line_1_38' title="bbox 0 0 1602 4780; baseline 0 0"><span class='ocrx_word' id='word_1_282' title='bbox 0 0 1602 4780; x_wconf 95' lang='lat' dir='ltr'> </span> 
     </span>
    </p>
   </div>
  </div>
 </body>
</html>
