3116 4774
364 420 434 493 500
510 446 514 461 ⁴
681 417 729 483 Μ.
755 416 793 483 Τ.
820 411 1096 482 CICERONIS

364 542 470 612 certis
492 536 578 608 locis
603 556 687 605 cum
711 531 808 603 [erro
828 530 993 601 homines
1011 528 1198 614 collocati,
1218 524 1283 596 ubi
1301 526 1439 607 minas,

363 647 523 748 pericula
548 659 777 739 terroresque
809 641 959 725 mortis,
980 637 1044 708 ibi
1079 638 1149 717 vim
1182 659 1258 705 non
1292 633 1440 729 fuisse?

364 764 501 845 Nemo,
523 754 660 851 inquit,
678 751 816 823 occisus
837 764 909 835 est,
931 772 1051 844 neque
1068 747 1301 819 sauciatus11.
1328 742 1437 833 Quid

365 868 437 939 ais?
455 888 570 963 quum
590 863 634 934 de
656 859 889 958 possessionis
909 860 1168 940 controversia,
1193 868 1230 926 et
1247 852 1292 923 de
1307 853 1437 949 priva·

333 972 337 979 ’
364 992 488 1047 torum
507 973 697 1044 hominum
718 970 952 1040 contentione
967 965 1060 1061 juris
1079 966 1282 1062 loquamur,
1297 977 1339 1033 tu
1355 963 1436 1032 vim

366 1082 515 1182 negabis
527 1105 603 1154 esse
620 1080 765 1163 factam,
783 1078 813 1148 si
826 1074 939 1147 caedes
953 1089 990 1145 et
1000 1074 1130 1145 occisio
1144 1070 1234 1143 facta
1248 1096 1325 1142 non
1339 1071 1435 1142 erit?

365 1201 441 1292 Ego
465 1194 641 1264 exercitus
662 1189 853 1273 maximos,
876 1208 968 1282 saepe
991 1183 1115 1281 pulsos
1132 1197 1168 1254 et
1188 1180 1331 1281 fugatos
1350 1205 1435 1253 esse

367 1303 470 1389 dico,
496 1316 634 1373 terrore
658 1299 738 1394 ipso
767 1296 979 1393 impetuque
1003 1293 1185 1381 hostium,
1208 1295 1287 1363 sine
1305 1291 1436 1385 cujus·

367 1434 477 1508 quam
496 1432 572 1478 non
590 1405 700 1477 modo
720 1419 854 1491 morte,
872 1427 999 1474 verum
1018 1403 1124 1474 etiam
1142 1402 1301 1474 vulnere.

417 1522 493 1588 XV.
518 1517 681 1603 Etenim,
704 1527 993 1612 recuperatores,
1018 1538 1095 1584 non
1122 1537 1162 1584 ea
1184 1513 1260 1583 sola
1277 1515 1330 1583 vis
1354 1526 1434 1597 est,

369 1651 449 1726 quae
461 1624 507 1702 ad
520 1649 654 1722 corpus
672 1638 836 1695 nostrum
850 1625 1033 1719 vitamque
1047 1623 1226 1720 pervenit;
1241 1620 1304 1692 sed
1320 1623 1432 1692 etiam

368 1736 484 1807 multo
504 1735 701 1830 majorca,
724 1759 825 1829 quae,
846 1731 1008 1828 periculo
1031 1732 1156 1803 mortis
1177 1732 1330 1825 injecto,
1354 1728 1433 1801 sor·

368 1844 505 1916 midine
527 1845 689 1914 animum
712 1841 965 1939 perterritum,
990 1840 1070 1911 loco
1095 1865 1187 1938 saepe
1211 1854 1248 1910 et
1265 1855 1366 1911 certo
1384 1839 1440 1911 de.

370 1968 464 2026 statu
485 1954 685 2025 demovet1.
707 1956 835 2046 Itaque
860 1950 969 2020 saucii
994 1972 1088 2047 saepe
1114 1950 1295 2035 homines,
1314 1975 1433 2046 quum

370 2086 522 2160 corpore
541 2058 787 2147 debilitentur,
808 2061 929 2159 animo
948 2071 1069 2128 tamen
1088 2083 1165 2129 non
1182 2060 1315 2132 cedunt
1323 2070 1350 2147 ²,
1368 2085 1434 2131 ne·

370 2201 443 2273 que
464 2199 548 2245 eum
573 2171 786 2267 relinquunt
804 2169 944 2255 locum,
966 2193 1076 2265 quern
1094 2172 1284 2241 statuerint
1305 2168 1434 2242 defen-

371 2285 477 2371 dere,
503 2298 539 2355 et
561 2283 620 2353 alii
645 2280 831 2378 pelluntur
852 2280 1006 2374 integri:
1029 2294 1070 2349 ut
1092 2302 1168 2349 uon
1192 2277 1345 2351 dubium
1363 2282 1433 2367 sit,

371 2395 460 2491 quin
480 2390 596 2484 major
614 2388 841 2460 adhibita'vis
859 2389 893 2481 qi
915 2388 979 2471 sit,
998 2387 1102 2481 cujus
1120 2394 1261 2460 animus
1280 2389 1325 2460 sit
1345 2413 1433 2485 per·
1527 2420 1528 2423 ¹

369 2502 538 2584 territus,
572 2519 680 2592 quam
711 2494 781 2580 ilii,
812 2497 916 2590 cujus
948 2520 1081 2593 corpus
1115 2498 1339 2568 vulneratum
1369 2501 1431 2567 sit.
1527 2498 1528 2501 ’

372 2607 479 2700 Quod
507 2606 537 2675 si
559 2606 596 2674 vi
625 2603 749 2700 pulsos
776 2603 928 2676 dicimus
950 2607 1136 2707 ¹exercitus
1164 2630 1240 2678 esse
1260 2629 1339 2691 eos,
1363 2609 1434 2701 qui

373 2728 473 2786 metu
489 2736 530 2784 ac
548 2713 650 2785 tenui
667 2737 759 2810 saepe
779 2716 982 2810 suspicione
1003 2713 1153 2812 periculi
1171 2713 1355 2812 fugerunt,
1374 2729 1432 2803 et,
1527 2716 1528 2723 ’

372 2827 401 2895 si
417 2849 495 2896 non
509 2821 626 2895 solum
640 2821 800 2919 impulsu
812 2837 1016 2911 scutorum,
1035 2848 1155 2919 neque
1170 2823 1341 2895 conflictu
1354 2849 1435 2896 cor-

373 2954 524 3035 porum,
543 2955 663 3027 neque
680 2933 752 3001 ictu
769 2931 950 3017 cominus,
968 2955 1089 3029 neque
1103 2933 1328 3026 conjectione
1343 2933 1434 3004 teio-

373 3159 463 3206 Nonns
477 3152 542 3201 idem
560 3150 678 3215 signifiat
692 3152 770 3217 quod,
790 3164 818 3202 ut
834 3153 879 3201 ha·
924 3182 960 3193 -
972 3156 1108 3205 Sauciatus.
1127 3157 1167 3205 Sic
1185 3155 1262 3205 edidit
1278 3158 1373 3206 liment.
1386 3174 1434 3222 pro

373 3231 609 3285 bentsddomnes?
622 3232 880 3280 Hortomannumvcro
923 3233 1031 3291 saucius,
1052 3233 1119 3298 quod
1141 3244 1223 3283 nutum
1248 3245 1318 3300 putat
1338 3252 1435 3285 soom·

375 3322 535 3358 transversum
547 3307 597 3371 ugit
609 3308 708 3355 scientia
720 3308 796 3369 juris,
812 3319 880 3357 utne
924 3312 1015 3376 pendio
1025 3314 1158 3378 scripturae.
1167 3314 1184 3361 J
1186 3313 1228 3361 N.
1238 3315 1267 3363 L.

375 3388 457 3437 Tullio
475 3384 572 3450 quidem
593 3384 686 3444 credat,
704 3387 827 3435 AEbntium
846 3386 882 3437 di·
959 3392 1017 3440 Π.
1031 3408 1053 3439 ι.
1069 3395 1311 3454 Looosaepretcerto
1323 3391 1434 3442 donau
1525 3394 1526 3397 ’

375 3471 452 3527 gius,
464 3478 556 3513 «nemo
565 3464 661 3512 occisus
672 3474 723 3524 cst,
736 3480 815 3528 neque
823 3482 879 3514 siu·
924 3467 1038 3517 demovet.
1048 3469 1108 3519 Vid.
1123 3472 1245 3518 Excurm
1256 3473 1315 3519 vul
1335 3470 1366 3518 td
1382 3473 1436 3521 ccl·

374 3550 467 3597 etun:
490 3544 534 3591 cni
551 3553 617 3590 certe
638 3543 727 3590 rationi
750 3543 799 3591 hoc
822 3544 880 3594 loeo
923 3562 975 3594 cem
987 3545 1060 3606 hujus
1070 3550 1197 3597 orationis.

374 3623 545 3691 respondetur.
551 3620 615 3669 Vide
628 3621 660 3669 ad
673 3637 726 3685 cap.
738 3621 780 3670 31.
795 3624 862 3673 Gn.
960 3639 984 3671 π.
997 3625 1076 3688 Quum
1090 3642 1193 3691 corpore
1208 3626 1369 3684 debilitantur,
1378 3630 1436 3677 oni·

412 3718 453 3752 ιι.
463 3703 557 3760 Nemo,
568 3698 660 3763 inquit,
674 3698 766 3747 occisus
775 3713 825 3760 est,
839 3717 881 3749 ne·
924 3717 963 3748 mo
976 3714 1057 3751 tamen
1069 3721 1119 3753 non
1130 3706 1225 3755 redime.
1235 3707 1351 3768 Quamvis
1360 3722 1435 3771 grivo

375 3780 533 3846 quamius.
545 3778 681 3828 Tumenim
690 3789 732 3826 unt
740 3778 882 3840 injuriarum
925 3778 1013 3829 vulnus
1024 3795 1181 3846 acceperunt,
1194 3785 1244 3832 vim
1258 3795 1337 3832 tamen
1349 3796 1374 3833 et
1387 3788 1435 3836 fon

374 3862 439 3909 ectio
452 3862 562 3919 matur,
575 3869 618 3907 rut
631 3859 735 3922 questio
755 3857 786 3906 de
802 3863 826 3906 vi
839 3875 882 3923 pu·
925 3859 1054 3908 titudinem
1063 3863 1175 3911 retinent.
1182 3863 1208 3911 Si
1221 3863 1328 3910 ricemer
1339 3874 1435 3917 tuntum

375 3936 438 3984 blica
451 3937 625 3986 decernentur.
640 3940 720 3986 Locus
736 3947 815 3985 antem
830 3952 883 3984 non
925 3939 953 3985 ln
966 3954 1069 4003 corpore
1084 3939 1225 4004 debilitato,
1245 3956 1348 4005 corporo
1361 3944 1435 3991 cede-

375 4023 411 4058 est
419 4013 471 4060 istis
480 4014 629 4071 actionibus,
648 4015 697 4066 nisi
708 4030 784 4077 quum
800 4029 838 4061 res
851 4013 881 4061 ud
926 4027 981 4064 rent
994 4033 1077 4066 omnes
1090 4020 1194 4081 urgenti⁴
1203 4020 1237 4068 At
1249 4031 1340 4068 contru.
1355 4022 1437 4086 igitur

375 4102 459 4135 manns
477 4100 501 4136 ct
517 4090 547 4139 ed
564 4105 670 4154 pugnam
683 4093 786 4139 venerit.
801 4092 881 4139 lior-r.
926 4094 963 4141 vis
976 4097 1053 4144 omnis
1068 4096 1094 4144 in
1107 4100 1188 4146 auimo
1201 4101 1354 4148 esann.
