3176 4770
366 410 420 482 ru
443 410 658 480 vesunu
682 410 789 481 scr.
812 411 869 499 11,
893 412 987 482 mn.
1012 412 1086 482 111.
1190 374 1259 485 155'

115 590 119 597 .
195 532 334 603 vaserit.
347 532 532 603 sustinere
545 529 620 624 jam
637 531 795 629 populus
816 555 988 603 romanus
1008 535 1172 605 omnium
1192 559 1257 605 na·

197 646 339 713 tionum
351 667 425 713 non
440 643 531 727 vim,
545 666 621 712 uon
636 667 752 729 arma,
764 668 840 714 non
853 642 1010 732 bellum,
1025 644 1088 714 sed
1101 645 1257 730 luctum,

198 749 387 848 lacrymas,
407 753 652 849 querimonias
668 777 744 823 non
762 767 894 850 potest.
912 758 952 825 In
971 753 1204 848 ejusmodire
1218 779 1260 827 ac

198 860 396 949 moribus³‚
414 865 443 933 si
459 866 506 949 is,
524 865 588 959 qui
605 865 675 933 erit
692 862 868 934 adductus
882 863 919 932 in
931 860 1127 957 judicium,
1146 888 1260 958 quum

199 970 395 1043 manifestis
420 973 458 1045 in
485 971 625 1068 flagitiis
651 971 853 1059 tenebitur,
878 970 965 1042 alios
987 969 1112 1043 eadem
1135 968 1261 1043 iecisse
1318 1004 1320 1013 ,

133 1110 142 1123 ⁸
198 1079 313 1168 dicet,
340 1079 392 1150 illi
422 1081 586 1177 exempla
614 1105 689 1152 non
721 1081 893 1168 deerunt3
934 1079 1141 1177 reipublice
1168 1081 1262 1152 salus

198 1188 335 1277 deerit,
356 1194 386 1261 si
411 1189 663 1288 improborum
691 1191 865 1289 exemplis
886 1189 1043 1288 improbi
1063 1190 1201 1286 judicio
1220 1215 1262 1263 ac

199 1300 359 1396 periculo
380 1297 643 1372 iiberabuntur.
662 1300 809 1373 Placent
823 1301 928 1373 vobis
948 1301 1164 1373 hominnmi
1181 1324 1262 1373 mo·

198 1410 281 1481 resi
301 1409 419 1507 placet
438 1411 487 1480 ita
507 1412 582 1506 geri
600 1414 846 1507 magistratus„
863 1425 906 1481 ut
924 1411 1126 1509 geruntur?
1145 1409 1264 1509 placet

200 1519 317 1588 socios
335 1519 386 1588 sic
404 1522 564 1603 tractari,
581 1517 683 1614 quod
700 1534 810 1591 restat
820 1515 847 1607 ⁵,
866 1535 908 1591 ut
922 1544 987 1617 per
1004 1520 1080 1591 haec
1100 1533 1264 1618 tempora

200 1636 371 1698 tractatos
387 1625 538 1698 videtis?
555 1632 629 1698 Cur
649 1627 724 1699 haec
746 1653 767 1699 a
783 1653 841 1699 mc
858 1626 992 1727 opera⁶
1013 1630 1263 1700 consumitur?

201 1734 292 1834 quid
312 1734 490 1808 sedetis7?
510 1762 575 1808 eur
596 1763 672 1809 non
693 1742 731 1809 in
752 1738 868 1810 media
889 1742 1051 1812 oratione
1072 1765 1153 1812 mea
1173 1762 1262 1813 con.-

201 1847 345 1943 surgitis
363 1861 472 1943 atque
491 1846 693 1919 disceditis?
710 1848 827 1920 Vultis
843 1864 963 1921 autem
982 1851 1135 1921 istorum
1152 1848 1263 1922 auda·

200 1959 273 2027 cias
297 1981 339 2027 ac
360 1955 528 2028 libidines
553 1958 674 2054 aliqua
698 1982 743 2029 ex
767 1973 868 2058 parte
895 1962 1079 2032 resecare?
1101 1962 1263 2032 Desinite

202 2065 389 2153 dubitare,
405 2081 529 2138 utrum
545 2069 745 2155 sitatibus,
760 2084 910 2167 propter
928 2070 1063 2142 multos
1076 2069 1264 2166 improbos

200 2178 264 2247 uni
286 2201 455 2273 parcere,
477 2203 521 2248 an
543 2178 652 2249 unius
677 2177 835 2276 improbi
859 2180 1035 2277 supplicio
1063 2178 1262 2249 multorum

201 2284 467 2384 improbitatem
487 2312 663 2359 coercere.
682 2289 837 2359 Tametsi
856 2313 937 2386 quae
954 2292 1022 2360 ista
1039 2303 1124 2360 sunt
1139 2313 1261 2360 exem-

201 2396 259 2494 pla
278 2394 529 2467 multorum⁸?
547 2422 630 2467 nam
652 2422 767 2495 quum
784 2401 822 2468 in
838 2422 946 2470 causa
963 2412 1079 2486 tanta,
1097 2420 1211 2496 quum
1225 2401 1262 2468 in

201 2508 351 2578 crimine
372 2509 528 2578 maximo
547 2507 616 2579 dici
635 2532 655 2578 a
674 2504 864 2581 defensore
886 2525 1046 2607 coeptum
1071 2524 1141 2599 est,
1159 2504 1261 2581 sacti·
1317 2548 1321 2557 ·

202 2626 317 2688 tatum
332 2642 408 2689 esse
422 2616 559 2714 aliquid
571 2645 581 2707 ;
596 2632 805 2716 exspectant
818 2619 863 2707 ii,
881 2620 946 2716 qui
960 2619 1129 2707 audiunt,
1143 2642 1262 2690 exem·

202 2726 261 2822 pia
272 2752 317 2797 ex
328 2742 449 2799 vetere
462 2726 636 2799 memoria
649 2743 686 2800 et
697 2730 941 2800 monumentis
953 2754 994 2800 ac
1005 2731 1140 2815 literis,
1156 2728 1263 2825 piena

203 2834 402 2931 diguitatis,
426 2837 533 2936 piena
556 2841 787 2937 antiquitatis.
811 2843 893 2910 Haec
916 2841 1040 2910 enims
1064 2837 1262 2936 plurimum

204 2944 321 3016 solent
345 2961 382 3018 et
405 2951 627 3020 auctoritatis
649 2948 784 3021 babere
807 2948 853 3021 ad
878 2947 1129 3048 probandum,
1154 2963 1189 3019 et
1204 2949 1264 3042 ju·

204 3054 397 3126 cunditatis
414 3055 459 3126 ad
477 3056 708 3130 audiendum.

251 3168 323 3239 XC.
346 3165 552 3239 Africanos¹
579 3169 686 3257 mihi,
708 3185 744 3242 et
762 3162 936 3259 Catonem
956 3185 993 3242 et
1013 3169 1139 3242 Laeiios
1161 3193 1262 3241 com·

239 3356 263 3406 3.
273 3359 303 3404 In
310 3355 431 3422 ejusmodi
438 3357 621 3407 reacmoribas.
630 3362 712 3423 Quum
792 3372 815 3416 7.
825 3353 892 3417 Quid
908 3353 1012 3402 sodoma
1022 3353 1073 3402 Cnr
1084 3351 1133 3401 hoe
1143 3353 1264 3414 indicium

203 3437 307 3484 eirimis
317 3452 398 3485 mores
410 3438 459 3485 sint
471 3438 524 3500 ejus
536 3439 620 3497 modi3
637 3454 713 3503 qunsn
754 3432 807 3497 lege
820 3432 903 3480 sociali
924 3433 1084 3480 constitutum
1097 3433 1229 3480 exercetis?

204 3525 270 3562 unte
278 3516 444 3565 sithominnus
451 3518 713 3583 nostrornminiqnim
791 3513 815 3559 8.
827 3511 952 3574 Exempla
966 3512 1106 3560 multorum.
1115 3511 1212 3573 Quibus
1224 3511 1262 3557 t'a·

204 3592 323 3642 etlibido.
755 3600 820 3639 otum
831 3607 901 3639 snum
920 3592 1007 3638 Verres
1020 3589 1138 3639 defendit.

240 3680 266 3727 t.
280 3672 419 3723 Hominum.
433 3675 587 3725 Nostrorum.
791 3684 817 3730 9.
834 3670 926 3717 Aberat
938 3668 1009 3717 enim.
1027 3669 1115 3717 Ecod.
1135 3667 1266 3716 Nannieno

240 3752 267 3800 6.
290 3753 364 3814 Quod
373 3764 453 3803 rassae,
470 3754 569 3801 scilieet
587 3754 613 3802 iu
629 3765 712 3818 pom.
757 3749 839 3795 θην.
849 3748 1008 3812 recuperetis.
1019 3749 1078 3795 Post
1087 3743 1267 3794 deleverathl-
1317 3760 1321 3767 ·

205 3845 269 3878 runs.
756 3826 812 3874 lem.
833 3826 971 3874 volentibus
984 3824 1058 3873 codd.
1069 3824 1130 3872 snis.
1149 3825 1211 3872 Gnm
1223 3826 1267 3873 Er-

241 3909 268 3957 e.
280 3907 417 3959 Crrkaeea
432 3926 470 3958 me
484 3926 567 3975 opera.
581 3911 631 3959 Cur
647 3910 713 3958 bnnc
757 3905 836 3954 nestio
849 3904 1006 3953 restitnimns.
1018 3905 1044 3952 J.
1059 3906 1090 3952 V.
1103 3906 1130 3951 b.

205 3986 310 4035 laborem
325 4006 357 4036 ex
375 3990 427 4054 lege
440 3991 551 4039 Cornelis
569 3990 713 4053 repetunda·
792 3985 847 4033 XC.
864 3999 887 4032 ῐ.
903 3980 1044 4046 Africanos.
1062 3984 1117 4031 Hos
1136 3993 1267 4046 utrumqne

206 4080 260 4113 nun
280 4068 408 4117 seenundi
420 4069 541 4133 suscipio,
560 4069 581 4115 si
600 4069 715 4117 nirnirnns
757 4063 896 4129 significat,
921 4078 1025 4128 qnorum
1055 4064 1128 4113 tentis
1154 4063 1269 4113 lendibus

205 4141 283 4204 piacet
297 4147 366 4194 vobis
378 4148 459 4195 socios
469 4149 504 4195 eie
517 4148 633 4196 tractari?
758 4145 818 4193 elata
831 4155 869 4194 est
880 4143 1041 4193 continentia.
1083 4134 1085 4137 ’
