3142 4774
328 395 371 467 16
547 354 550 359 ‘
642 395 690 461 Μ.
716 395 754 460 r.
782 395 1062 464 cronnours

321 517 473 589 utilitate
495 513 686 583 communi.
706 516 796 584 Nam
814 515 878 606 qui
893 509 961 580 sibi
976 510 1046 582 hoc
1061 515 1231 609 sumpsit,
1248 531 1289 586 ut
1302 532 1381 588 co'ra

322 627 414 722 rigat
439 645 558 693 mores
583 620 756 704 aliorum,
781 643 823 688 ac
848 634 996 716 peccata
1017 620 1278 717 reprehendat,
1302 631 1383 723 quis

322 735 408 804 huic
420 735 599 829 ignoscat,
618 732 647 801 si
664 753 738 824 qua
755 752 796 798 re
815 731 890 826 ipse
911 728 957 800 ab
974 726 1173 827 reiigione⁵
1190 731 1300 805 officii
1318 735 1381 807 de-

323 843 489 915 clinarit?
514 844 745 937 Quapropter
766 838 837 909 hoc
860 842 965 909 etiam
997 844 1108 937 magis
1137 840 1183 913 ab
1213 845 1383 917 omnibus

322 951 500 1049 ejusmodi
520 952 605 1021 civis
627 946 826 1018 laudandus
847 973 888 1019 ac
908 948 1110 1046 diligendus
1129 967 1200 1037 est,
1218 955 1283 1050 qui
1307 980 1382 1026 non

321 1064 439 1135 solum
459 1060 506 1131 ab
525 1055 735 1155 republica6
757 1059 871 1128 civem
887 1059 1098 1157 improbum
1118 1060 1299 1151 ¹removet,
1320 1090 1382 1136 ve·

320 1198 402 1243 rum
418 1172 527 1243 etiam
545 1191 583 1239 se
599 1168 718 1265 ipsum
736 1167 913 1262 ejusmodi
930 1167 1009 1240 fore
1026 1168 1219 1267 profitetur
1235 1197 1275 1243 ac
1290 1198 1382 1271 prae·

320 1296 406 1369 stat,
427 1293 470 1350 ut
488 1276 556 1349 sibi
578 1302 653 1347 non
676 1276 784 1347 modo
805 1282 991 1348 communi
1010 1278 1219 1350 voluntate⁷
1241 1283 1383 1352 virtutis

322 1406 430 1489 atque
451 1386 583 1474 officii,
606 1385 667 1458 sed
690 1386 797 1456 etiam
818 1401 860 1457 ut
878 1385 1034 1483 quadarn
1054 1389 1167 1485 magis
1185 1394 1383 1461 necessaria

320 1490 486 1571 ratione⁸
507 1511 604 1567 recte
625 1495 670 1566 sit
687 1495 913 1592 honesteque
931 1495 1136 1566 vivendum.
1154 1501 1280 1593 ltaque
1297 1498 1382 1584 hoc,

315 1609 472 1704 judices,
496 1632 541 1677 ex
559 1606 707 1676 homine
725 1605 919 1676 clarissimo
937 1619 1047 1702 atque
1066 1603 1380 1703 eloquentissimo,

318 1725 357 1789 L.
381 1723 508 1791 Crasso
518 1729 547 1802 9,
575 1740 668 1814 saepe
696 1715 860 1787 auditum
882 1731 951 1803 est,
973 1740 1097 1811 quum.
1112 1740 1150 1786 se
1172 1715 1306 1789 nullius
1327 1720 1383 1788 rei

320 1844 391 1898 tarn
408 1827 584 1924 poenitere
603 1824 881 1925 diceret‚⁴quam
899 1822 1000 1920 quod
1022 1828 1062 1895 C.
1083 1824 1288 1897 Carbonem
1302 1853 1381 1898 um·

317 1962 426 2036 quam
453 1937 492 2006 in
517 1933 694 2028 judicium
723 1933 949 2004 vocavisset:
978 1936 1097 2006 minus
1129 1937 1225 2006 enirn
1251 1935 1380 2009 liberas

316 2051 481 2120 omnium
507 2069 629 2116 rerum
656 2043 860 2113 voluntates
887 2042 1060 2132 habebat,
1088 2061 1124 2116 et
1147 2048 1255 2116 vitam
1278 2071 1380 2118 suam

317 2157 500 2256 pluribus,
520 2178 630 2251 quarn
645 2152 772 2241 vellet,
790 2152 974 2225 observari
992 2155 1106 2227 oculis
1124 2155 1377 2229 arbitrabatur.

316 2274 434 2363 Atque
447 2265 507 2335 ille
521 2263 576 2335 his
590 2262 761 2360 praesidiis
773 2264 908 2360 ingenii
920 2262 1185 2362 fortunreque¹⁰
1199 2269 1378 2355 munitus,

313 2392 437 2446 tamen
466 2372 534 2442 hac
562 2397 647 2442 cura
675 2373 941 2461 continebatur,
965 2400 1074 2472 quarn
1100 2375 1189 2465 sibi,
1213 2377 1378 2449 nondum

315 2481 529 2555 confirmato
557 2481 726 2569 consilio,
755 2482 818 2553 sed
842 2486 991 2555 ineunte
1013 2501 1136 2573 aetate,
1162 2482 1376 2587 susceperat.

312 2597 396 2685 Quo
414 2591 533 2661 minus
551 2595 657 2660 etiarn
678 2594 893 2688 perspicitur
906 2603 934 2636 ¹¹
956 2619 1082 2665 eorum
1103 2599 1216 2666 virtus
1234 2612 1270 2666 et
1288 2600 1377 2669 inte-

349 2775 373 2820 5.
391 2768 526 2836 Religion.
540 2768 657 2818 Officium
679 2769 747 2833 qnod
764 2769 821 2818 reli·
864 2783 890 2820 et
901 2773 1009 2821 Afficnni
1021 2772 1087 2821 necis
1100 2776 1181 2823 tocius
1194 2775 1292 2833 suisset,
1305 2791 1378 2825 accu-

313 2855 380 2917 gioee
394 2849 524 2900 colendum
538 2861 587 2911 cst,
597 2848 733 2898 violaverit.
748 2850 822 2896 Gara·
865 2851 935 2899 eavit.
956 2854 988 2899 Et
1004 2851 1046 2899 ille
1060 2868 1086 2901 se
1098 2868 1113 2899 a
1123 2852 1233 2914 judicum
1247 2853 1376 2902 severitate

313 2946 365 2982 ton.
378 2930 409 2978 sd
428 2928 558 2992 Philippic.
569 2929 609 2986 11,
624 2935 667 2986 to,
682 2930 751 2989 conj.
766 2944 823 2975 «re-
867 2939 944 2978 morte
959 2929 1093 2978 voluntaris
1109 2930 1251 2981 vindicavit.
1266 2932 1377 2981 Celebra-

314 3013 387 3074 gione
394 3031 415 3056 υ.
423 3006 498 3054 Male.
866 3018 917 3055 tnm
932 3009 979 3057 fnit
999 3008 1034 3056 rei
1046 3008 1165 3059 Carbonis
1184 3010 1233 3058 boc
1249 3011 1375 3076 publicum

346 3091 370 3136 6.
383 3087 424 3134 Sic
434 3083 506 3132 codd.
517 3083 643 3131 parisiens.
651 3084 821 3148 Olim,reipu·
862 3087 984 3149 judicium
993 3103 1082 3153 magno
1098 3089 1187 3154 populi
1206 3106 1338 3148 concursu,
1351 3102 1376 3138 et

312 3167 389 3215 blica.
403 3167 497 3212 &neat
507 3179 560 3209 non
570 3161 645 3210 habet
658 3184 671 3203 ι
680 3163 712 3209 ab
720 3185 741 3211 ι.
865 3166 975 3214 meminit
988 3168 1075 3215 Cicero
1089 3167 1199 3231 piurimis
1217 3169 1243 3215 in
1258 3168 1319 3216 locis
1332 3184 1376 3216 ac·

347 3262 371 3306 7.
396 3240 522 3292 Communi
538 3242 674 3289 uoluntate.
689 3242 726 3289 Eo
739 3243 820 3290 studio
865 3244 997 3293 cuntionis
1022 3244 1115 3307 buius,
1142 3248 1169 3292 in
1195 3260 1242 3309 qna
1268 3248 1375 3310 primum

308 3323 406 3373 virtutis
418 3333 492 3385 atqne
502 3317 593 3377 officii,
613 3320 681 3382 quod
693 3334 821 3369 commune
864 3325 892 3373 L.
911 3326 1012 3375 Crassus
1025 3322 1173 3385 eloquentiae
1191 3338 1292 3370 summu
1308 3322 1375 3371 dedit

310 3401 424 3451 omnibns
437 3412 481 3448 cst.
864 3403 1064 3466 experimentum.
1075 3401 1113 3448 cf.
1124 3398 1199 3447 indic.
1212 3400 1321 3450 historic.
1331 3404 1375 3449 Er-

344 3484 371 3531 8.
385 3479 466 3544 Magis
477 3478 615 3525 necessaria
628 3479 735 3527 ratione.
754 3479 817 3540 Quia
862 3492 900 3528 rat
921 3489 1001 3526 antem
1021 3488 1107 3525 auctor
1128 3476 1224 3542 Dialog.
1251 3479 1281 3527 de
1300 3475 1372 3529 Orat.

308 3561 355 3610 sssii
376 3559 439 3606 hanc
460 3557 577 3605 virtutum
601 3556 678 3620 legem
697 3558 817 3619 imponit,
863 3573 917 3620 cap.
928 3556 1105 3618 34,qninono
1114 3555 1210 3604 decim
1220 3560 1297 3607 aetafis
1307 3575 1373 3608 enno

306 3656 362 3704 qne
375 3637 441 3685 vitiis
454 3638 480 3682 in
493 3651 535 3682 reo
551 3634 669 3683 accusatis
687 3647 745 3684 snut
758 3651 818 3683 con·
861 3636 889 3683 L.
899 3636 1010 3684 erasum
1022 3648 1116 3682 cansam
1130 3635 1193 3684 hanc
1207 3638 1282 3700 egisse
1296 3638 1372 3700 dicit;

309 3719 396 3767 mrim.
862 3724 887 3761 et
905 3713 983 3761 multo
1003 3715 1079 3777 magis
1092 3715 1147 3763 Vel.
1161 3716 1294 3777 Maximus,
1311 3718 1370 3781 qni,

344 3816 368 3861 9.
383 3801 410 3845 t.
430 3797 524 3845 Crasso.
537 3799 650 3845 Summus
662 3795 703 3843 bic
716 3809 814 3853 orator,
861 3794 909 3852 III,
935 3809 960 3852 7,
983 3794 1017 3852 6,
1040 3792 1124 3840 scribit
1145 3794 1175 3842 C.
1198 3795 1335 3845 Carbonem
1356 3812 1370 3843 a

306 3892 384 3925 annos
396 3886 466 3923 natus
479 3875 702 3938 unumetriginti,
715 3874 816 3922 seditio-
860 3871 887 3919 L.
910 3871 996 3919 Crasso
1019 3871 1202 3939 demnttnmlet
1214 3874 1240 3920 in
1259 3874 1370 3922 exsilium

307 3957 426 4003 sissinium
442 3970 470 4001 ac
493 3954 715 4018 eloquentissimum
737 3953 816 4000 bomi-
860 3950 960 3998 missum
974 3949 1056 3998 fnisse.

306 4052 362 4084 nem
383 4033 412 4079 C.
432 4030 579 4087 Carbonem,
601 4034 671 4080 initio
691 4032 748 4078 anni
763 4031 815 4086 634
898 4045 937 4076 10.
951 4030 1070 4077 Fortuna.
1083 4027 1231 4078 Nobilitatis.

303 4110 447 4174 majestatie,
457 4109 524 4174 qnod
535 4110 682 4157 Gracchanae
689 4109 815 4158 seditionis
898 4124 938 4158 rr.
949 4108 1012 4156 Cod.
1023 4106 1116 4156 Meteil.
1129 4107 1277 4171 per-cipitur,⁹
1294 4108 1368 4159 codd.
