3186 4772
324 456 395 549 274
623 447 748 517 aar.
775 446 1068 516 crcuaours

322 575 463 646 Cereris
488 586 544 644 est
564 567 664 668 apud
690 568 918 656 Catineuses,
942 566 1067 639 eadem
1090 567 1287 666 religione,
1313 593 1383 665 qua

323 680 480 769 Romae³‚
496 705 569 778 qua
586 682 623 749 in
644 680 772 749 ceteris
792 677 902 765 locis,
916 702 989 774 qua
1006 702 1122 777 prope
1140 680 1178 749 in
1201 694 1280 750 toto
1295 679 1384 752 orbe

322 812 508 867 terrarum.
530 796 573 861 In
596 814 640 861 eo
664 790 818 860 sacrario
842 787 970 857 intimo
992 786 1060 859 suit
1083 789 1225 885 signum
1244 791 1384 861 Cereris

322 903 594 1003 perantiquum,
611 896 713 995 quod
728 897 813 984 viri,
835 920 912 967 non
932 897 1042 969 modo
1056 897 1259 994 cujusmodi
1272 913 1382 987 esset,

319 1015 383 1086 sed
402 1038 448 1084 ne
469 1035 544 1082 esse
565 1007 713 1106 quidem
735 1004 919 1078 sciebant:
936 1006 1053 1079 aditus
1074 1006 1193 1079 enimt
1213 1012 1250 1078 iu
1271 1009 1307 1078 id
1327 1033 1382 1080 sa-

319 1125 474 1194 crarium
493 1143 569 1190 non
588 1131 642 1189 est
658 1118 759 1201 viris;
780 1140 880 1187 sacra
899 1140 966 1212 per
984 1118 1151 1190 mulieres
1166 1142 1209 1190 ac
1227 1119 1382 1215 virgines

320 1233 450 1306 confici
466 1229 594 1301 solent.
615 1230 693 1297 Hoc
710 1228 852 1321 signum
874 1240 986 1297 noctu
1003 1227 1094 1298 clam
1107 1229 1209 1298 istius
1227 1229 1318 1297 servi
1337 1250 1382 1298 ex

319 1347 382 1418 illo
408 1342 674 1441 religiosissimo
701 1353 811 1437 atque
839 1339 1088 1436 antiquissimo
1118 1340 1202 1411 sano
1228 1338 1381 1411 sustule-

319 1468 416 1526 runt.
442 1450 616 1523 Postridie
640 1447 844 1520 sacerdotes
869 1449 1029 1537 Cereris,
1057 1464 1166 1546 atque
1193 1450 1289 1521 illius
1309 1447 1380 1520 fani

319 1563 503 1647 antistitae,
523 1560 675 1653 majores
689 1572 796 1644 natu,
812 1557 974 1654 probata
988 1582 1029 1630 ac
1043 1558 1183 1631 nobiles
1199 1559 1382 1647 mulieres,

319 1696 393 1742 rem
409 1671 455 1741 ad
473 1672 697 1766 magistratus
711 1692 795 1739 suos
809 1665 988 1738 deferunt.
1003 1668 1184 1741 Omnibus
1200 1669 1381 1757 acerbum,

319 1780 528 1878 indignum,
551 1779 757 1849 luctuosum
786 1775 944 1873 denique
973 1777 1172 1850 videbatur.
1203 1785 1298 1850 Tum
1317 1783 1383 1851 iste

317 1906 504 1989 permotus
520 1888 580 1959 illa
591 1888 776 1957 atrocitate
791 1887 947 1982 negotii,
964 1901 1006 1956 ut
1018 1886 1064 1958 ab
1077 1912 1115 1960 se
1127 1890 1271 1961 sceleris
1283 1891 1382 1961 istius

316 2002 473 2098 suspicio
497 2009 758 2082 removeretur,
778 1991 839 2063 dat
860 1992 995 2091 hospiti
1017 2021 1084 2067 suo
1107 1996 1248 2068 cuidam
1270 2022 1383 2094 nego-

317 2115 427 2199 tium,
443 2123 484 2180 ut
500 2109 657 2205 aliquem
682 2103 871 2202 reperiret,
891 2128 1001 2200 quem
1023 2131 1063 2178 ea
1084 2105 1208 2180 fecisse
1230 2109 1381 2179 insimu-

317 2220 423 2308 larct;
441 2218 616 2316 daretque
636 2238 803 2314 operam,
818 2228 860 2284 ut
872 2215 902 2284 is
916 2238 960 2285 eo
973 2217 1122 2288 crimine
1136 2215 1379 2304 damnaretur,

316 2354 362 2399 ne
378 2331 456 2426 ipse
470 2340 563 2397 esset
576 2327 613 2395 in
628 2325 787 2398 crimine.
804 2326 872 2392 Res
887 2348 961 2393 non
978 2329 1282 2422 procrastinatur:
1298 2351 1381 2398 nam

318 2462 433 2533 quum
452 2438 518 2506 iste
538 2438 664 2505 Catina
683 2429 867 2530 profectus
884 2448 994 2521 esset,
1008 2437 1099 2506 servi
1112 2437 1298 2531 cujusdam
1313 2462 1381 2507 uo-

318 2569 400 2616 men
416 2542 588 2615 defertur.
604 2548 640 2613 Is
654 2556 857 2624 accusatum
871 2539 945 2613 ficti
960 2558 1067 2615 testes
1079 2545 1117 2615 in
1132 2571 1215 2617 eum
1231 2544 1379 2633 dantur3

317 2678 394 2724 rem
421 2665 573 2724 cunctus
604 2665 748 2723 senatus
774 2651 1019 2723 Catinensium
1045 2651 1208 2752 legibus⁵
1231 2654 1380 2749 judicat.

316 2814 398 2863 animo
416 2813 505 2873 violat,
524 2812 567 2876 qui
590 2811 620 2860 de
638 2811 667 2858 iis
684 2807 825 2874 polluendis
869 2810 947 2873 capite
967 2811 1126 2874 multabatur,
1137 2800 1181 2861 'ut
1193 2815 1228 2862 ait
1251 2817 1377 2866 Fonumt.

316 2893 443 2942 consilium
458 2892 516 2955 agit.
539 2893 623 2954 Itaque
643 2891 733 2938 Verres
754 2886 824 2934 deam
868 2887 928 2936 Nou
941 2888 1021 2938 ubivis
1032 2903 1111 2940 tarueu
1120 2903 1170 2940 taus
1181 2896 1271 2941 severia
1284 2893 1380 2959 legibus
1422 2928 1428 2935 „

315 2972 404 3038 quibus
413 2980 510 3035 poterat
518 2969 598 3017 modis
604 2968 715 3027 assavit,
726 2977 751 3015 et
759 2982 825 3015 naeu·
867 2958 943 3015 aiios
951 2981 1082 3035 conspectu
1093 2972 1138 3019 riri
1149 2972 1302 3021 arcebantur.
1309 2973 1379 3020 Nam·

316 3064 340 3099 ts
352 3052 483 3113 animoque
495 3048 601 3096 laudavit.
867 3062 915 3110 que
927 3048 1028 3097 Pausau.
1039 3049 1069 3097 de
1079 3050 1171 3114 templo
1182 3052 1276 3101 Cereris
1284 3062 1310 3100 et
1317 3053 1379 3099 Pro·

353 3132 377 3176 3.
394 3130 449 3191 Qua
458 3129 549 3174 Roma.
559 3126 749 3189 Antiquissimus
758 3124 823 3188 apud
867 3128 970 3192 serpiuse
982 3128 1107 3192 loquitur,
1120 3130 1144 3177 iar
1166 3145 1217 3193 quo
1232 3130 1290 3178 ris-la
1303 3128 1375 3178 mutel

317 3207 440 3253 Romanos
452 3204 546 3252 Cereris
568 3203 648 3251 cultus
669 3215 738 3264 παις
757 3204 824 3251 bunc
867 3208 998 3272 quotannis
1008 3206 1102 3271 ingredi
1114 3208 1211 3257 licebat.
1220 3209 1310 3257 Eadem
1323 3207 1378 3257 ruli·

316 3285 380 3332 euim
396 3283 427 3330 ab
445 3282 581 3330 Arcadibus
593 3283 731 3330 institutum
745 3283 771 3329 in
781 3298 824 3330 ur·
867 3286 940 3349 ginno
951 3287 1092 3335 vetabantur
1103 3286 1183 3335 aditus
1201 3289 1227 3334 iu
1240 3287 1315 3335 aedem
1329 3290 1378 3335 Ve-

315 3363 371 3410 bean
380 3377 448 3409 auam
460 3360 580 3408 Romulus
589 3360 824 3425 recepitTotoorbe
868 3374 918 3422 stae,
925 3366 1047 3412 senBonse
1054 3368 1119 3413 Deae.
1128 3365 1168 3413 Sic
1174 3380 1273 3430 quoque
1283 3364 1377 3413 leminis

315 3451 427 3507 preterea
442 3440 514 3488 Cerea
527 3439 676 3487 arctissime
694 3440 825 3487 veneraba-
867 3443 933 3490 haud
942 3452 991 3489 erat
1000 3442 1094 3490 licitum
1102 3444 1269 3505 Herculis,aut
1278 3443 1377 3510 Sylsaui

314 3534 369 3579 tur,
382 3519 439 3584 quia
456 3519 566 3566 amisum
589 3530 671 3566 ustam
691 3519 823 3582 quaereudo
866 3521 939 3569 sacris
951 3521 1076 3569 interesse.

315 3600 403 3650 multas
420 3598 532 3662 regium
544 3597 653 3658 obierat;
671 3597 754 3661 ibique
764 3598 823 3646 reli·
905 3600 928 3646 5.
944 3598 1053 3662 Legibus.
1077 3601 1160 3648 Pan-iis
1173 3602 1280 3661 scilicet,
1295 3602 1378 3651 dome·

315 3684 380 3745 glosa
394 3688 550 3727 monumenta
561 3686 683 3725 exstructa
701 3688 769 3725 eraut
781 3678 825 3725 ubi
867 3678 977 3740 nisuque
996 3677 1117 3730 instituto.
1140 3682 1201 3730 llaec
1223 3683 1259 3730 alt
1280 3692 1376 3738 orator,

315 3760 354 3807 vis
365 3760 451 3808 fessam
461 3758 554 3806 stetisse
566 3756 648 3804 fabula
656 3756 776 3806 narrabat.
783 3756 824 3805 Ad
867 3759 981 3820 quoniam
1002 3772 1051 3804 non
1065 3759 1181 3807 usitatum
1199 3762 1284 3808 Romu
1306 3770 1374 3815 erat,

314 3837 423 3887 sumas
436 3837 561 3886 veritatem
583 3836 680 3886 redacta
696 3837 744 3883 fuit
756 3851 824 3883 cous·
867 3835 903 3882 uti
914 3846 1011 3884 mustus
1035 3838 1114 3886 omnis
1134 3841 1292 3895 conveniret,
1314 3853 1377 3900 quo·

288 3944 291 3949 ‹
315 3917 422 3963 mentitis
430 3916 470 3964 illa
478 3914 822 3966 deCsrerel'abuls.Bibliotb‚
867 3913 1015 3981 tiescusuque
1025 3915 1055 3964 de
1069 3933 1148 3966 rerum
1157 3917 1297 3982 capitalium
1307 3916 1374 3976 jndi-

315 3992 388 4040 Uaria.
399 3995 443 4039 Vl.
868 3991 1376 4057 ciosgeaetur.-Jadicat.1dest,more

349 4077 374 4122 t.
394 4068 483 4116 Aditus
501 4070 573 4118 esaim.
588 4074 625 4118 lta
638 4070 777 4125 colebatur,
796 4081 823 4119 nt
867 4087 913 4119 suo
926 4087 976 4120 rem
994 4076 1134 4137 coquunt,
1148 4086 1173 4125 et
1190 4072 1294 4123 consilio
1309 4072 1377 4135 judi·

314 4148 335 4195 ai
348 4146 403 4213 quis
414 4160 466 4193 uass
476 4147 594 4211 ternplum
603 4147 823 4209 frinsingiam,
867 4149 931 4198 cium
944 4152 1038 4215 quaerit.
