3016 4774
1489 258 1491 275 l

1489 280 1491 299 l

323 437 390 535 572
667 439 940 510 excussus
965 439 1030 507 rx.

319 561 461 626 daeus'eo
474 560 509 625 in
524 561 598 627 looo
611 561 759 629 similiter
771 562 1010 651 interpretatur.
1029 557 1212 625 Confirmat
1230 574 1402 648 preterea
1491 562 1492 627 ζ

319 682 464 733 nostram
492 667 698 757 opinionem,
723 667 814 757 quod
837 668 871 731 in
899 665 1047 755 Topicis,
1073 666 1107 729 in
1130 665 1222 729 libris
1251 666 1403 754 quidem
1481 630 1487 753 l

320 773 493 857 omnibus,
511 796 595 862 qnos
611 773 718 839 adhue
734 773 890 853 viderim,
903 773 972 837 sine
987 771 1221 853 conjunctione
1234 772 1335 837 locus
1353 775 1405 839 sic
1481 778 1492 835 'l

320 876 447 968 legitur,
466 877 740 966 quemadmodum
751 878 842 943 huno
854 893 1003 943 nostrum
1015 875 1190 965 legendum
1203 899 1277 941 esse
1293 881 1406 969 suspi-
1481 862 1489 883 ’

321 1005 456 1049 camur:
477 984 666 1067 «Quoniam
690 1007 769 1049 usus
791 983 964 1049 auctoritas
991 980 1085 1047 fundi
1107 981 1282 1046 biennium
1309 999 1365 1048 est
1374 1014 1402 1048 ι.
1480 1018 1488 1035 ·

320 1088 404 1153 Item
421 1089 518 1155 illud:
544 1089 611 1154 «Et
627 1105 706 1155 sunt
722 1106 902 1155 ceterarum
918 1086 1084 1169 omnium,
1100 1108 1240 1174 marum
1259 1109 1402 1152 annuus
1490 1076 1492 1139 l

322 1209 372 1258 est
383 1216 464 1259 usus
469 1226 493 1259 ι.
509 1194 712 1261 Subauditur
725 1195 814 1259 enim
822 1193 958 1260 verbum
971 1190 1179 1275 antecedens,
1194 1195 1401 1273 auctorita&

323 1316 363 1365 ut
379 1301 462 1366 ordo
478 1317 511 1368 et
526 1324 639 1367 sensus
650 1302 712 1366 ’hio
729 1301 788 1384 sit,
803 1300 958 1390 quoniam
974 1320 1053 1364 usus
1068 1298 1196 1365 biennis
1209 1298 1331 1380 fundi,
1346 1314 1400 1363 est

323 1421 392 1470 rata
403 1407 505 1495 ipsius
517 1407 710 1472 auctoritas:
727 1406 774 1470 sin
787 1406 884 1471 etiam
899 1404 1036 1486 edium,
1049 1420 1082 1468 at
1091 1404 1126 1467 in
1139 1403 1211 1492 lege
1223 1402 1315 1467 mdes
1327 1427 1398 1467 non

200 1546 204 1557 ι
263 1580 267 1589 ,
324 1511 548 1600 appellantur3
574 1527 607 1576 et
629 1527 709 1576 sunt
735 1528 917 1577 ceterarum
935 1533 1045 1576 rerum
1060 1509 1226 1592 omnium,
1249 1533 1399 1598 quanm

322 1636 452 1679 annuus
463 1636 542 1680 usus
556 1631 606 1681 est
619 1630 688 1683 rata
699 1617 889 1700 auctoritas,
908 1616 1022 1698 idest,
1042 1637 1180 1704 quamn]
1194 1638 1308 1681 annua
1323 1638 1400 1704 pos-

321 1719 421 1784 sessio
447 1735 549 1785 ratam
573 1724 817 1805 auctoritatem,
841 1721 905 1787 hoo
921 1736 986 1805 est,
1005 1721 1059 1803 jus
1080 1719 1217 1785 dominii
1239 1718 1348 1785 fixum
1364 1737 1401 1786 et

320 1822 452 1889 firmum
478 1828 595 1893 afferre
618 1830 711 1894 solet.
739 1831 824 1895 Nam
853 1850 979 1892 annum
1004 1844 1037 1893 et
1059 1828 1178 1892 biemu's
1202 1849 1400 1916 comparare

320 1945 418 2020 atque
434 1955 599 2023 opponere
613 1934 765 2000 videtur:
787 1951 826 1999 ut
841 1933 965 1998 Plinius
982 1934 1039 1999 lib.
1050 1934 1102 2017 11,
1126 1956 1197 2022 oep.
1210 1933 1251 1999 82
1269 1956 1278 1996 :
1304 1964 1320 1987 ι
1336 1935 1399 1996 Ut·

321 2052 415 2126 pote,
434 2039 563 2127 inquit,
586 2063 690 2129 quum
708 2038 841 2129 quidum
864 2061 976 2104 annuo
994 2056 1027 2104 et
1042 2039 1155 2104 bienni
1170 2038 1275 2127 spatio
1292 2036 1397 2101 dura·

322 2144 457 2209 verint».
475 2146 557 2229 Qum
574 2147 720 2235 quamvis
738 2147 782 2211 ita
799 2168 870 2212 sese
893 2146 1050 2227 babeant,
1075 2145 1157 2209 nihil
1176 2161 1285 2209 tamen
1305 2143 1397 2207 affir-

322 2270 411 2313 mare
434 2251 603 2333 volumus,
627 2251 684 2317 sed
714 2251 932 2316 assensionem
963 2266 1109 2316 nostram
1138 2249 1395 2331 sustinebimus,

320 2352 401 2418 dum
412 2353 465 2418 alii
481 2356 610 2435 majoris
626 2356 825 2420 auctoritatis
838 2356 898 2420 viri
911 2355 1131 2435 conjecturam
1140 2356 1227 2420 banc
1241 2371 1393 2419 nostram

321 2458 409 2523 bona
424 2456 531 2546 aliqua
548 2475 581 2522 et
595 2458 755 2546 probabili
770 2462 895 2525 ratione
907 2476 963 2524 aut
980 2459 1192 2537 confirment,
1214 2475 1272 2523 aut
1292 2482 1394 2547 repu-

322 2562 424 2626 dient.
442 2563 511 2627 Nos
530 2560 716 2650 disputandi
734 2563 831 2629 finem
849 2565 1022 2647 faciemus,
1038 2566 1182 2633 siunum
1198 2561 1280 2628 illud
1300 2562 1394 2627 addi·

323 2664 482 2746 derimus‚
506 2688 573 2730 non
599 2665 701 2732 videri
725 2667 898 2733 absurdam
923 2686 1074 2758 oportere
1091 2669 1265 2733 verborum
1284 2668 1395 2756 impli-

323 2772 497 2855 cationem,
520 2795 585 2861 qua
602 2796 699 2838 usum
724 2796 793 2839 esse
812 2774 958 2838 Tullium
981 2775 1202 2863 suspicamur,
1220 2795 1325 2861 quum
1347 2774 1395 2839 sic

209 2870 214 2887 ⁸
324 2878 464 2961 diceret,
481 2882 564 2946 «Lex
580 2904 693 2961 usum,
714 2867 939 2946 anctoritatem
961 2881 1056 2946 fundi
1077 2881 1171 2961 jubet
1193 2900 1280 2961 esse,
1303 2880 1397 2945 bien·

324 2986 416 3049 nium
426 3009 452 3050 »t
470 2985 560 3074 quod
575 2986 723 3051 videlicet
736 2985 812 3074 legis
824 2986 1001 3051 verborum
1017 2987 1224 3050 notissimum
1238 2983 1395 3049 ordinem

324 3107 525 3179 sequeretur,
540 3091 576 3155 in
588 3115 667 3179 qua,
684 3107 725 3156 ut
742 3089 902 3174 diximus,
921 3092 1079 3181 scriptum
1093 3092 1158 3157 hon
1174 3090 1274 3154 modo
1291 3091 1397 3155 fuisse

326 3194 534 3261 arbitramur:
557 3197 680 3278 «Usus,
699 3196 871 3262 auotoritas
887 3194 1004 3280 fundi,
1023 3196 1152 3261 biennis
1166 3213 1246 3261 esto.
1265 3197 1396 3260 Cetera·

326 3323 401 3366 rum
419 3323 547 3384 rerum,
565 3325 693 3367 nnnuus
709 3320 810 3368 esto».
825 3307 873 3369 Ac
885 3302 927 3367 de
939 3302 1003 3368 hoc
1019 3302 1153 3392 quidem
1167 3302 1268 3367 verbo
1281 3318 1397 3367 aumo-

327 3407 425 3487 ritas,
444 3429 517 3495 quse
533 3407 574 3472 sit
587 3408 687 3496 ipsius
703 3408 794 3496 origo
808 3409 998 3491 annotatio,
1013 3410 1122 3497 paullo
1141 3431 1239 3497 supra
1256 3408 1290 3471 in
1307 3408 1398 3473 hanc

327 3513 430 3603 ipsam
451 3512 631 3579 orationem
653 3512 903 3602 explicavimus:
926 3515 1072 3602 itemque
1096 3514 1131 3578 in
1155 3513 1328 3603 fragment
1345 3535 1398 3577 m

328 3619 415 3686 sabb.
434 3621 536 3685 Hom.

372 3725 442 3791 Lex
458 3747 548 3791 usum
562 3738 594 3790 et
603 3727 825 3790 auctoritatem
827 3723 946 3814 fundi.
960 3724 1061 3815 lege,
1079 3744 1151 3812 quse
1166 3720 1399 3789 adnotavimus

328 3830 370 3895 ad
385 3831 522 3897 similem
540 3831 650 3897 locum
662 3831 696 3896 in
705 3831 844 3920 Topicis.
861 3831 967 3896 Laus.
982 3868 1026 3879 -
1042 3829 1113 3893 Les
1131 3850 1223 3893 sunm
1236 3842 1267 3892 st
1281 3840 1398 3892 auoto-

330 3940 453 4000 matam
455 3936 565 4024 furtdt
567 3937 661 4026 jubet
670 3959 733 4002 esse
749 3937 914 4002 bmnium.
929 3936 1027 4003 Usum
1037 3938 1304 4000 etmoetoritatem
1317 3955 1398 3998 cum

331 4040 447 4126 copula
464 4040 542 4107 dinit
561 4043 636 4124 bic;
661 4045 694 4106 in
716 4044 846 4130 Topicis
861 4040 926 4106 vidi
950 4044 1019 4106 sine
1043 4040 1160 4129 copula
1181 4038 1263 4120 dici,
1279 4038 1400 4119 «Quo-

330 4143 417 4212 niam
436 4164 513 4209 usus
532 4147 705 4212 auotoritas
720 4144 814 4211 lirndi
833 4147 1002 4213 biennium
1016 4163 1095 4212 esta.
1112 4145 1181 4211 Nec
1194 4145 1287 4209 aliter
1302 4145 1398 4233 apud
