3054 4772
186 4112 190 4119 ·
287 4094 293 4124 1

342 409 415 494 614
630 411 904 480 EXCURSUS
929 407 1119 477 XXVIII.

342 552 437 613 nere,
454 531 523 595 aliis
535 546 671 596 contra:
688 534 765 620 quia
777 554 876 621 quem
893 531 994 597 semel
1002 529 1142 619 populus
1155 528 1313 607 jussisset
1323 527 1437 609 dodi,

342 660 383 702 ex
393 636 520 701 civitate
534 637 692 727 expulisse
705 636 887 720 videretur3
903 639 987 702 siem
1002 636 1138 715 faceret,
1154 655 1260 722 quum
1279 656 1384 722 aqua
1397 652 1439 700 et

342 742 410 831 igni
424 740 646 824 interdiceret3
658 743 692 806 in
704 750 768 830 qua
777 744 935 807 sententia
945 742 1074 806 videtur
1084 740 1118 803 P.
1128 739 1258 803 Mucius
1272 739 1395 805 fuisse
1404 769 1435 803 ι.

341 846 500 913 ldaatem
516 847 653 911 maxime
670 848 840 935 quaesitum
851 864 900 912 est
911 848 946 911 in
962 846 1101 911 Hostilio
1118 844 1295 926 Mancino,
1314 867 1434 932 quem

343 953 535 1017 Numantini
552 953 613 1017 sibi
629 952 775 1017 deditum
791 976 858 1017 non
875 967 1084 1041 acceperunt3
1102 947 1220 1037 dequo
1233 964 1355 1013 tamen
1372 952 1432 1021 Iex

342 1075 455 1145 postea
478 1059 541 1121 lata
562 1074 627 1139 est,
648 1074 686 1121 ut
710 1074 793 1123 esset
812 1058 889 1125 civis
915 1079 999 1123 rom.
1022 1072 1056 1121 et
1075 1069 1248 1153 ptaettuam
1272 1075 1430 1143 quoque

343 1163 477 1253 gessisse
492 1161 620 1227 dicitur.
634 1163 737 1227 Hora.

345 1256 350 1265 ⁵
385 1271 543 1333 Autsuus
558 1282 656 1356 pater
669 1266 823 1331 vendidit
841 1267 918 1331 Haec
933 1281 1001 1330 emt
1018 1287 1085 1329 uon
1105 1284 1196 1346 vem,
1218 1261 1279 1328 sed
1306 1264 1427 1328 simu·

342 1374 424 1456 lata,
443 1389 476 1438 et
491 1372 565 1437 ficta
581 1371 742 1453 venditio;
761 1393 837 1434 uam
852 1370 1071 1435 venditionem
1088 1371 1123 1434 in
1138 1369 1423 1457 emancipationi-

343 1480 417 1561 bus,
431 1495 488 1542 aut
502 1475 732 1565 adoptionibus
750 1475 820 1541 fieri
838 1477 964 1551 solitam
980 1476 1151 1566 significum
1171 1476 1212 1540 de
1227 1498 1295 1564 qua
1313 1475 1420 1539 Caius

343 1586 389 1648 sic
401 1583 511 1649 scribit
519 1584 597 1647 Inst.
610 1581 717 1647 libroI
731 1605 739 1647 :
753 1613 766 1636 κ
775 1583 998 1670 Emancipatio
1007 1599 1127 1665 autem,
1136 1583 1201 1646 hoc
1211 1596 1275 1663 est,
1290 1603 1420 1654 manus

345 1686 493 1767 traditio,
516 1686 665 1775 quaedam
686 1688 865 1753 similitudo
886 1687 1081 1753 venditionis
1108 1704 1184 1753 est-z
1214 1687 1293 1775 quia
1315 1703 1356 1750 et
1381 1686 1419 1748 in

343 1793 655 1880 emancipationibus
667 1809 783 1888 prater
798 1810 922 1857 certum
933 1810 1058 1881 patrem
1071 1794 1151 1858 alius
1164 1810 1255 1882 pater
1268 1791 1418 1856 adhibe·

341 1914 407 1980 tur,
431 1899 489 1987 qui
511 1898 696 1964 fiduciarius
718 1899 916 1962 nominatur.
940 1900 1028 1989 Ergo
1052 1902 1112 1964 iste
1136 1898 1290 1964 naturalis
1316 1913 1417 1984 pater

342 2003 445 2077 fitium
462 2027 560 2070 suum
575 2003 743 2070 fiduciario
761 2004 845 2092 patri
865 2004 1043 2092 mancipat,
1065 2006 1129 2068 hoc
1144 2021 1210 2081 est,
1226 2026 1329 2068 manu
1345 2019 1415 2066 tra-

342 2111 413 2177 dit:
428 2134 446 2181 a
463 2135 530 2199 quo
552 2109 716 2191 fiduciario
737 2124 827 2199 patre
844 2111 995 2174 naturalis
1012 2126 1103 2199 pater
1120 2132 1226 2173 unum
1241 2125 1299 2173 aut
1321 2107 1413 2172 duos

341 2201 496 2283 nummos
508 2219 600 2306 quasi
610 2220 643 2283 in
656 2217 899 2282 similitudinem
912 2218 1005 2306 pretii
1014 2218 1144 2305 accipit,
1153 2235 1187 2282 et
1198 2218 1317 2280 iterum
1330 2238 1411 2280 enm

342 2325 480 2413 acceptis
494 2324 635 2387 nummis
649 2322 815 2391 fiduciario
830 2323 914 2412 patri
929 2321 1039 2404 tradit3
1052 2322 1116 2386 hoc
1131 2320 1275 2387 secundo
1293 2338 1327 2385 et
1342 2334 1411 2384 ter·

269 2448 272 2467 ¹
342 2431 390 2494 tio
403 2429 457 2513 fit3
474 2446 506 2493 et
524 2431 570 2492 sio
583 2429 624 2491 de
635 2429 734 2516 patris
750 2444 908 2518 potestate
919 2430 1008 2495 exit..
1023 2479 1031 2493 .
1049 2430 1172 2494 Tamen
1189 2452 1291 2517 quum
1308 2430 1409 2492 tertio

343 2537 543 2621 mancipatus
556 2532 654 2596 fuerit
666 2533 751 2596 filius
762 2556 780 2596 a
794 2550 884 2621 patre
895 2534 1031 2599 naturali
1048 2534 1215 2599 fiduciario
1228 2535 1328 2624 patri,
1339 2533 1408 2598 hoc

343 2661 437 2728 agere
455 2638 554 2712 debet
568 2639 722 2702 naturalis
738 2654 840 2726 pater,
858 2655 896 2703 ut
912 2642 941 2704 ei
956 2663 974 2703 a
993 2638 1159 2704 fiduciario
1173 2656 1263 2728 patre
1275 2661 1404 2702 reman-

341 2747 483 2833 cipetur,
505 2760 538 2808 et
556 2767 575 2807 a
591 2745 729 2808 naturali
747 2761 837 2834 patre
855 2746 1125 2810 manumittatur:
1142 2761 1180 2809 ut
1199 2746 1226 2810 si
1249 2744 1330 2809 filius
1349 2744 1403 2809 ino

340 2868 492 2919 mortuus
511 2852 625 2933 fuerit,
646 2851 676 2915 ei
694 2850 729 2914 in
749 2849 927 2915 hereditate
945 2853 1098 2915 naturalis
1116 2868 1216 2940 pater,
1233 2874 1300 2915 non
1318 2849 1402 2914 fidn-

341 2960 457 3033 ciarius
473 2957 657 3023 succedat».
677 2959 754 3022 Hoec
775 2960 883 3023 Caius.
902 2960 1059 3047 Ulpianus
1081 2975 1192 3023 autem
1213 2961 1248 3023 in
1268 2959 1398 3038 Titulis,
1492 2956 1493 2959 ’

340 3087 409 3152 cap.
437 3086 476 3127 10
500 3087 508 3127 ε
532 3063 678 3144 «Liberi,
704 3064 827 3152 iuquit,
852 3079 1026 3152 parentum
1046 3080 1206 3154 potestate
1227 3065 1399 3130 liberantur

340 3169 624 3256 emancipatione:
645 3172 680 3233 td
698 3184 758 3246 est,
783 3172 810 3234 si
831 3187 1042 3259 posteaquam
1066 3171 1238 3259 mancipati
1261 3171 1396 3251 fuerint,

338 3275 529 3349 manumissi
544 3276 617 3349 sint.
637 3273 701 3338 Sed
716 3274 800 3339 filius
820 3276 953 3364 quidem
970 3294 1021 3342 ter
1035 3278 1253 3365 mancipatus,
1270 3294 1318 3341 ter
1332 3299 1396 3339 ma·

340 3379 519 3460 omissus,
535 3381 584 3444 sui
598 3380 679 3459 jutis
699 3379 752 3462 fit3
764 3378 799 3444 id
812 3381 899 3445 enim
911 3384 962 3446 lex
975 3383 1039 3446 XII
1059 3383 1242 3447 tabularum
1250 3383 1339 3463 jubet
1348 3381 1395 3445 his

338 3486 445 3550 verbis
464 3509 472 3549 ε
488 3486 521 3549 si
536 3500 627 3573 pater
650 3485 752 3549 filium
774 3501 824 3561 tet
846 3488 1046 3570 venunduit,
1067 3487 1152 3553 filius
1175 3512 1193 3552 a
1216 3504 1305 3576 patre
1321 3487 1395 3551 liber

339 3606 417 3655 esto.
435 3591 542 3655 Ceteri
556 3607 663 3654 autem
680 3591 790 3673 tiberi,
806 3609 923 3680 praeter
938 3592 1052 3672 filium,
1069 3609 1135 3656 tam
1153 3592 1393 3679 masetdi‚quam

338 3696 1390 3787 feminae,unaartancipatione,manumissionequesuijurisfiuntn.
1492 3748 1493 3751 ,

342 3803 418 3865 Haec
429 3822 531 3889 quum
547 3801 591 3865 ita
604 3801 678 3885 sint,
688 3801 866 3868 videndum
882 3828 923 3868 an
942 3828 1007 3869 non
1023 3804 1227 3869 commodius
1241 3805 1327 3868 locus
1344 3803 1392 3866 hic
1492 3872 1493 3881 χ

341 3906 387 3967 sic
403 3906 563 3993 legeretur
582 3930 590 3971 t
610 3909 667 3973 «Si
685 3924 776 3996 pater
791 3927 841 3974 ter
855 3910 1002 3975 vendidit
1023 3906 1116 3990 e'um,
1137 3926 1197 3976 etc.
1208 3942 1222 3967 n
1238 3910 1320 3974 Nam
1335 3908 1391 3971 hoc
1492 3892 1493 3937 t

340 4009 460 4074 mendo
479 4014 559 4075 nihil
576 4015 690 4078 esseio
709 4016 798 4080 libris
812 4017 952 4104 antiquis
968 4017 1189 4104 frequentius,
1203 4039 1299 4081 nemo
1313 4016 1341 4078 in
1355 4012 1391 4084 iis

338 4126 480 4182 versatus
497 4118 633 4205 ignorat.
649 4120 750 4187 Horr.
