3176 4770
288 395 296 410 '
397 429 450 496 ru
477 427 697 495 raanan
720 427 828 493 scr.
847 427 903 510 n,
928 428 1021 494 nm.
1046 429 1121 496 1n.
1227 430 1292 500 125

229 552 409 623 tacebunt.
427 547 577 621 Literis⁵
593 549 744 618 eorum?
758 547 904 619 decreto
917 548 1291 625 decumanorum⁶re

230 677 336 734 motae
357 676 450 730 sunt.
476 663 560 749 Quo
583 681 641 727 me
664 658 774 753 igitur
791 657 953 726 vertam?
977 682 1052 728 rem
1067 673 1138 728 tam
1157 663 1292 759 impro-

230 773 331 853 bam,
353 772 488 841 crimen
513 782 618 839 tantae
639 765 812 852 audaciae,
839 780 1018 864 tantaeque
1044 769 1291 864 impudentiae,

229 898 380 979 propter
397 881 555 978 inopiam
576 878 720 948 testium
740 901 781 946 ac
799 876 982 947 literarum
1002 880 1294 973 praetermittam?

231 996 313 1063 Non
329 991 475 1075 faciam,
490 988 639 1084 judices.
659 990 748 1056 Utar
765 1000 876 1057 teste:
892 987 994 1083 quoi
1011 992 1051 1057 t..
1070 990 1191 1059 Vettio
1212 991 1294 1062 Chi·

229 1096 332 1183 lone,
361 1099 511 1169 homine
541 1099 718 1193 equestris
745 1095 882 1165 ordinis
907 1095 1160 1168 honestissimo
1186 1115 1293 1197 atque

229 1211 486 1280 ornatissimo:
508 1208 571 1304 qui
591 1209 648 1275 isti
672 1207 719 1274 ita
741 1206 876 1276 amicus
893 1220 930 1276 et
949 1208 1192 1277 necessarius⁷
1221 1225 1293 1294 est,
1316 1268 1319 1275 .

231 1334 291 1405 ut,
310 1320 447 1389 etiamsi
467 1314 655 1386 virbonus
669 1340 744 1385 non
762 1330 874 1402 esset,
893 1330 1026 1399 tamen,
1045 1316 1146 1413 quod
1169 1334 1294 1390 contra

230 1433 340 1499 istum
354 1427 508 1511 diceret,
519 1448 625 1521 grave
641 1419 845 1495 videretur⁸
860 1450 869 1511 ;
887 1426 936 1494 ita
949 1428 1002 1494 vir
1015 1424 1136 1497 bonus
1153 1441 1222 1513 est,
1236 1443 1293 1518 ut,
1363 1516 1367 1523 ,

231 1540 369 1607 etiamsi
389 1536 656 1606 inimicissimus
676 1534 735 1604 isti
756 1548 863 1618 esset,
886 1548 1007 1605 tamen
1028 1535 1106 1631 ejus
1132 1542 1295 1610 testimo-

232 1650 295 1717 nio
304 1644 401 1716 credi
414 1659 606 1742 oporteret.
620 1642 848 1713 Admiratur9
862 1659 899 1714 et
907 1661 1107 1742 exspectat,
1119 1647 1293 1742 quidnam

232 1758 373 1827 Vettius
390 1754 551 1827 dicturus
568 1757 624 1824 sit.
651 1753 747 1825 Nihil
773 1754 869 1824 dicet
895 1779 939 1825 ex
964 1768 1189 1852 tempore¹03
1206 1757 1295 1828 nihil

233 1892 277 1937 ex
290 1865 571 1952 suaroluntat03
592 1863 679 1933 nihil
691 1918 700 1944 ,
714 1877 756 1933 ut
769 1863 800 1933 ei
811 1866 1024 1935 utrumvis¹1
1040 1864 1221 1936 lieuisse¹²
1241 1871 1293 1935 vi-

233 1974 370 2045 deatur.
390 1970 526 2044 Μίεἰῐ13
557 1977 595 2042 in
622 1972 777 2043 Siciliam
809 1973 929 2044 literas
951 1974 996 2044 ad
1025 1976 1294 2072 Carpinatium,

232 2110 346 2182 quum
366 2098 458 2155 esset
475 2084 643 2178 magister
660 2084 859 2179 scripturae,
878 2099 913 2153 et
932 2085 1010 2178 ejus
1033 2087 1211 2155 societatis
1231 2108 1296 2181 pu-

233 2192 479 2278 blicanorum3
506 2216 596 2288 quas
615 2216 682 2288 ego
703 2193 900 2287 Syracusis,
925 2192 1022 2288 apud
1045 2195 1294 2289 Carpinatium

233 2307 270 2374 in
293 2305 477 2375 literarum
496 2303 721 2373 allatarum¹i
741 2301 856 2388 libris,
882 2307 1026 2387 Rornae,
1054 2305 1090 2371 in
1112 2302 1297 2375 literarum

235 2416 421 2484 missarum
434 2413 531 2511 apud
540 2416 749 2508 magistrum
765 2412 940 2497 Tullium,
954 2410 1162 2484 familiarem
1177 2429 1297 2502 tuum,

176 2595 177 2598 ,
235 2526 354 2595 inveni
374 2551 382 2593 ε
403 2523 537 2621 quibus
557 2546 602 2592 ex
622 2522 732 2592 literis
754 2521 1017 2618 impudentiam
1036 2520 1298 2609 faenerationis,

234 2659 373 2730 quaeso,
389 2636 608 2730 cognoscite.
624 2626 805 2701 erunra¹⁵
814 2654 923 2701 snssn
940 2637 979 2703 L.
993 2637 1134 2718 Varrn,
1148 2637 1189 2701 L.
1210 2635 1298 2702 Ssu-

271 2808 295 2853 5.
307 2807 346 2855 Al.
359 2806 445 2865 litera,
457 2816 479 2854 et
493 2823 546 2870 sup.
554 2802 680 2870 publicani
690 2815 741 2851 tra·
823 2819 862 2853 11.
884 2803 953 2851 Utri
966 2803 1087 2854 utrumvis.
1100 2805 1199 2853 Scilicet
1210 2818 1253 2853 aot
1262 2823 1299 2854 ao

235 2884 304 2932 etati.
316 2885 364 2931 Sed
382 2888 523 2950 recepimus,
535 2885 646 2933 Ernestio
664 2883 740 2935 duee.
786 2898 868 2930 eosare
879 2893 918 2937 te.
931 2893 974 2930 aut
987 2898 1104 2946 pugnare.

235 2963 364 3010 lectionem
381 2983 395 3011 a
409 2967 519 3014 Lombin.
533 2983 547 3012 e
562 2965 624 3012 Mss
641 2974 741 3010 erutam.
825 2976 865 3010 ra.
884 2964 996 3008 luserunt
1021 2961 1120 3025 quidam
1133 2961 1210 3029 fieri,
1229 2963 1298 3027 quod

236 3041 331 3088 Deinde
347 3042 448 3106 legimus
460 3060 516 3090 oum
527 3045 609 3091 multis
621 3054 678 3107 post
688 3043 742 3089 Mo·
787 3040 869 3088 nullm
882 3041 991 3104 agnoseit
1004 3058 1018 3088 e
1033 3056 1081 3104 reg.
1096 3037 1168 3090 MSS.
1179 3043 1203 3088 J.
1210 3044 1242 3090 V.
1254 3045 1280 3090 L.

236 3120 346 3177 notium,
361 3123 386 3169 t.
399 3136 445 3184 pro
457 3123 482 3169 Ρ.
496 3122 582 3169 Vettio.
591 3123 615 3169 J.
630 3123 661 3169 V.
671 3122 698 3168 L.
709 3147 743 3156 -
826 3121 865 3166 13.
880 3119 957 3169 Misit.
980 3120 1128 3168 Vettius.—
1139 3122 1217 3181 Quum
1232 3135 1299 3172 esset.

235 3200 321 3247 literis
333 3216 426 3249 eorum.
442 3199 550 3247 Subnud.
560 3200 587 3246 id
605 3198 672 3262 quod
687 3197 743 3245 dico
787 3200 881 3264 Nempe
892 3200 1054 3265 Carpinatius.
1065 3227 1100 3235 —
1113 3199 1242 3265 Magister,
1259 3203 1298 3249 vel

236 3278 383 3344 probabunt.
788 3281 884 3343 potios,
897 3291 924 3327 ut
936 3280 998 3326 infra
1013 3278 1121 3339 dicetur,
1130 3281 1298 3345 promagister.

272 3359 297 3405 6.
312 3359 414 3406 Decreto
428 3357 624 3406 decumanorum.
633 3357 693 3406 Viri.
704 3374 744 3406 eu·
825 3370 865 3416 14.
884 3361 1030 3408 Attacorum.
1044 3362 1122 3408 Rome
1139 3360 1165 3406 iu
1184 3361 1298 3409 Siciliam.

234 3454 280 3501 pro
299 3437 343 3486 lib.
358 3440 395 3495 ΙΙ,
409 3454 462 3501 cap.
480 3454 521 3498 71.
788 3438 960 3487 -Lr'bris.1d
981 3449 1030 3499 est,
1048 3440 1141 3504 capsis,
1154 3439 1250 3488 tabulis.
1264 3467 1300 3478 -
1340 3464 1349 3477 ·

273 3534 295 3578 5.
308 3518 343 3563 Et
354 3515 501 3563 necessarius
515 3527 557 3563 est.
570 3517 674 3580 Propter
692 3514 744 3563 affi·
789 3519 926 3566 Missurum.
944 3520 1061 3567 Romaiu
1081 3519 1203 3579 Siciliam
1216 3530 1299 3583 repete

236 3598 351 3651 nitatem,
364 3597 420 3658 quia
433 3612 541 3645 sororem
554 3596 606 3655 ejus
615 3598 702 3644 Verres
717 3596 744 3642 iu
788 3598 855 3645 libris
870 3599 896 3644 iu
914 3598 1004 3660 quibus
1022 3597 1159 3661 exemplum
1180 3598 1189 3661 (
1197 3597 1252 3659 gall.
1272 3599 1299 3645 la

236 3676 391 3723 matrimonio
403 3675 484 3722 habet.
788 3673 889 3739 triante)
901 3677 1048 3739 descriptum
1066 3676 1299 3723 invitaturum

272 3758 296 3805 8.
308 3756 387 3803 Grave
402 3755 537 3803 videretur.
548 3756 613 3817 Quis
626 3756 744 3804 rationem
788 3753 909 3801 literarum
920 3771 980 3818 quat
991 3756 1088 3802 Vettius
1100 3754 1203 3800 miserat.
1213 3755 1299 3803 Cicero

235 3834 356 3882 habuisset
377 3836 483 3883 veritatis
504 3837 579 3898 magis
596 3852 668 3898 quam
682 3836 744 3882 ami·
789 3832 827 3879 his
846 3833 871 3879 iu
890 3834 969 3880 Sicilia
988 3834 1094 3879 inventis
1112 3831 1189 3878 literis
1210 3833 1301 3883 iustru-

236 3916 308 3961 citioe.
789 3922 852 3967 etus,
864 3923 892 3959 ut
900 3913 1002 3959 Romam
1013 3911 1078 3958 venit
1085 3946 1092 3967 ,
1099 3910 1238 3961 L.Tullium
1249 3931 1300 3962 ma·

271 4010 296 4053 9.
308 3991 457 4039 Admirotur.
471 3991 579 4039 Subaud.
591 3994 686 4041 Verres.
789 3993 890 4055 gistrum
901 3990 1028 4053 compulit,
1036 3994 1208 4041 utrarumdem
1220 4011 1303 4042 exuu-
1343 3993 1345 3997 ’

276 4086 313 4118 ιο.
327 4072 369 4117 Er
382 4084 496 4135 tempore.
512 4070 541 4118 Id
550 4082 600 4125 est,
610 4070 708 4128 fiotum,
721 4082 746 4117 et
790 4072 865 4136 pluria
879 4071 927 4118 sibi
946 4070 1095 4119 ostenderet.

238 4149 267 4196 ed
282 4163 375 4214 tempus
385 4151 603 4199 accommodatum.
829 4148 869 4200 15.
886 4150 981 4198 latero.
995 4151 1082 4199 Litora
1094 4152 1122 4199 L.
1138 4154 1213 4200 Vettii
1226 4155 1305 4201 miss:
