3186 4772
285 360 291 371 ⁸
318 391 389 465 270
473 354 477 363 ¹
636 368 684 434 Μ.
710 368 750 435 Τ.
776 368 1054 439 CICERONIS

317 493 405 589 ipsis
413 486 652 585 Agrigentinis
667 487 796 556 vivunt
807 510 848 558 ac
860 487 1120 586 negotiantur)
1129 514 1206 561 non
1223 490 1379 568 audebat

316 601 434 698 palam
452 597 595 683 tollere,
612 610 673 666 aut
689 621 854 695 poscere,
868 623 949 695 quaa
963 597 1163 695 placebant.

360 707 521 781 Herculis
537 705 715 802 templum
724 720 777 776 est
785 706 881 803 apud
897 710 1167 805 Agrigentinos,
1180 736 1255 783 non
1271 714 1377 813 louge

314 843 334 889 a
348 816 447 905 foro,
466 840 550 886 sane
567 829 732 886 sanctum
746 815 844 913 apud
860 817 940 889 illos
960 832 995 888 et
1014 819 1242 916 religiosum:
1260 822 1311 894 ibi
1325 841 1378 897 est

312 953 357 999 ex
380 951 448 998 aere
471 925 703 996 simulacrum
729 925 842 1023 ipsius
866 927 1047 1016 Herculis,
1072 954 1147 1025 quo
1172 956 1247 1000 non
1273 916 1377 1007 facile

313 1037 511 1134 quidquam
528 1032 680 1104 dixerim
701 1059 758 1105 me
772 1035 903 1106 vidisse
917 1036 1105 1134 pulchrius
1119 1040 1281 1132 (tametsi
1299 1068 1376 1113 non
1441 1115 1446 1122 ,

312 1163 385 1218 tarn
398 1146 553 1217 multn‘m
569 1145 606 1213 in
620 1145 696 1214 istis
712 1142 820 1214 rebus
834 1144 1011 1243 intelligo,
1026 1171 1134 1242 quam
1145 1148 1254 1218 multa
1267 1147 1375 1243 vidi),

311 1281 428 1353 usque
441 1279 503 1340 eo,
518 1250 673 1348 judices,
688 1267 729 1325 ut
745 1257 876 1324 rictum
892 1249 995 1350 ejns⁸
1013 1280 1055 1327 ac
1074 1271 1235 1327 mentum
1249 1259 1374 1356 paullo

310 1369 355 1437 sit
372 1367 545 1449 attritius‚
566 1361 667 1459 quod
686 1363 723 1432 in
740 1363 908 1462 precibus
929 1380 965 1437 et
984 1366 1280 1463 gratulationibus
1296 1394 1374 1441 non

310 1476 430 1546 solum
446 1472 679 1559 idvenerari,
700 1480 954 1546 verumetiam
975 1476 1128 1547 osculari
1144 1477 1297 1549 solent9.
1319 1478 1376 1551 Ad

310 1585 381 1657 hoc
406 1583 610 1682 templum,
625 1608 746 1679 quum,
764 1600 858 1656 esset
881 1588 948 1657 iste
973 1587 1176 1683 Agrigenti,
1203 1586 1295 1660 duce
1315 1591 1375 1659 Ti·

308 1692 511 1780 marchide,
528 1708 698 1791 repente,
718 1708 826 1765 nocte
839 1696 1054 1792 intempesta
1064 1706 1106 1783 ¹⁰,
1121 1719 1308 1768 servorum
1323 1722 1376 1769 ar·

308 1817 490 1874 matorum
507 1800 549 1872 fit
565 1825 763 1875 concursus
778 1817 888 1899 atque
905 1808 1072 1903 impetus.
1093 1807 1237 1878 Clamor
1254 1832 1275 1878 a
1290 1810 1375 1906 vigi·

309 1913 424 2000 libus,
445 1911 592 2009 fanique
615 1911 825 1983 custodibus
846 1913 1003 2001 tollitur3
1029 1917 1093 2013 qui
1118 1917 1237 2012 primo
1257 1942 1373 2013 quum

308 2023 483 2095 obsistere
507 2046 548 2092 ac
573 2019 768 2093 defendere
795 2038 1025 2108 conarentur,
1050 2026 1144 2096 male
1171 2027 1372 2116 mulcatifl,

307 2135 414 2206 clavis
430 2157 473 2203 ac
495 2130 651 2204 fustibus
673 2131 908 2230 repelluntur.
928 2137 1053 2204 Postea
1070 2135 1291 2209 convulsis¹²
1314 2162 1372 2208 re·

305 2243 465 2342 pagnlis‚
483 2239 711 2340 effractisque
737 2243 864 2330 valvis,
889 2242 1056 2314 demoliri
1073 2245 1237 2341 signnm,
1256 2271 1297 2318 ac
1313 2273 1372 2319 ve·

306 2352 427 2424 ctibus
445 2351 658 2423 labefactare
680 2367 868 2423 conantur.
887 2358 1029 2426 Interea
1046 2379 1091 2426 ex
1109 2357 1263 2429 clamore
1280 2357 1373 2432 fama

305 2477 382 2533 tota
407 2460 498 2532 urbe
524 2459 771 2558 percrebruit,
797 2467 997 2563 expugnari
1015 2464 1102 2536 deos
1122 2470 1274 2565 patrios,
1294 2495 1372 2541 non

304 2571 463 2643 hostium
482 2567 639 2639 adventu
658 2576 909 2669 necopinato,
930 2598 1050 2672 neque
1069 2580 1258 2673 repentino
1278 2602 1369 2675 prae·

303 2682 443 2755 donum
456 2682 611 2778 impetu,
629 2680 691 2752 sed
703 2706 748 2752 ex
757 2680 886 2772 domo,
905 2699 1015 2781 atque
1030 2686 1178 2758 cohorte
1192 2692 1369 2785 praetoria,

303 2817 452 2865 manum
470 2790 703 2890 fugitivorum
721 2793 932 2864 instructam
951 2811 1196 2894 armatamque
1215 2804 1385 2872 venisse„

339 2978 367 3025 8.
389 2974 485 3022 Ιίίεειιηι
500 2973 558 3037 ejus.
572 2971 648 3021 Multi
660 2982 729 3020 antea
740 2972 814 3021 denes
858 2975 963 3023 erautin
975 2978 1054 3040 portis
1070 2977 1183 3040 urbium,
1194 2990 1218 3028 et
1232 2996 1296 3044 quoa
1313 2981 1369 3030 lou·

303 3056 372 3120 ejus,
385 3053 452 3118 quod
466 3052 595 3099 barbarum
609 3062 654 3101 est.
857 3055 911 3118 gius
930 3054 1031 3119 aliquod
1050 3057 1097 3104 iter
1109 3057 1255 3107 adornantes
1274 3075 1303 3108 eo
1317 3062 1367 3109 ritu

340 3150 366 3195 9.
392 3130 504 3178 Oscralarr‘
519 3129 736 3193 arsuramque
748 3134 814 3179 enim
857 3133 1008 3192 salutabant3
1030 3146 1105 3184 «tum
1116 3172 1124 3199 ,
1146 3149 1230 3200 portas
1248 3150 1367 3204 propter,

303 3213 411 3259 solemne
417 3208 575 3256 eratdeorum
582 3209 708 3255 simulacra
714 3221 738 3258 et
745 3227 814 3259 osen-
857 3213 932 3262 ahena
948 3214 1019 3278 SIgna
1031 3230 1116 3263 manus
1129 3215 1226 3265 dextras
1234 3219 1367 3267 ostendunt

302 3291 359 3349 luri,
372 3299 397 3336 et
405 3286 517 3335 manibus
529 3287 599 3334 etiam
609 3288 740 3350 saepissime
753 3306 813 3338 oon·
855 3295 975 3344 attenuari
982 3292 1053 3359 Saepe
1064 3296 1210 3345 salutantum
1216 3309 1295 3360 tactu,
1305 3314 1368 3363 prae·

303 3373 414 3433 tingere,
437 3376 558 3427 tamquam
576 3365 606 3412 iia
627 3365 811 3431 blandirentur,
855 3385 941 3438 terque
951 3385 1103 3425 meantum»,

301 3461 446 3510 aversosque
468 3443 592 3491 mollirent
608 3445 712 3494 aalmos.
738 3452 811 3498 Hune
894 3452 1366 3518 10.Nocteiutempesta.Nootesca‘IIeet

301 3544 394 3579 morem
419 3523 537 3588 expressit
554 3524 687 3583 Homerus,
699 3526 769 3575 Iliad.
780 3531 811 3586 1,
855 3532 944 3579 media.
960 3531 1000 3577 Sic
1014 3531 1115 3591 dieitur,
1128 3547 1171 3583 aut
1183 3539 1239 3600 quia
1249 3536 1366 3584 nibilbac

302 3605 423 3667 5or‚nbi
438 3603 522 3652 Thetis
534 3604 624 3652 Iovem
632 3605 737 3668 supplex
745 3607 811 3667 adit,
854 3608 967 3673 boraagi
989 3614 1161 3674 tempestIvnrn
1178 3626 1227 3677 est,
1246 3627 1287 3664 ant
1310 3616 1366 3681 quia

302 3689 449 3750 barbamque
458 3694 482 3731 et
491 3698 567 3746 genua
577 3685 754 3737 manumulcet,
762 3687 812 3734 Ne·
856 3689 936 3735 omnia
949 3691 1076 3752 quiescunt
1088 3701 1113 3739 et
1126 3692 1207 3742 allent.

302 3785 351 3832 que
372 3777 465 3817 tantum
485 3773 593 3811 mentum
615 3765 811 3824 contrectabant,
893 3782 935 3815 11.
957 3768 1069 3817 Mulcati.
1098 3771 1138 3819 Sic
1160 3773 1262 3821 omuino
1286 3774 1368 3837 legeu-

302 3848 374 3895 sedet
383 3859 468 3893 manus
477 3843 554 3907 Ipsae,
564 3854 608 3905 nt,
623 3860 700 3908 quum
707 3845 811 3893 salutm-
855 3845 928 3909 darn,
950 3849 1068 3896 LambIno
1086 3849 1164 3911 duee,
1182 3867 1234 3899 non
1246 3852 1366 3900 metati.

302 3936 337 3972 tea
349 3925 452 3985 aliquem
461 3920 552 3968 dextre
563 3921 672 3971 dextram
681 3921 811 3983 conjungi·
854 3926 880 3974 J.
890 3928 921 3973 V.
932 3930 959 3975 L.

301 4018 363 4051 mus,
373 4004 486 4047 Testatur
497 4001 563 4047 bunc
573 4016 664 4048 morem
673 4002 809 4058 Lucretius,
893 4018 932 4053 aa.
954 4008 1077 4057 Conuolsis
1089 4010 1221 4078 repagulis.
1235 4012 1258 4059 A
1270 4010 1366 4058 'I'iauar-

274 4086 325 4156 ςΙ,
335 4094 395 4136 2¹7·
405 4077 436 4165 de
444 4075 491 4121 dila
500 4077 617 4137 malibus,
626 4094 731 4140 qnorum
739 4078 809 4126 sedes
853 4082 925 4132 ohide
937 4087 1057 4136 nunirum.
