3148 4780
336 385 406 483 374
650 391 699 458 u.
724 390 763 458 r.
790 388 1064 460 cressonis

382 511 526 579 XXVII.
553 512 624 606 Age
661 532 799 606 porro,
823 507 993 582 custodiri
1023 507 1152 578 ducem
1179 503 1391 603 praedonum

335 641 432 688 novo
452 641 568 705 more,
594 642 702 715 quam
730 621 847 690 securi
883 619 982 691 feriri
1013 620 1174 688 omnium
1208 615 1391 713 exemplo,

336 729 447 823 magis
470 728 615 825 placuit.
638 731 727 818 Quae
747 743 832 800 sunt
852 731 927 800 istae
954 725 1152 799 custodiae?
1178 721 1275 822 apud
1299 748 1391 821 quos

335 833 500 907 homines
514 836 528 906 Ρ
543 836 848 933 quemadmodum
869 852 922 910 est
942 833 1159 909 asservatus?
1169 836 1388 905 Lautumias1

335 947 569 1039 Syracusanas
587 969 714 1019 omues
731 948 895 1034 audistis3
910 948 1072 1045 plerique
1086 946 1207 1015 nostis.
1222 948 1323 1041 Opus
1336 956 1394 1014 cst

316 1054 477 1151 ingens,
497 1053 747 1152 magnificum,
768 1081 896 1154 regum
921 1080 962 1127 ac
984 1070 1220 1152 tyrannorum
1243 1078 1251 1120 ε
1274 1064 1391 1120 totum

334 1177 456 1233 estex
477 1186 563 1235 saxo
590 1167 628 1235 in
655 1165 855 1237 mirandam
877 1164 1105 1237 altitudinem
1131 1162 1322 1260 depresso,
1353 1174 1394 1230 et

335 1272 535 1344 multorum
552 1276 694 1372 operis²
709 1278 855 1374 penitus
870 1279 989 1348 exciso
1012 1273 1126 1345 :nihil
1140 1287 1214 1343 tam
1232 1271 1392 1342 clausum

335 1379 525 1465 aderitus,
543 1384 633 1455 nihil
647 1398 719 1456 tam
732 1400 875 1483 septum
889 1385 1072 1484 undique,
1088 1382 1179 1453 nihil
1188 1396 1260 1453 tam
1273 1395 1392 1451 tutum

336 1487 382 1558 ad
403 1491 599 1581 custodias,
623 1517 691 1566 nec
718 1493 816 1581 lieri,
839 1520 906 1567 nec
929 1497 1075 1593 cogitari
1100 1505 1231 1590 potest.
1262 1496 1306 1562 ln
1329 1489 1392 1562 has

337 1595 542 1688 lautumias,
561 1604 670 1699 siqui
689 1601 833 1700 publice
855 1601 1081 1678 custodiendi
1101 1615 1207 1690 suut,
1223 1602 1326 1671 etiam
1349 1623 1393 1670 ex

335 1708 462 1778 ceteris
486 1710 629 1807 oppidis
654 1713 777 1784 Siciliae
795 1713 924 1785 deduci
945 1716 1178 1810 imperantur.
1199 1714 1252 1782 Eo
1272 1705 1391 1808 qu0d³

336 1815 470 1888 multos
495 1824 654 1917 captivos
680 1823 775 1893 cives
800 1846 969 1895 romanos
994 1823 1212 1918 conjecerat,
1239 1834 1276 1892 et
1294 1817 1392 1917 quod

336 1924 465 1997 codem
481 1942 620 2000 ceteros
633 1932 765 2028 piratas
781 1932 950 2003 contrudi
969 1934 1180 2030 imperarat,
1200 1928 1392 2018 intellexit,

335 2040 366 2106 si
387 2035 486 2110 hunc
499 2038 747 2111 subdititiuml
767 2041 1016 2140 archipiratam
1037 2044 1075 2112 in
1098 2038 1260 2112 camdem
1278 2050 1393 2108 custo-

336 2144 432 2217 diam
449 2147 724 2240 dedisset,lore,
742 2166 784 2223 ut
805 2177 826 2223 a
845 2153 982 2236 multis,
996 2150 1108 2222 illisiu
1122 2150 1302 2220 lautumiis
1314 2170 1393 2234 ,vc-

335 2279 396 2328 rus
411 2257 472 2329 ille
485 2257 560 2330 dux
574 2276 805 2356 quaereretur.
816 2265 942 2361 Itaque
953 2262 1137 2333 hominem
1152 2258 1239 2330 huic
1252 2257 1394 2354 optimae

333 2367 588 2467 tutissimaeque
607 2369 776 2441 custodiae
794 2395 871 2442 non
889 2368 998 2442 audet
1016 2369 1239 2441 committere
1259 2394 1267 2435 :
1291 2363 1393 2435 deni·

334 2496 407 2566 que
422 2477 612 2568 Syracusas
627 2490 720 2548 totas
737 2481 842 2552 timet
861 2507 869 2550 :
893 2478 1061 2551 amandat
1077 2477 1269 2550 hominem.
1287 2475 1396 2563 Quo?

333 2578 536 2675 Lilybaeum
548 2582 718 2659 fortasse?
732 2588 849 2660 Video
862 2617 870 2658 :
884 2603 1005 2660 tamen
1020 2588 1183 2659 homines
1195 2582 1395 2654 maritimos

366 2834 477 2885 xxvn.
488 2834 789 2897 thumnensium
797 2852 842 2884 vo·
884 2853 927 2886 eus
938 2837 1015 2886 haeret
1027 2848 1171 2899 excavatus,
1181 2832 1316 2899 siquidem,
1324 2843 1352 2881 ut
1360 2832 1395 2882 ait

332 2914 367 2961 eia
379 2915 551 2980 orthographia
569 2931 653 2965 omues
666 2931 718 2963 nou
734 2930 839 2964 conam·
883 2913 1046 2975 Festus,iude
1053 2915 1129 2963 excisi
1140 2924 1200 2963 suut
1210 2911 1304 2977 lapidea
1313 2911 1344 2960 ad
1351 2927 1393 2959 ex·

331 2993 396 3042 tiunt
406 3007 412 3042 :
421 2993 475 3042 aliis
487 2993 567 3059 placet
580 2994 711 3053 umarioe,
724 2994 777 3042 aliis
791 2997 839 3041 La·
882 2993 1021 3042 struendam
1032 2992 1119 3040 urbem
1128 2994 1268 3056 Syracusas.

331 3081 427 3119 usmete.
448 3072 523 3135 Apud
536 3072 682 3133 nonnullos,
695 3072 838 3121 Motomioe.
918 3088 945 3122 a.
958 3071 1051 3136 Operis.
1064 3070 1095 3118 ld
1107 3082 1155 3129 eat,
1166 3065 1391 3117 laboribus.-Ad-

331 3147 371 3194 rit
380 3164 394 3195 a
404 3164 483 3211 graeco
493 3149 550 3206 λᾶς,
559 3149 629 3215 lapis,
640 3151 761 3218 etelrape
768 3163 837 3216 praet.
882 3162 950 3200 verte
958 3149 1018 3199 duas
1028 3160 1157 3213 negantes,
1170 3164 1225 3210 quse
1237 3162 1317 3212 graeco
1327 3160 1392 3194 ruore

331 3224 395 3272 med.
405 3226 474 3273 verbi
482 3226 584 3293 τέμνειν,
594 3229 695 3278 caedere.
707 3232 791 3295 ltaque
799 3235 841 3281 λα·
882 3230 959 3296 magis
968 3230 1009 3278 hic
1016 3224 1392 3292 negant-Publieecustodr'en·

330 3299 412 3368 rapiet
423 3314 479 3352 suut
488 3305 633 3368 lapicidinae.
642 3309 768 3369 Ejusmodi
775 3309 839 3375 lapi·
882 3310 910 3358 di
919 3320 983 3358 sunt.
992 3309 1021 3357 Id
1033 3318 1084 3369 eet,
1096 3306 1195 3371 publiea
1204 3305 1355 3353 auctoritate.

330 3380 436 3429 cidlnam
450 3384 595 3446 Syracusani
615 3400 661 3448 pro
683 3398 778 3434 carcere
795 3389 839 3436 ha·
917 3389 944 3437 3.
957 3390 994 3434 Eo
1004 3385 1078 3450 quod.
1090 3387 1153 3447 Quia
1164 3400 1209 3445 eo,
1219 3383 1246 3431 id
1256 3395 1303 3441 est,
1313 3382 1338 3429 in
1347 3381 1392 3429 has

330 3459 601 3525 boemun‘l'hucydides
610 3463 698 3526 quiens
706 3465 839 3532 λιθοτομίας
883 3461 1391 3515 latomias.-Eodem.1neumdemlocum.

329 3540 414 3588 codem
428 3556 498 3589 seusu
522 3551 609 3599 vocat,
630 3541 675 3588 sub
688 3540 760 3590 finem
779 3545 835 3593 libri
916 3552 942 3599 4.
963 3543 990 3590 Si
1001 3542 1066 3591 leuc
1087 3540 1236 3589 mbdr'tiu'um
1258 3539 1395 3603 archipira-

327 3622 377 3669 vlt
391 3621 513 3670 describit.
532 3620 667 3684 Diligenter
680 3638 738 3671 vero
751 3623 781 3671 de
795 3624 837 3672 illa
881 3635 942 3672 tam‚
956 3621 985 3667 ld
999 3631 1054 3683 est,
1068 3620 1176 3683 sihuuc,
1189 3636 1261 3684 quem
1271 3621 1297 3666 iu
1309 3618 1392 3665 locum

326 3701 474 3749 miseriarum
487 3701 543 3750 sede
557 3700 664 3766 disputat
673 3703 797 3752 D'Orrr'lle
808 3704 835 3751 iu
881 3701 932 3751 reri
945 3700 1095 3764 archipiratae
1105 3699 1314 3764 supposuerat,in
1324 3712 1394 3743 cum·

327 3780 421 3827 Siculis.
440 3781 565 3829 Carcerem
579 3781 648 3829 illum
662 3798 835 3846 syracusanum
879 3781 934 3830 dem
955 3795 1076 3828 carcerem
1100 3778 1258 3839 conjecisset,
1290 3777 1343 3823 lore
1362 3786 1393 3823 ut

240 3914 243 3919 Ι
326 3858 523 3909 acmdelissiuao
542 3872 647 3924 tyranno
664 3861 786 3925 Dionysio
798 3861 832 3908 la·
877 3862 977 3926 piratae,
1004 3860 1030 3906 in
1055 3858 1176 3907 lautumiis
1197 3857 1241 3920 qui
1265 3865 1343 3903 essem
1366 3864 1391 3899 et

326 3945 391 3981 ctum
407 3938 531 3997 Syracusis
543 3940 615 3987 luisse
625 3940 658 3985 uit
676 3939 716 3987 hic
731 3939 833 3986 ohseure
878 3939 945 3985 illum
959 3938 1127 4001 archipiratam
1137 3946 1236 3983 nossent
1244 3967 1253 3994 ,
1262 3935 1328 3981 hunc
1338 3946 1390 3978 ⁰0¹¹

326 4010 434 4069 Tullius,
451 4025 475 4059 et
493 4017 606 4064 disertius
628 4018 704 4073 iufra,
719 4033 774 4079 cap.
790 4017 833 4064 55.
879 4026 1036 4078 agnoscerent
1061 4025 1085 4061 et
1111 4030 1194 4061 veruna
1221 4010 1391 4075 rutupinum

327 4092 408 4151 Longe
419 4100 498 4137 nutem
512 4103 567 4140 aute
581 4093 728 4155 Dionysium
748 4094 788 4140 hic
800 4093 836 4140 lo·
882 4094 1052 4142 desiderarem.
