3200 4768
324 416 393 485 aad
637 417 684 485 Μ.
710 418 748 484 Τ.
775 417 1070 487 CICERONIS

318 563 420 611 mero
433 536 604 636 putabat;
618 536 662 608 ad
674 563 686 633 J
692 535 877 609 udicium⁶
889 536 1053 609 nondum
1066 563 1103 609 se
1116 541 1200 617 satis
1211 543 1385 613 instruite

321 666 395 722 rat:
411 650 548 747 primus
561 672 678 719 annus
692 662 769 718 erat
781 650 991 746 provinciae:
1009 673 1101 733 non,
1116 665 1157 721 ut
1170 654 1207 721 iu
1220 650 1385 737 Sthenio,

319 761 394 855 jam
418 756 571 829 refertus
601 759 763 854 pecunia.
792 763 920 854 ltaque
945 755 1048 828 furor
1066 761 1145 855 ejus
1165 762 1384 858 paullulum,

320 894 395 939 nou
415 866 575 964 pudore,
593 864 656 937 sed
675 880 773 937 metu
792 891 834 938 ac
851 871 982 938 timore
999 893 1186 967 repressus
1204 885 1281 942 est:
1301 897 1386 943 cou-

319 980 487 1049 ‹lemnare
506 973 707 1047 Diodorum
726 1001 804 1046 non
823 975 950 1064 audet3
968 975 1155 1048 absentem
1169 978 1215 1050 de
1232 982 1302 1051 reis
1318 982 1386 1052 exi·

323 1091 418 1160 mitt.
448 1085 630 1159 Diodorus
655 1086 813 1173 interea,
839 1101 993 1183 praetore
1021 1089 1111 1175 isto,
1136 1106 1250 1185 prope
1272 1092 1384 1159 trien-

322 1205 422 1270 nium
448 1196 633 1295 provincia
657 1194 840 1293 domoque
865 1197 992 1267 caruit.
1021 1197 1141 1267 Ceteri
1167 1222 1240 1267 non
1266 1198 1385 1269 solum

320 1307 449 1393 Siculi,
468 1304 531 1377 sed
550 1304 657 1374 etiam
676 1308 771 1375 cives
793 1307 932 1375 romani
953 1306 1024 1376 hoc
1042 1322 1239 1378 statuerant
1258 1336 1266 1378 ε
1291 1333 1384 1404 quo·

323 1422 420 1490 uiam
435 1418 501 1487 iste
516 1428 656 1485 tautum
671 1414 867 1513 cupiditate
882 1416 1174 1514 progrederetur,
1189 1418 1277 1488 nihil
1291 1444 1383 1507 esse,

322 1527 422 1625 quod
447 1526 639 1624 quisquam
663 1537 806 1621 putaret
832 1550 891 1612 se,
916 1525 1016 1623 quod
1042 1526 1102 1597 isti
1127 1526 1251 1624 paullo
1274 1531 1386 1624 magis

320 1638 495 1736 placeret,
514 1657 743 1721 conservare,
762 1648 824 1705 aut
842 1635 941 1705 domi
958 1637 1116 1707 retinere
1134 1660 1252 1734 posse.

371 1751 447 1817 XX.
475 1750 602 1815 Postea
630 1768 853 1840 veroquam
881 1744 1162 1830 intellexeruut,
1189 1747 1247 1816 isti
1268 1748 1384 1818 virum

321 1856 468 1942 fortem,
487 1858 760 1950 quem'summe
778 1852 962 1950 provincia
983 1852 1232 1950 exspectabat,
1254 1858 1297 1945 Q.
1321 1859 1385 1925 Ar-

321 1968 417 2036 rium
433 1989 507 2034 non
521 1962 730 2048 su'ccedere3
747 1974 949 2032 statuerunt
963 1985 1001 2031 se
1015 1961 1105 2031 nihil
1122 1977 1193 2032 tam
1209 1963 1384 2051 clausum,

322 2100 442 2171 neque
458 2089 530 2144 tam
550 2071 777 2142 reconditum
795 2094 899 2167 posse
912 2069 1063 2155 habere,
1079 2071 1180 2167 quod
1194 2097 1268 2142 nou
1283 2074 1385 2143 istius

324 2181 511 2282 cupiditati
543 2182 806 2278 apertissimum
840 2182 1243 2277 promptissimumque¹
1280 2198 1383 2255 esset.

323 2300 415 2365 'l'um
447 2297 514 2363 iste
540 2289 585 2362 ab
613 2292 735 2387 equite
763 2313 913 2360 romano
940 2288 1130 2386 splendido
1152 2304 1188 2361 et
1210 2293 1384 2389 gratioso,

324 2410 389 2475 Cn.
409 2401 567 2486 Calidio,
597 2402 701 2495 cujus
724 2398 837 2473 filium
868 2398 1003 2472 sciebat
1031 2414 1231 2472 senatorem
1259 2403 1386 2501 populi

323 2511 463 2582 romani
494 2523 530 2579 et
557 2507 715 2601 judicem
747 2533 844 2591 esse,
871 2510 1072 2606 equuleos²
1101 2527 1290 2608 argenteos
1319 2522 1411 2587 uo-'

323 2621 435 2707 biles,
467 2621 603 2715 quique
632 2616 799 2689 maximi³
826 2616 985 2706 fuerant,
1018 2619 1145 2692 aufert.
1171 2623 1386 2720 Imprudens

325 2732 398 2802 huc
416 2727 543 2814 incidi,
556 2726 714 2822 judices3
734 2729 820 2798 emit
838 2729 953 2817 enim,
972 2754 1048 2799 nou
1066 2729 1231 2802 abstulit:
1251 2733 1385 2805 nollem

325 2844 475 2927 dixisse:
493 2836 642 2935 jactabit
656 2863 694 2909 se
704 2840 731 2923 ⁴,
745 2840 830 2908 etin
844 2837 899 2907 his
912 2835 1088 2934 equitabit
1105 2840 1277 2936 equuleis.
1289 2845 1384 2929 Emi;

325 2955 514 3054 pecuniam
544 2951 644 3021 solvi.
671 2948 809 3034 Credo,
836 2948 942 3019 etiam
962 2945 1116 3019 tabulae⁵
1137 2950 1384 3047 proferentur:

360 3192 386 3237 6.
404 3186 581 3252 adjudicium.
593 3185 711 3235 Nondum
720 3184 753 3235 ad
765 3197 832 3250 repe·
876 3186 957 3248 1‚76;
970 3187 1044 3236 Mart.
1051 3189 1123 3250 vm,
1134 3188 1311 3252 memorata,
1320 3202 1386 3240 extra

325 3267 457 3315 turdarum
476 3267 667 3330 corrumpendos
685 3265 781 3330 judices
807 3281 833 3312 ae
877 3279 932 3326 quoe
946 3280 1018 3329 caper
1031 3266 1151 3315 exstabat.

323 3347 381 3395 ratis
394 3348 496 3409 pecunia
508 3363 539 3395 ex
551 3346 622 3395 turris
634 3358 659 3395 et
676 3346 768 3409 iniquis
789 3344 832 3392 dr·
913 3343 939 3390 3.
955 3344 1070 3392 Maximi.
1084 3346 1178 3409 Nempe
1189 3347 1272 3410 pretii.
1283 3347 1323 3394 Sic
1336 3346 1386 3410 ple·

325 3426 491 3476 unctionibus
501 3436 641 3473 coacervata
655 3425 808 3473 instruxerat.
877 3421 947 3484 rique
961 3421 1022 3467 MSS
1034 3433 1059 3469 et
1072 3424 1149 3471 Prior.
1160 3427 1208 3484 111,
1219 3443 1275 3491 pag.
1288 3426 1337 3471 618
1347 3424 1386 3472 ed.

362 3523 386 3568 7.
399 3507 435 3553 De
447 3503 493 3553 reis
506 3503 600 3552 eximit.
614 3503 718 3552 Diodori
727 3502 832 3551 absentia
878 3496 975 3545 Putrclt.
995 3497 1043 3544 Sed
1063 3499 1122 3548 edd.
1141 3513 1200 3551 vett.
1224 3504 1312 3552 habent
1325 3506 1387 3568 «qui

324 3601 431 3642 nomen,
442 3582 511 3646 quod
523 3597 619 3630 rromm
632 3582 658 3629 in
667 3580 749 3630 album
767 3593 832 3630 retu·
877 3575 907 3635 Q·
914 3574 1037 3623 Mflxlmlr·
1043 3577 1108 3639 Qun·
1119 3583 1282 3649 sequuti'sunt
1292 3583 1386 3631 Harler.

323 3665 402 3722 lent,
419 3660 494 3709 deleri
505 3660 584 3722 jubet.
877 3663 901 3701 ct
914 3652 1011 3703 Schiitz.

359 3742 420 3789 XX.
434 3737 833 3802 1.Pmmptisrr'mum.Admanum
913 3742 939 3789 l·
953 3737 1063 3785 lactabit
1072 3755 1107 3788 se.
1117 3740 1212 3803 Nempe
1221 3740 1334 3789 idoneam
1346 3756 1387 3787 m-

324 3820 428 3867 mxime
440 3819 560 3882 positum.
877 3823 931 3861 ctus
945 3813 1161 3866 defensionem-
1176 3817 1385 3881 Equitabieeqrer-

362 3914 384 3945 ι.
395 3897 658 3959 Equuleos.llquomm
677 3895 767 3959 pullos.
779 3896 832 3956 ap·
877 3892 927 3942 leis.
954 3895 1115 3952 Insolentiae,
1142 3896 1210 3957 quod
1231 3895 1277 3941 hor
1298 3910 1387 3957 parvos

323 3985 391 4039 paret
408 3975 481 4021 fulsw
493 3985 594 4036 argento
604 3972 792 4032 confictos,qul
806 3972 830 4018 ln
875 3988 951 4035 equos
974 3974 1072 4033 emerit,
1086 3991 1112 4021 ae
1129 3960 1245 4032 lactabit,
1267 3973 1326 4021 tullll
1352 3977 1387 4023 ln·

321 4051 410 4099 caelatis
423 4052 485 4097 rasis
500 4063 567 4099 extra
587 4053 683 4100 itabant
702 4061 726 4097 et
737 4047 830 4095 emine·
875 4052 982 4103 rultabit.
995 4056 1060 4102 Joco
1074 4054 1157 4102 nescio
1170 4069 1201 4101 an
1214 4053 1343 4116 frigidiori.

319 4129 393 4189 bonu
411 4129 491 4192 qualia
512 4140 579 4176 erant
597 4128 684 4192 pocula
702 4143 716 4175 a
736 4127 825 4177 Juveu.
909 4133 934 4180 5.
952 4133 1052 4181 Taluloe
1060 4132 1222 4198 proferentur.
1237 4135 1334 4182 ironice
1347 4134 1385 4181 di·
