3054 4772
359 446 675 518 oaar1orao
698 446 755 517 Μ’.
782 451 1022 523 ronruro.
1149 453 1224 552 659
1291 386 1305 401 .

157 569 351 641 immanem
369 592 410 639 ac
427 566 615 640 barbaram
632 570 932 643 consuetudinem
946 571 1139 647 hominum
1149 580 1221 649 im·

157 677 433 751 molandorum?
450 678 715 770 Quamobrem,
738 682 837 778 quali
857 680 948 770 fide,
971 684 1069 780 quali
1086 689 1221 783 pietate

156 791 365 862 existimatis
386 812 464 860 esse
485 814 566 876 eos,
581 792 645 886 qui
662 792 769 862 etiam
787 791 874 863 deos
890 793 1110 869 immortales
1125 796 1222 875 arbi-

153 914 297 975 trentur
317 899 507 973 hominum
524 899 658 975 scelere
676 914 713 974 et
731 903 906 999 sanguine
923 901 1090 979 facillime
1110 930 1219 1005 posse

156 1009 312 1109 placari?

205 1125 297 1193 Cum
311 1118 368 1193 his
388 1143 453 1191 vos
470 1116 624 1195 testibus
641 1133 796 1194 vestram
813 1120 1050 1220 religionam⁶
1066 1126 1223 1222 conjun-

155 1228 270 1328 getis?
287 1226 334 1301 ab
351 1226 409 1298 his
431 1228 631 1326 quidquam
648 1243 770 1305 sancte
795 1246 858 1303 aut
876 1233 1061 1309 moderate
1082 1235 1223 1311 dictum

155 1337 348 1438 putabitis?
368 1341 447 1408 Hoc
469 1353 595 1411 vestrae
617 1354 758 1415 mentes
784 1354 860 1413 tam
884 1357 1004 1431 caatae,
1028 1358 1101 1416 tam
1128 1348 1224 1419 inte·

154 1470 243 1545 grae,
262 1444 332 1517 sihi
351 1447 570 1543 suscipient,
594 1461 654 1535 ut,
674 1475 789 1545 quum
814 1474 943 1527 omnes
960 1453 1068 1551 legati
1088 1457 1224 1545 nostri,

156 1557 219 1654 qui
240 1554 302 1625 illo
322 1556 506 1628 triennio⁷
528 1556 567 1628 in
587 1556 739 1629 Galliam
757 1578 957 1651 venerunt,
974 1590 1102 1637 omnes
1118 1569 1224 1665 equi·

154 1681 208 1741 tes
226 1668 382 1754 romani,
402 1669 466 1763 qui
485 1669 524 1737 iu
541 1666 600 1738 illa
621 1670 811 1764 provincia
827 1668 998 1760 firerunt,
1014 1700 1141 1748 omnes
1159 1701 1229 1751 nez

153 1778 349 1874 gotiatores
370 1777 450 1872 ejus
475 1777 691 1875 provinciae,
712 1776 872 1877 denique
893 1806 1036 1871 omnes,
1053 1787 1092 1856 in
1110 1785 1227 1860 Gallia

155 1891 338 1984 quisunt,
356 1887 444 1959 socii
465 1887 597 1984 populi
618 1888 759 1963 romani
778 1904 888 1987 atque
907 1893 1031 1981 amici,
1045 1893 1106 1965 Μ’.
1128 1899 1225 1968 Fon·

154 2003 268 2075 teium
301 2000 523 2073 incolumem
549 2025 627 2073 esse
653 2004 826 2099 cupiant,
852 2004 964 2098 jurati
990 2008 1158 2102 privatim
1188 2023 1230 2083 at

154 2111 301 2210 publice
320 2109 490 2200 laudent;
510 2135 575 2183 vos
596 2124 719 2184 tamen
743 2111 855 2185 Gallis
876 2112 1022 2185 credere
1042 2111 1227 2189 malitisfli

155 2220 246 2320 quld
264 2221 462 2319 utsequuti
475 2246 552 2294 esse
568 2219 785 2293 videamini?
805 2222 1088 2297 voluntatemne
1106 2224 1226 2300 homi·

154 2330 268 2405 uum?
294 2333 448 2405 Gravior
475 2330 588 2428 igitur
615 2331 718 2402 vobis
754 2332 823 2403 erit
851 2330 1013 2405 hostium
1040 2334 1226 2428 voluntas,
1316 2402 1320 2408 .

154 2466 264 2537 quam
284 2440 440 2515 civium?
457 2443 515 2512 An
530 2437 741 2538 dignitatem
756 2443 925 2516 testium?
945 2448 1098 2519 Potestis
1115 2448 1227 2546 igitur

152 2553 297 2649 ignotos
314 2552 429 2637 notis,
449 2550 598 2649 iniquos
615 2554 748 2650 aequis,
769 2553 987 2651 alienigenas
1002 2554 1225 2648 domesticis,

154 2659 308 2759 cupidos
327 2659 539 2749 moderatis,
558 2663 801 2735 mercenarios
818 2664 1001 2760 gratuitis,
1022 2666 1154 2763 impios
1167 2690 1224 2741 re·

155 2773 305 2871 ligiosis,
321 2771 588 2845 inimicissimos
610 2771 696 2845 huic
709 2774 864 2870 imperio
882 2798 924 2846 ac
939 2777 1099 2864 nomini,
1115 2775 1224 2851 bonis

154 2909 196 2956 ac
215 2881 385 2955 fidelibus
405 2895 442 2954 et
462 2883 568 2955 sociis
589 2895 627 2953 et
642 2881 781 2955 civibus
802 2881 1005 2955 autelerre?

202 2997 296 3066 XIV.
320 2997 379 3067 An
400 3016 487 3065 vero
507 2990 700 3082 dubitatis,
715 2991 876 3088 judices,
895 2994 987 3091 quin
1007 2994 1131 3066 insitas
1152 2997 1223 3068 ini·

152 3105 304 3177 micitias
319 3105 394 3177 istae
414 3115 540 3200 gentes
557 3125 685 3175 ornnes
700 3117 737 3176 et
756 3102 915 3175 habeant
934 3117 972 3175 et
989 3117 1118 3203 gerant
1135 3129 1221 3177 cum

152 3213 280 3315 populi
295 3214 435 3283 romani
450 3211 619 3283 nomine?
635 3215 693 3285 Sic
707 3214 914 3287 existimatis
930 3238 992 3287 eos
1006 3213 1067 3285 hic
1082 3227 1223 3312 sagatos

153 3323 436 3421 braccatosque¹
459 3326 610 3410 versari,
627 3323 749 3395 animo
766 3323 923 3401 demisso
942 3337 1051 3421 atque
1070 3321 1219 3415 humili,

179 3470 215 3539 Δ6.
231 3494 341 3541 Vestram
353 3486 501 3554 religionem.
515 3488 665 3537 &cementi
743 3489 768 3537 8.
782 3492 866 3537 Faern.
880 3470 1100 3559 hmbinJGrunr.
1115 3506 1129 3539 s
1144 3489 1221 3541 codd.

153 3569 229 3617 vestri
244 3567 329 3627 fidem,
344 3582 417 3632 qum
437 3566 544 3616 fideliter
556 3582 666 3631 unquam
707 3568 856 3617 vaticanae
875 3570 962 3637 Frane.
975 3583 1031 3617 oum
1044 3566 1220 3634 Genesaram

152 3649 300 3699 misnens!
311 3647 432 3706 Romani,
446 3647 504 3695 sat'u
520 3659 560 3697 tot
569 3646 666 3713 decepti
709 3645 806 3695 maden.
821 3649 846 3697 J.
861 3648 893 3694 V.
908 3648 937 3695 L.

154 3745 235 3793 reges,
246 3744 291 3794 per
302 3727 389 3779 dolum
402 3726 509 3777 subactas
527 3738 610 3792 guttas
623 3726 676 3776 do·v
743 3726 812 3775 nt.
832 3726 923 3790 nSq.
940 3725 964 3776 b.
975 3725 1083 3791 Saffum,
1099 3739 1152 3773 non
1159 3723 1223 3778 illud

154 3808 255 3857 clarent.
708 3820 759 3869 quo
770 3803 903 3855 utebantur
910 3803 1005 3853 romani
1013 3803 1118 3863 milites,
1129 3813 1224 3870 stregu-

190 3905 214 3948 7.
221 3887 269 3936 Illo
279 3885 393 3937 triennio.
406 3889 463 3949 Quo
473 3885 589 3933 Fonteius
600 3899 665 3948 pm-
708 3884 739 3933 ln
751 3883 825 3931 vestis
835 3898 911 3948 geum
923 3894 988 3942 emt,
1001 3898 1052 3931 non
1065 3882 1175 3933 ahmans
1185 3887 1225 3937 ui.

154 3978 195 4015 tor
208 3966 293 4015 Galliis
305 3966 415 4031 praefuit.
426 3965 550 4014 Praetoria
562 3962 667 4029 provin·
708 3961 777 4011 licio.
796 3964 886 4013 Bracae
898 3973 979 4010 antem
992 3962 1077 4011 stricta
1087 3964 1161 4013 vestii
1170 3976 1225 4015 erat

155 4046 199 4093 οἰκ
209 4046 318 4110 quamvis
332 4046 360 4093 in
372 4062 464 4093 aunum
481 4060 556 4093 unum
570 4043 666 4093 obtine·
709 4042 771 4090 varii
780 4041 882 4103 coloris,
891 4057 946 4109 qun
952 4056 1059 4091 murano
1068 4041 1227 4092 tibissinclu·

153 4134 252 4185 oentur3
268 4122 411 4188 plerumque
422 4123 665 4190 prorogabunturmt
709 4120 789 4171 debat
812 4120 873 4171 Inde
888 4122 1004 4173 Braecata
1022 4132 1047 4169 st
1062 4123 1147 4187 Sagun
1167 4123 1225 4172 Gal-

153 4203 240 4263 Μή,
251 4215 278 4251 ut
287 4204 420 4264 Pisoni,nt
429 4203 482 4251 aliis
492 4202 640 4253 innumeris.
709 4201 740 4249 lis
753 4200 844 4251 dicitnr
860 4216 889 4250 u
898 4216 955 4267 quat
975 4211 1041 4251 nans
1054 4200 1131 4265 Alpes
1143 4200 1227 4265 jaoet3

1036 4289 1096 4369 Aa.
