3176 4770
324 411 366 478 82
403 447 408 459 ·
639 408 685 473 Μ.
713 406 749 472 Τ.
778 394 1061 475 CICERONIS

323 555 400 615 ces;
420 548 534 599 annus
550 526 930 611 tertius3decumanus
947 529 1138 624 Apronius.
1161 532 1216 600 De
1234 534 1380 600 AEtnen·
1439 517 1444 525 ¹

321 638 421 708 sibus
456 658 633 733 perpauca
665 632 778 703 dicam
803 663 811 703 :
832 634 1002 704 dixerunt
1033 638 1128 706 enirn
1164 640 1231 735 ipsi
1261 642 1380 736 priore

319 750 460 819 actione
501 744 656 843 publice.
699 743 872 813 Memoria
909 746 1038 815 tenetis
1063 799 1073 831 ,
1112 746 1378 818 Artemidorum

319 862 523 929 AEtnensem
533 910 542 941 ,
553 854 739 950 legationis
753 853 831 946 ejus
844 857 1044 951 principem
1053 852 1222 952 publicc²
1242 855 1377 943 dicere,

317 970 516 1064 Apronium
542 964 679 1032 venisse
702 962 840 1033 AEtnanr
863 988 945 1033 cum
969 967 1151 1051 Veneriis;
1168 988 1313 1037 vocasse
1334 965 1379 1036 ad

317 1103 354 1148 se
370 1076 631 1171 magistratum3
647 1075 861 1170 imperasse,
876 1076 967 1145 utin
982 1073 1063 1147 foro
1078 1074 1145 1147 sibi
1161 1076 1281 1146 medio
1296 1078 1379 1148 lerti

314 1196 580 1268 sternerentur3
599 1180 761 1278 quotidie
782 1183 926 1253 solitum
946 1209 1023 1256 esse
1041 1210 1117 1255 non
1133 1184 1243 1258 modo
1258 1189 1296 1255 in
1313 1210 1379 1284 pu·

315 1295 429 1374 blico,
450 1289 510 1360 sed
534 1291 641 1360 etlam
669 1288 713 1360 de
735 1290 882 1387 publico
902 1296 1104 1381 convivari,
1126 1318 1241 1393 quum
1266 1300 1303 1366 in
1327 1299 1378 1367 eis

314 1401 483 1475 conviviis
497 1399 712 1496 symphonia
728 1412 889 1487 caneret,
900 1404 1132 1500 maximisque
1144 1401 1298 1501 poculis³
1314 1407 1377 1475 mi-

314 1514 536 1592 nistraretur,
553 1511 708 1580 retinere
724 1509 871 1581 solitum
890 1516 990 1582 essel
1011 1528 1185 1603 aratores,
1206 1530 1313 1612 atquc
1330 1514 1376 1586 ab

313 1623 355 1692 iis
379 1646 453 1690 non
474 1619 584 1691 modo
603 1619 872 1717 perinjurium,
893 1621 956 1693 sed
977 1627 1082 1694 etiarn
1102 1650 1168 1722 per
1189 1642 1378 1696 contume-

314 1733 414 1817 liam,
436 1744 574 1801 tanturn
602 1731 755 1826 exprimi
783 1728 976 1819 frumenti,
998 1749 1176 1829 quantum
1197 1738 1378 1833 Apronius

313 1846 531 1938 imperasset.
547 1839 705 1908 Audistis
720 1836 814 1920 haec,
827 1838 986 1932 judices,
1004 1864 1085 1936 quae
1098 1866 1198 1912 nunc
1213 1868 1280 1939 ogo
1297 1868 1376 1914 om-

312 1952 371 2020 nia
399 1962 572 2047 praetereo
598 1971 638 2015 ac
668 1945 846 2041 relinquo.
870 1942 963 2019 Nihil
991 1947 1035 2018 dc
1065 1950 1204 2021 luxuria
1229 1954 1377 2048 Apronii

312 2061 457 2157 loquor,
472 2057 562 2128 nihil
578 2056 622 2127 de
632 2054 852 2144 insolentia⁵,
866 2056 956 2127 nihil
971 2058 1015 2129 de
1030 2060 1201 2157 singulari
1216 2062 1377 2158 nequitia

311 2196 352 2242 ac
380 2167 629 2266 turpitudine:
657 2181 798 2238 tantum
829 2166 873 2238 de
900 2184 1039 2266 quaestu
1067 2195 1108 2241 ac
1134 2171 1235 2243 lucro
1260 2172 1373 2243 dicam

311 2284 418 2352 unius
441 2281 515 2375 agri
532 2290 570 2347 ct
592 2278 699 2348 unius
720 2280 828 2358 armi,
851 2302 925 2375 quo
948 2276 1084 2350 facilius
1102 2305 1165 2351 vos
1191 2282 1375 2375 conjectu·

309 2414 386 2460 ram
404 2389 448 2458 de
465 2388 640 2472 trionum,
657 2400 694 2455 'et
711 2387 757 2457 de
775 2403 851 2458 tota
869 2387 988 2459 Sicilia
1007 2387 1123 2461 facere
1138 2393 1290 2488 possitis.
1307 2392 1375 2461 Sed

310 2499 398 2569 mihi
415 2498 635 2567 AEtncnsiunr
655 2495 772 2567 brevis
797 2512 850 2567 est
876 2497 1037 2570 orati0⁶:
1059 2502 1125 2598 ipsi
1150 2503 1246 2571 enim
1272 2525 1376 2570 vene·

311 2622 417 2694 runt;
448 2607 515 2702 ipsi
548 2601 709 2701 publicas
740 2605 858 2678 literas
887 2608 1145 2706 deportarunt3
1172 2609 1376 2680 docuerunt

310 2743 391 2804 v0S,
410 2714 499 2814 quid
525 2712 644 2784 lucelli
657 2712 791 2785 'fecerit
810 2716 922 2789 homo
947 2744 1020 2789 non
1040 2720 1174 2805 malus,
1193 2717 1374 2790 familiaris

311 2826 489 2923 praetoris,
504 2826 685 2920 Apronius
697 2826 704 2894 l
716 2822 770 2912 id,
784 2844 923 2922 quaes0,
937 2852 979 2898 ex
993 2829 1154 2926 ipsorum
1167 2833 1373 2901 testimonio

312 2935 528 3031 cognoscite.
546 2935 669 3002 Recita
682 2932 932 3006 testimonium
949 2940 1182 3009 AEtnensium.
1199 2942 1374 3011 Trsrrno·

311 3069 403 3116 muru
421 3044 648 3113 AErurusrnu'.

358 3158 463 3224 XLV.
489 3148 587 3242 Quid
609 3151 681 3221 ais?
708 3150 784 3242 dic,
804 3153 881 3242 dic,
902 3180 1043 3257 quaeso,
1070 3158 1220 3241 clarum,
1244 3173 1284 3227 ut
1305 3180 1372 3254 po-

311 3263 416 3361 pulus
438 3284 609 3332 romanus
631 3257 676 3331 de
699 3265 772 3331 suis
793 3266 1042 3364 vectigalibus,
1067 3269 1112 3338 de
1131 3270 1205 3337 suis
1223 3270 1372 3337 aratori.-

347 3508 369 3541 π.
387 3489 485 3538 Publice
497 3487 584 3535 dicere.
599 3486 698 3535 Publica
716 3492 817 3535 auctori-
862 3490 1053 3553 praecedentibus
1083 3502 1162 3538 ortum
1193 3492 1275 3539 abesse
1302 3504 1372 3554 posse

309 3584 357 3623 tate
377 3568 531 3619 instructum.
862 3580 939 3632 putat.

344 3654 369 3702 3,
383 3648 501 3699 Maximis
509 3644 614 3712 poculis.
629 3646 725 3693 Dehoc
738 3662 817 3711 pocu-
898 3649 922 3695 5.
949 3648 1088 3696 Insolentia.
1114 3650 1172 3699 Post
1199 3652 1247 3699 hoc
1270 3651 1370 3699 verbum

308 3733 387 3780 lorum
400 3731 517 3790 majorum
526 3739 568 3774 aut
578 3727 737 3774 maximorum
747 3740 818 3773 ustie
863 3730 888 3776 F.
903 3728 1005 3776 Ursinus
1020 3730 1045 3775 in
1066 3732 1141 3777 veteri
1157 3730 1242 3778 codice
1259 3730 1371 3779 additum

309 3811 399 3857 Graecis
407 3809 516 3856 derivato
527 3806 601 3853 fusius
610 3805 659 3865 jam
670 3808 725 3854 Act.
734 3806 761 3859 l,
773 3804 816 3860 αθ,
863 3807 955 3854 invenit
975 3806 1058 3855 «nihil
1069 3807 1099 3855 tle
1113 3812 1228 3872 permissa
1246 3811 1277 3857 ab
1294 3827 1324 3858 eo
1342 3811 1370 3858 li·

309 3887 472 3935 disseruimus.
862 3888 939 3934 centia
949 3908 960 3927 ·
972 3903 979 3943 ;
995 3888 1063 3950 quod
1073 3888 1199 3950 glossatori
1216 3902 1251 3938 est
1262 3890 1369 3938 tribuen-

345 3984 367 4028 4.
387 3972 516 4020 Lambinus
527 3972 614 4035 corrig.
626 3968 724 4016 retaliari
734 3968 816 4014 solitos
861 3966 927 4014 dum.

308 4068 364 4100 esse.
377 4054 470 4099 Ernest.
483 4048 588 4115 plaudit.
602 4049 704 4109 Recepit
718 4042 815 4094 Schiitz.
896 4044 921 4091 6.
941 4045 1019 4092 Brevis
1037 4059 1072 4094 est
1087 4046 1176 4094 oratio.
1193 4047 1230 4095 De
1246 4050 1368 4095 AEtuensi·

306 4133 331 4179 J.
342 4134 373 4179 V.
383 4132 409 4179 L.
423 4155 455 4163 -
469 4130 587 4176 Gruterus
597 4135 675 4172 totum
688 4125 737 4172 hoe
748 4125 817 4172 lincis
861 4124 906 4171 bus
919 4123 1024 4171 breviter
1036 4137 1072 4172 est
1085 4126 1258 4174 disserendum.
