3200 4768
358 356 423 424 182
741 352 1017 421 EXCURSUS

352 499 419 555 sus,
443 492 478 554 τῷ
492 474 613 552 divisd,·
636 473 725 561 quod
743 472 947 562 jungendum
970 491 1037 536 erat
1065 500 1101 563 ro
1117 477 1231 558 grans.
1247 470 1410 535 Gracchus

353 580 483 645 dederat
498 582 699 642 frumentum
717 580 902 641 semissibus
916 595 948 641 ct
966 577 1137 642 trientibus
1151 577 1186 640 in
1201 577 1338 643 modios.
1352 578 1411 641 Re·

353 688 481 750 miserat
509 687 655 749 semisses
679 702 711 748 et
737 686 867 748 trientes
896 686 1070 773 Apuleius,
1095 701 1127 748 et
1151 684 1247 772 gratis
1269 683 1409 748 dederat.

351 792 487 878 Apuleia
502 792 552 854 lex
568 791 702 876 perlata,
716 790 866 877 Caepione
880 786 1117 869 intercedente,
1135 812 1201 853 non
1219 789 1333 853 fuerat.
1351 791 1412 852 Re·

350 896 453 963 stituit
466 919 535 959 eam
550 894 698 976 Clodius,
716 911 749 959 et
760 894 849 959 dedit
864 896 883 960 i.
898 918 925 959 e.
940 896 1085 959 dandum
1098 895 1174 958 tulit
1187 917 1290 957 rursus
1304 896 1408 982 gratis.
1522 970 1525 975 ν

350 1001 442 1064 Hanc
458 999 560 1063 Clodii
576 972 808 1087 legeniCicero
827 1001 936 1064 multis
955 1001 1032 1064 loeis
1048 1002 1233 1088 impugnat,
1250 1015 1288 1061 ut
1306 999 1413 1086 perni·
1515 1080 1518 1085 4

352 1105 490 1185 ciosum,
508 1121 540 1168 et
556 1122 680 1192 pestem
703 1106 824 1187 aerarii,
844 1106 870 1168 si
888 1105 1020 1192 quidem
1037 1128 1074 1168 ea
1090 1105 1159 1192 lege
1178 1104 1291 1190 quinta
1308 1125 1411 1190 prope

353 1235 426 1299 pars
441 1212 644 1300 vectigalium
660 1212 835 1276 tolleretur.
850 1212 923 1276 Vid.
941 1236 1000 1300 pro
1016 1212 1095 1275 Sest.
1110 1213 1178 1298 cap.
1194 1208 1245 1273 25.

395 1317 506 1382 Clodia
527 1318 577 1381 lex
593 1317 697 1406 viguit
713 1318 861 1382 omnium
886 1317 1077 1382 diutissime.
1096 1317 1209 1398 Quum
1229 1315 1315 1378 enim
1336 1314 1411 1377 reli·

349 1442 421 1510 quaa
437 1422 478 1486 ad
494 1422 592 1487 breve
608 1424 748 1511 spatium
765 1424 919 1510 temporis
940 1423 1062 1486 fuerint
1079 1438 1170 1501 ratae,
1189 1421 1278 1498 haec,
1295 1419 1336 1482 ad
1351 1421 1411 1483 tria

350 1530 480 1609 saecula,
497 1528 557 1592 fixa
577 1544 609 1592 et
625 1527 717 1592 firma
733 1530 955 1617 perseveravit.
972 1530 1074 1592 Causa
1093 1527 1156 1590 fuit
1175 1526 1328 1606 ambitio,
1343 1547 1411 1588 ma·

351 1651 400 1696 ter
418 1633 558 1697 civilium
575 1634 745 1698 bellorum.
761 1636 851 1698 Dum
866 1656 963 1696 nemo
979 1633 1164 1721 principum
1179 1652 1291 1719 parem
1307 1632 1412 1709 ferret,

351 1735 473 1798 nedum
490 1739 649 1825 priorem,
667 1739 847 1802 servierunt
864 1760 976 1801 omnes
994 1738 1081 1826 plebi
1098 1738 1221 1801 miseris
1241 1734 1362 1815 modis,
1380 1751 1412 1797 et

350 1839 464 1927 populi
496 1842 648 1927 gratiam,
676 1841 859 1928 reipublicae
883 1841 1120 1917 incommodis,
1146 1841 1296 1927 aucupati
1325 1855 1410 1902 sunt.

351 1944 436 2008 Hinc
460 1966 528 2007 non
553 1965 650 2007 ausus
676 1961 724 2007 cst
751 1946 922 2033 quisquam
949 1946 1086 2009 verbum
1114 1967 1217 2008 unum
1243 1945 1346 2006 facere
1370 1941 1411 2005 de

350 2049 461 2114 Clodia
483 2050 552 2139 lege
575 2050 767 2139 abroganda.
791 2051 949 2115 Praeterea
965 2075 1066 2139 quum
1086 2051 1265 2139 respublica
1283 2048 1412 2113 redacta

350 2157 412 2219 fuit
428 2156 461 2217 in
480 2155 578 2219 unius
595 2172 805 2244 potestatem,
826 2159 929 2224 Caesar
945 2181 1055 2221 rerum
1073 2158 1211 2246 potitus,
1228 2172 1260 2219 et
1277 2154 1334 2243 qui
1350 2157 1413 2219 Cae-

349 2284 452 2324 sarem
482 2263 610 2348 sequuti
639 2279 717 2326 sunt
742 2264 976 2350 Imperatores,
1006 2262 1228 2326 animadverso
1254 2277 1412 2348 quantum

350 2383 434 2428 esset
449 2383 651 2429 momentum
670 2369 704 2429 in
720 2357 908 2447 hujusmodi
925 2354 1148 2458 largitionibus
1168 2365 1208 2430 ad
1225 2368 1326 2454 plebis
1342 2367 1412 2430 ani·

351 2491 421 2532 mos
446 2470 508 2532 sibi
531 2468 767 2552 conciliandos,
793 2473 899 2562 largiri
922 2488 1218 2561 perseveraverunt.
1240 2473 1355 2558 Neque
1376 2472 1411 2534 in

352 2576 518 2637 frumento
539 2590 707 2639 menstruo
729 2575 903 2642 dividendo
920 2579 1009 2643 stetit
1024 2601 1138 2642 corum
1156 2576 1341 2657 liberalitas,
1354 2574 1433 2640 sed‘

351 2696 470 2744 certam
488 2679 583 2743 etiam
601 2681 790 2768 pecuniam,
804 2683 946 2764 tunicas,
960 2685 1141 2771 porcinam,
1159 2683 1283 2764 oleum,
1297 2682 1410 2745 vinum

350 2787 525 2872 plebeculae
550 2786 738 2852 diviserunt
765 2787 828 2852 Sed
845 2789 911 2853 ista
932 2812 999 2852 non
1021 2807 1099 2854 sunt
1121 2790 1217 2870 hujus
1240 2788 1341 2852 nostri
1358 2788 1411 2850 in·

349 2893 462 2957 stituti.

390 2997 462 3087 =Vll.
483 2997 647 3061 Hactenus
672 2997 713 3061 de
736 2998 835 3060 initiis
858 2999 1075 3063 frumentariae
1095 2999 1292 3088 largitionis,
1317 2996 1410 3061 etde

347 3100 472 3187 legibus
494 3098 534 3162 ad
560 3124 630 3164 eam
658 3103 916 3188 pertinentibus,
943 3106 1091 3192 sequitur
1114 3122 1153 3168 ut
1179 3104 1342 3193 disputem
1369 3103 1410 3167 de

346 3203 446 3266 modo
467 3205 641 3286 frumenti,
660 3228 717 3269 seu
734 3204 775 3270 de
793 3228 929 3273 numero
949 3209 1134 3275 modiorum
1157 3210 1214 3296 qui
1239 3208 1409 3274 dabantur.

347 3309 547 3391 Gracchum,
566 3310 624 3397 qui
640 3311 764 3398 primus
781 3310 822 3376 de
838 3329 918 3378 stata
933 3338 969 3377 ac
986 3329 1142 3401 perpetua
1158 3313 1410 3378 frumentatione

346 3417 449 3504 legem
468 3417 559 3498 tulit,
578 3415 619 3481 de
635 3417 843 3484 modoetiam
858 3420 1014 3483 frumenti
1031 3419 1121 3506 quod
1138 3419 1278 3504 daretur,
1292 3421 1411 3485 cavisse

240 3539 245 3551 ⁸
349 3522 517 3587 verisimile
529 3539 597 3587 est:
611 3523 667 3587 sed
680 3541 800 3612 quanta
811 3524 909 3588 suerit
921 3524 991 3587 haec
1001 3541 1166 3589 menstrua
1177 3526 1301 3614 largitio
1314 3547 1412 3590 nemo

345 3630 511 3710 mnium,
526 3630 583 3717 qui
600 3647 737 3712 exstant,
754 3648 900 3696 veterum
918 3630 1129 3717 scriptorum,
1144 3649 1182 3695 ut
1197 3633 1324 3719 opinor,
1336 3652 1412 3715 pro·

344 3733 434 3799 didit.
458 3736 571 3827 ltaque
594 3735 788 3801 tentandum
806 3758 847 3798 an
867 3757 935 3798 rem
951 3737 1078 3824 assequi
1100 3737 1285 3816 conjectura
1304 3732 1410 3820 possi·
1488 3778 1491 3783 «

343 3861 425 3903 mus.
438 3841 543 3907 Servis
555 3842 690 3931 singulis
706 3842 824 3906 cibaria
840 3863 897 3927 per
910 3841 1052 3905 hiemem
1067 3843 1163 3905 tritici
1178 3838 1304 3905 modios
1320 3860 1410 3900 men·
1478 3850 1489 3869 ²

344 3958 450 4007 struos
478 3963 618 4032 quatuor
640 3947 788 4011 attribuit
814 3947 911 4029 Cato,
933 3945 973 4011 de
998 3949 1045 4011 Re
1067 3949 1160 4012 Rust.
1183 3970 1250 4034 cap.
1275 3944 1332 4025 56,
1350 3966 1410 4032 per

342 4062 501 4127 testatem,
535 4066 675 4134 quatuor
699 4068 731 4114 et
752 4053 863 4118 semis.
894 4084 907 4107 «
935 4054 1040 4136 Servi,
1069 4054 1175 4139 inquit
1198 4053 1345 4116 Donatus
1374 4050 1408 4112 in
