3200 4768
510 444 576 510 DE
601 444 665 510 RE
690 444 1070 512 FRUMENTARIA.
1250 444 1315 537 187

261 567 362 630 tertiae
376 564 490 652 partis,
507 563 571 628 hoc
584 580 646 644 est,
662 562 891 652 septemdecim
911 563 1048 626 millium
1071 564 1231 628 accessio:
1247 586 1320 651 quae

261 692 337 735 sane
361 670 489 757 gratim
509 668 538 730 ei
563 663 629 730 n'on
648 667 825 750 videbitur,
844 669 900 755 qui
921 668 1075 755 tantisper
1090 669 1262 733 attenderit
1279 668 1321 737 td

260 775 341 839 illud
363 773 506 838 Oratoris
531 772 701 837 artificium
719 771 808 860 quod
824 777 990 861 proposui.
1014 772 1178 837 Medimna
1196 774 1321 862 singula

260 881 387 946 modios
413 902 564 944 romanos
592 880 724 967 capiunt
750 903 815 945 sex.
845 880 930 967 Ergo
962 879 1194 967 quinquaginta
1217 878 1320 942 medi·

247 994 374 1051 'ninum
388 1004 483 1051 erunt
499 1003 640 1050 trecenta
653 987 798 1050 modium
813 986 929 1066 millia,
943 998 1015 1070 quae
1030 982 1196 1048 sufficiunt
1213 984 1320 1049 horni-

261 1114 340 1156 num
363 1094 525 1182 sexaginta
551 1092 692 1155 millibus
717 1091 857 1171 alendis,
884 1108 921 1155 ut
940 1089 1057 1157 modus
1074 1090 1230 1153 frumenti
1250 1091 1323 1154 fue·

258 1198 325 1262 rint
341 1200 376 1261 in
392 1200 538 1286 singulos
555 1196 655 1261 modii
673 1200 774 1284 quini.
793 1202 860 1263 Ant
878 1196 976 1286 igitur
991 1197 1059 1259 haec
1079 1197 1166 1283 ipsa,
1188 1213 1243 1259 aut
1261 1196 1323 1260 cir·

258 1303 357 1385 citer,
385 1326 456 1365 mea
486 1302 618 1389 quidem
647 1284 826 1378 sententia,
854 1302 1027 1365 hominum
1052 1300 1228 1364 multitudo
1252 1302 1324 1389 lege

258 1408 408 1472 Terentia
424 1408 590 1496 publicum
609 1409 811 1472 frumentum
828 1409 960 1495 accepit.
979 1408 1024 1471 At
1042 1407 1322 1473 senatusconsulto

260 1514 353 1591 cujus
369 1530 481 1576 auctor
496 1515 557 1575 fuit
570 1514 616 1576 M.
635 1514 733 1593 Cato,
751 1515 953 1576 Contarenus
969 1512 1106 1575 admissa
1122 1511 1162 1576 ad
1180 1512 1324 1575 frumen·

260 1617 414 1680 tationem
440 1618 539 1681 fuisse
559 1618 731 1681 hominum
751 1618 848 1680 millia
871 1617 997 1681 circiter
1021 1634 1174 1699 centum,
1192 1618 1323 1698 conjicit

260 1742 299 1784 ex
315 1738 465 1809 sumptu,
483 1743 580 1809 quem
592 1716 716 1785 factum
731 1722 905 1808 quotannis
921 1723 953 1784 in
972 1744 1042 1785 eam
1056 1745 1125 1786 rem
1141 1723 1237 1787 tradit
1250 1723 1325 1787 Plu·

260 1826 398 1890 tarchus.

304 1932 414 1997 Clodia
430 1933 480 1996 lex
496 1934 619 1998 remisit
635 1933 781 1998 semisses
798 1951 831 1997 et
848 1935 997 2015 trientes,
1020 1934 1076 1999 sed
1093 1935 1321 2023 accipientium
1370 1982 1376 1993 .

258 2061 325 2101 non
344 2040 432 2102 auxit
455 2061 648 2120 numerum,
668 2040 725 2127 qui
752 2057 881 2126 postea,
899 2064 1002 2129 quum
1020 2064 1079 2128 per
1097 2041 1271 2104 seditiones
1290 2058 1324 2105 et

257 2144 339 2208 bella
352 2144 452 2208 civilia
466 2146 596 2232 plurimi
609 2146 812 2232 irrepsissent
823 2147 913 2210 nullo
922 2146 994 2224 jure
1003 2147 1036 2208 in
1051 2146 1107 2208 has
1120 2145 1323 2233 largitiones,

257 2248 337 2313 adeo
359 2252 476 2331 crevit,
499 2266 537 2313 ut
561 2267 644 2316 esset
667 2273 755 2315 anno
780 2252 877 2315 Urbis
900 2252 984 2337 708,
1011 2266 1191 2314 tercentum
1207 2250 1322 2337 viginti

257 2355 415 2420 millium:
430 2378 527 2444 quem
544 2357 659 2437 Caesar,
676 2356 866 2419 recensione
881 2355 979 2435 facta,
993 2355 1124 2418 retraxit
1135 2353 1177 2418 ad
1189 2371 1321 2419 centum

177 2526 179 2533 ,
256 2461 491 2549 quinquaginta
509 2460 617 2525 millia.
641 2462 774 2525 Sueton.
797 2461 829 2523 in
849 2460 912 2524 lul.
933 2483 1001 2548 cap.
1020 2465 1071 2540 41.
1088 2462 1185 2524 Hunc
1201 2484 1319 2525 nume·

256 2589 330 2629 rum
353 2569 520 2654 Augustus
542 2564 698 2654 produxit
722 2565 763 2629 ad
787 2565 927 2631 ducenta
953 2566 1125 2630 hominum
1143 2566 1251 2630 millia.
1271 2567 1321 2630 Er

256 2671 405 2736 Monrnn.
421 2676 541 2759 Ancyr.

299 2779 341 2842 X.
360 2778 463 2843 Pulsis
485 2778 634 2868 regibus,
654 2779 918 2866 procurationem
938 2778 985 2841 rei
1007 2778 1243 2859 frumentariae,
1261 2800 1321 2842 seu

258 2904 409 2965 annonae,
426 2882 460 2948 id
476 2900 542 2960 est,
560 2906 671 2948 curam
687 2884 818 2950 emendi
833 2883 1034 2947 frumentum
1049 2883 1082 2945 in
1100 2882 1274 2970 provinciis
1288 2899 1321 2946 et

257 2988 393 3050 Romam
412 2989 579 3071 mittendi,
601 2990 743 3078 suscepit
763 2991 910 3054 Senatus.
932 2990 1010 3055 Mox
1033 2988 1196 3054 AEdilibus
1216 2989 1320 3076 plebis

258 3095 525 3189 haecreipublioae
546 3123 620 3186 pars
641 3098 790 3163 mandata
807 3114 871 3182 est,
889 3099 988 3162 semel
1003 3113 1092 3161 extra
1111 3094 1259 3161 ordinem
1278 3096 1320 3161 ad

256 3201 291 3263 L.
308 3201 508 3283 Minucium,
527 3201 644 3266 deinde
661 3203 702 3266 ad
719 3202 842 3268 AEdiles
861 3203 988 3267 curules
1008 3202 1173 3281 translata,
1197 3200 1320 3288 diuque

257 3323 345 3395 gesta
360 3307 532 3395 praeclare:
549 3308 682 3372 fortasse
704 3332 806 3396 usque
829 3309 870 3374 ad
892 3312 995 3400 legem
1019 3309 1213 3373 Terentiam.
1236 3308 1320 3372 Sane

255 3428 382 3476 constat
397 3435 436 3476 ex
449 3415 608 3495 Asconio,
625 3417 758 3503 Argum.
774 3414 809 3477 in
824 3415 953 3479 Cornel.
966 3415 1136 3502 septennio
1154 3430 1229 3501 post
1248 3434 1318 3475 eam

254 3518 378 3606 legent,
404 3535 574 3606 praetorem
602 3519 643 3583 de
669 3520 833 3599 majestate
861 3543 973 3584 curam
1000 3520 1133 3607 gessisse
1163 3516 1319 3582 frumenti

253 3623 385 3709 publici.

296 3729 381 3816 Lege
409 3728 519 3793 Clodia
545 3728 576 3792 S.
603 3728 716 3793 Clodio
742 3729 868 3792 homini
892 3728 1113 3816 impurissimo
1132 3725 1318 3814 procuratio

253 3835 428 3914 frumenti,
452 3833 543 3922 quod
566 3835 692 3923 uspiam
715 3834 796 3915 fuit,
820 3832 936 3897 tradita
961 3850 1019 3897 est.
1038 3833 1104 3895 Cic.
1121 3853 1180 3919 pro
1198 3830 1318 3914 domo,

253 3961 320 4026 cap.
354 3939 405 4002 25.
431 3937 546 4003 Eidem
574 3955 683 4027 erepta
705 3962 793 4002 anno
820 3938 986 4026 sequenti,
1022 3953 1055 4001 ct
1076 3940 1135 4001 Cn.
1161 3938 1317 4026 Pompeio

255 4061 344 4108 extra
370 4044 518 4109 ordinem
547 4060 616 4109 toto
643 4045 723 4110 orbe
747 4062 907 4110 terrarum
929 4044 962 4107 in
989 4044 1249 4132 quinquennium
1271 4060 1319 4108 est

255 4146 365 4214 delata.
386 4152 492 4215 Africa
508 4167 600 4239 capta
619 4174 706 4215 anno
723 4151 803 4215 Urb.
819 4173 903 4238 709,
920 4151 1024 4215 Julius
1044 4153 1150 4217 Caesar
1162 4151 1256 4230 jussit
1269 4150 1316 4214 ri·
