3054 4772
325 380 399 463 656
640 383 689 463 Μ.
715 392 754 461 T.
780 389 1073 464 CICERONIS

298 581 303 588 .
321 517 388 597 ris,
400 527 443 584 ut
455 503 503 583 ill
521 513 655 583 Scauro
669 513 751 583 testi
767 534 843 583 non
862 512 1051 584 crederent
1066 539 1075 582 z
1090 534 1156 583 vos
1168 510 1368 585 Volcarum
1378 526 1399 559 ²

317 639 427 720 atque
447 620 686 719 Allobrogum
700 625 916 693 testimoniis
931 647 1008 693 non
1023 621 1170 694 credere
1183 624 1346 694 timetis?
1358 627 1398 697 Si

315 735 463 805 inimico
481 734 562 804 testi
588 731 687 804 credi
709 756 787 801 non
811 722 996 831 oportuit,
1022 733 1202 804 inimicior
1218 736 1395 808 Marcello

318 849 487 931 Crassus,
506 854 569 913 aut
582 838 747 913 Fimbria
762 843 916 913 Scaurus
934 867 978 913 ex
994 841 1158 915 civilibus
1173 842 1319 929 studiis,
1334 861 1395 917 at·

318 979 391 1052 que
408 951 672 1024 obtrectatione
691 949 910 1041 domestica,
928 977 1039 1049 quam
1053 952 1139 1024 huic
1153 953 1269 1024 Galli?
1289 958 1403 1045 Quo·

320 1089 419 1152 rum,
431 1065 495 1161 qui
509 1065 647 1161 optimo
660 1062 698 1131 in
713 1058 843 1133 causa³
857 1076 963 1150 sunt,
977 1065 1135 1159 equites,
1149 1060 1389 1151 frumentum,

318 1173 511 1271 pecuniam
530 1169 640 1242 semel
657 1185 767 1267 atque
786 1173 935 1256 iterum,
952 1195 995 1243 ao
1015 1175 1144 1270 saepius
1165 1174 1388 1262 invitissimi,

319 1282 405 1354 dare
432 1283 547 1353 coacti
570 1294 671 1368 sunt;
693 1280 820 1366 ceteri,
848 1284 977 1377 partim
1003 1304 1049 1351 ex
1069 1280 1252 1353 veteribus
1279 1279 1386 1354 bellis

319 1417 406 1490 agro
425 1391 583 1479 multati,
598 1393 729 1488 partim
744 1388 791 1459 ab
808 1389 880 1462 hoc
893 1392 974 1489 ipso
987 1387 1085 1463 bello
1099 1395 1257 1490 superati
1270 1408 1307 1465 et
1320 1418 1388 1492 op-

318 1506 443 1601 pressit
467 1503 521 1588 Si,
540 1501 604 1597 qui
622 1496 672 1570 ob
688 1497 838 1596 aliquod
855 1500 1143 1572 emolumentum
1161 1526 1266 1573 suum
1285 1506 1388 1607 cupi·

320 1611 402 1682 dius
415 1608 551 1707 aliquid
569 1607 690 1679 dicere
705 1608 894 1699 videntur,
912 1612 956 1681 iis
975 1609 1074 1682 credi
1091 1637 1167 1683 non
1186 1614 1357 1683 convenit
1375 1640 1384 1684 ε

318 1719 426 1791 credo
451 1716 569 1811 majus
598 1716 883 1788 emolumentum
911 1718 1142 1818 Caepionibus
1168 1735 1206 1790 et
1230 1723 1386 1795 Metellis

315 1828 546 1927 propositum
562 1823 672 1897 fuisse
693 1851 738 1911 ex
756 1830 800 1918 Q.
822 1831 986 1926 Pompeii
1004 1828 1251 1920 damnatione,
1266 1857 1385 1930 quum

316 1937 520 2011 studiorum
542 1959 690 2007 suorum
707 1934 990 2011 obtrectatorem
1005 1942 1254 2029 sustulissent,
1271 1968 1384 2040 quam

316 2064 455 2122 cunctae
474 2047 597 2120 Galliae
615 2071 660 2118 ex
683 2046 742 2117 Μ’.
763 2050 904 2119 Fonteii
925 2050 1142 2140 calamitate3
1167 2053 1205 2121 in
1229 2077 1302 2149 qua
1322 2052 1383 2125 illa

315 2160 502 2261 provincia
524 2179 640 2254 prope
668 2180 770 2226 suam
796 2158 1089 2231 immunitatemt
1116 2186 1158 2232 ac
1178 2161 1381 2235 libertatem

313 2271 469 2367 positam
482 2291 562 2339 esse
574 2263 778 2337 arbitratur.
793 2261 914 2355 An⁵‚si
928 2268 1095 2342 homines
1108 2271 1207 2367 ipsos
1220 2285 1381 2369 spectare

315 2380 487 2451 convenit
508 2375 567 2474 (id
586 2376 688 2473 quod
706 2377 745 2445 in
761 2389 851 2447 teste
869 2374 1033 2476 prolecto
1049 2380 1167 2452 valere
1185 2381 1380 2479 plurimum

313 2488 466 2585 debet),
485 2511 560 2557 non
575 2484 685 2557 modo
705 2510 787 2558 cum
800 2491 954 2560 summis
965 2491 1117 2561 civitatis
1134 2503 1264 2562 nostrae
1277 2492 1377 2579 viris,

311 2598 374 2669 sed
396 2621 481 2668 cum
499 2593 626 2666 infimo
652 2597 729 2668 cive
753 2621 906 2668 romano
925 2603 1118 2697 quisquam
1141 2590 1379 2698 amplissimus

313 2708 435 2780 Galliae
451 2706 716 2805 comparandus
730 2708 806 2777 est?
825 2709 898 2780 Scit
915 2709 1210 2797 induciomarus,
1228 2710 1312 2808 quid
1330 2710 1377 2781 sit

311 2820 558 2890 testimonium
572 2816 714 2888 dicere?
723 2833 892 2890 movetur
905 2844 949 2891 eo
961 2823 1109 2908 timore,
1121 2846 1198 2918 quo
1212 2836 1375 2893 nostrum

311 2927 584 3024 unusquisque,
602 2950 717 3023 quum
739 2927 778 2996 in
797 2951 882 2998 eum
901 2929 1021 3002 locum
1038 2929 1239 3027 productus
1254 2932 1330 3003 est?

311 3127 363 3174 eos,
371 3123 397 3160 et
407 3121 532 3159 senatores
543 3120 615 3175 atque
624 3110 702 3160 erarii
712 3109 824 3161 numo·
867 3130 929 3180 pore
937 3117 1052 3169 'lberiroe
1065 3127 1158 3181 partem
1172 3117 1305 3181 provincie
1312 3132 1373 3166 roro.

311 3188 563 3239 communicabantur.
866 3196 949 3244 fuisse.

347 3286 371 3317 n.
381 3268 521 3317 Volcarum.
533 3266 596 3330 Quo
605 3266 780 3333 Allobrogibus
786 3269 825 3317 vl·
902 3276 928 3323 3.
941 3274 1040 3340 Optima
1051 3273 1075 3322 in
1087 3291 1173 3323 muso,
1188 3276 1239 3339 Qui
1254 3276 1331 3325 minate
1344 3273 1373 3324 de

311 3351 365 3398 cina
379 3362 439 3411 gene
456 3354 507 3405 eat,
520 3356 544 3394 et
560 3361 633 3410 quam
647 3346 682 3394 eie
699 3346 823 3412 appellant
866 3352 926 3401 odio
944 3365 1002 3402 aunt
1018 3354 1131 3419 suspecti.

311 3430 407 3489 Cesar,
418 3424 449 3473 de
460 3424 521 3472 Bell·
532 3425 620 3475 Gllllc·
630 3426 681 3483 Vl,
696 3433 745 3486 ²4,
758 3428 822 3490 Vll,
903 3441 926 3490 4.
936 3433 1125 3481 immunitatem.
1137 3430 1325 3495 Queriturenim
1337 3429 1373 3477 iu·

311 3511 361 3566 fili
372 3507 424 3555 Τῗῑ·
437 3505 492 3552 LlV·
502 3505 580 3561 ΠΙ,
592 3505 639 3562 ²⁶3
651 3503 729 3564 Melle
741 3507 782 3564 11,
797 3505 821 3553 5·
864 3519 902 3558 ter
920 3523 1015 3569 cetera,
1033 3510 1085 3558 vini
1100 3512 1237 3575 portorium
1248 3526 1264 3558 a
1276 3509 1372 3559 Fonteio

309 3587 392 3651 Vulgo
412 3583 472 3632 olim
491 3582 629 3647 Belgarum.
643 3583 724 3643 Quam
735 3583 821 3632 lectio·
864 3594 917 3638 tn'm
929 3591 1035 3654 primum
1049 3589 1200 3638 institutum.

309 3684 366 3715 nem
385 3666 472 3714 frustm
485 3662 595 3711 defendit
608 3661 741 3725 Ferratiua,
753 3662 820 3726 quod
901 3669 927 3717 5.
938 3672 992 3725 Aa,
1004 3667 1027 3716 ei
1036 3667 1164 3729 domines,
1178 3677 1228 3717 eto.
1245 3668 1322 3729 Quam
1333 3679 1371 3712 ιι·

308 3745 493 3794 luduciomarue
518 3741 676 3789 Trevirorum
705 3742 821 3805 princepe
864 3746 954 3811 parba,
965 3763 1039 3810 quam
1048 3746 1224 3794 contumeliose
1237 3761 1291 3793 cora
1303 3741 1372 3790 vietis

308 3824 398 3881 inerit,
415 3820 526 3885 ¹d0⁰q¹¹⁰
542 3819 678 3884 Belgarum.
697 3821 762 3868 3²⁰0
774 3834 819 3867 ΙΙΙ·
863 3826 968 3875 Romani
975 3836 1084 3889 agerent,
1093 3825 1132 3873 vel
1146 3841 1178 3872 ex
1188 3822 1306 3872 bia‘Ittllii
1318 3835 1371 3868 rer·

309 3913 358 3949 tem
369 3901 464 3949 monuit
484 3900 609 3948 Ernestiua
623 3898 819 3948 Indociomerum
863 3903 901 3952 bin
914 3914 1019 3968 pateret,
1031 3903 1052 3950 si
1062 3913 1151 3966 togatae
1163 3901 1243 3965 gantis
1253 3899 1370 3954 meodian,

308 3978 424 4036 Cereris,
436 3979 479 4042 qui
490 3978 521 4027 de
531 3977 671 4042 principatu
684 3979 710 4026 in
720 3979 819 4026 civitate
863 3983 1007 4043 avaritiam,
1026 3980 1244 4044 crudelitatemque
1257 3980 1283 4026 in
1293 3976 1371 4036 subje-

306 4064 462 4116 'l'revirorum
478 4064 642 4113 contendebat
659 4060 736 4127 (cett
754 4063 819 4113 Gall.
864 4072 929 4120 etos,
946 4060 1047 4125 plurimi
1062 4059 1237 4111 historicorum
1257 4056 1305 4108 loci
1320 4068 1370 4105 uon

305 4146 341 4211 N,
353 4144 386 4213 3)
397 4140 446 4191 buc
454 4141 752 4205 nonpermmmeettlo
760 4152 819 4195 um·
863 4149 1015 4194 tutarentur.
