<?xml version="1.0" encoding="UTF-8"?>
<!DOCTYPE html PUBLIC "-//W3C//DTD XHTML 1.0 Transitional//EN"
    "http://www.w3.org/TR/xhtml1/DTD/xhtml1-transitional.dtd">
<html xmlns="http://www.w3.org/1999/xhtml" xml:lang="en" lang="en">
 <head>
  <title>
</title>
<meta http-equiv="Content-Type" content="text/html;charset=utf-8" />
  <meta name='ocr-system' content='tesseract 3.04.00' />
  <meta name='ocr-capabilities' content='ocr_page ocr_carea ocr_par ocr_line ocrx_word'/>
</head>
<body>
  <div class='ocr_page' id='page_1' title='image "./mtciceronisquae00bouigoog_0349.png"; bbox 0 0 3186 4772; ppageno 0'>
   <div class='ocr_carea' id='block_1_1' title="bbox 212 326 1043 422">
    <p class='ocr_par' dir='ltr' id='par_1_1' title="bbox 212 326 1043 422">
     <span class='ocr_line' id='line_1_1' title="bbox 212 326 1043 422; baseline -0.014 0"><span class='ocrx_word' id='word_1_1' title='bbox 212 326 219 331; x_wconf 66' lang='lat'>&#39;</span> <span class='ocrx_word' id='word_1_2' title='bbox 306 346 376 422; x_wconf 78' lang='lat'><strong>328</strong></span> <span class='ocrx_word' id='word_1_3' title='bbox 624 344 673 411; x_wconf 86' lang='lat' dir='ltr'><strong>M.</strong></span> <span class='ocrx_word' id='word_1_4' title='bbox 699 345 739 412; x_wconf 76' lang='lat' dir='ltr'><strong>a.</strong></span> <span class='ocrx_word' id='word_1_5' title='bbox 766 343 1043 414; x_wconf 76' lang='lat' dir='ltr'><strong>nicanorus</strong></span> 
     </span>
    </p>
   </div>
   <div class='ocr_carea' id='block_1_2' title="bbox 213 571 1376 2433">
    <p class='ocr_par' dir='ltr' id='par_1_2' title="bbox 213 571 1373 1005">
     <span class='ocr_line' id='line_1_2' title="bbox 213 571 1370 671; baseline -0.006 -20"><span class='ocrx_word' id='word_1_6' title='bbox 213 592 220 657; x_wconf 87' lang='lat'><strong>&#39;.</strong></span> <span class='ocrx_word' id='word_1_7' title='bbox 304 581 473 651; x_wconf 85' lang='lat' dir='ltr'><strong>virtute¹¹</strong></span> <span class='ocrx_word' id='word_1_8' title='bbox 492 574 716 671; x_wconf 86' lang='lat' dir='ltr'><strong>consilioque</strong></span> <span class='ocrx_word' id='word_1_9' title='bbox 735 572 889 660; x_wconf 88' lang='lat' dir='ltr'><strong>factum,</strong></span> <span class='ocrx_word' id='word_1_10' title='bbox 911 596 975 662; x_wconf 89' lang='lat' dir='ltr'><strong>ne,</strong></span> <span class='ocrx_word' id='word_1_11' title='bbox 992 571 1131 644; x_wconf 91' lang='lat' dir='ltr'><strong>ratibus</strong></span> <span class='ocrx_word' id='word_1_12' title='bbox 1149 572 1370 667; x_wconf 88' lang='lat' dir='ltr'><strong>conjunctis,</strong></span> 
     </span>
     <span class='ocr_line' id='line_1_3' title="bbox 303 680 1370 784; baseline -0.009 -23"><span class='ocrx_word' id='word_1_13' title='bbox 303 687 397 760; x_wconf 87' lang='lat' dir='ltr'><strong>freto</strong></span> <span class='ocrx_word' id='word_1_14' title='bbox 412 685 551 784; x_wconf 80' lang='lat' dir='ltr'><strong>fugitivi</strong></span> <span class='ocrx_word' id='word_1_15' title='bbox 565 683 609 755; x_wconf 91' lang='lat' dir='ltr'><strong>ad</strong></span> <span class='ocrx_word' id='word_1_16' title='bbox 624 688 823 755; x_wconf 84' lang='lat' dir='ltr'>Messanam</span> <span class='ocrx_word' id='word_1_17' title='bbox 843 683 993 754; x_wconf 86' lang='lat' dir='ltr'><strong>transire</strong></span> <span class='ocrx_word' id='word_1_18' title='bbox 1008 695 1176 779; x_wconf 85' lang='lat' dir='ltr'><strong>possent;</strong></span> <span class='ocrx_word' id='word_1_19' title='bbox 1195 708 1215 752; x_wconf 89' lang='lat' dir='ltr'><strong>a</strong></span> <span class='ocrx_word' id='word_1_20' title='bbox 1233 706 1308 777; x_wconf 95' lang='lat' dir='ltr'><strong>quo</strong></span> <span class='ocrx_word' id='word_1_21' title='bbox 1320 680 1370 751; x_wconf 91' lang='lat' dir='ltr'><strong>illi</strong></span> 
     </span>
     <span class='ocr_line' id='line_1_4' title="bbox 302 782 1373 891; baseline -0.008 -21"><span class='ocrx_word' id='word_1_22' title='bbox 302 812 435 877; x_wconf 81' lang='lat' dir='ltr'><strong>conatu</strong></span> <span class='ocrx_word' id='word_1_23' title='bbox 443 782 524 866; x_wconf 72' lang='lat' dir='ltr'><strong>non&#39;</strong></span> <span class='ocrx_word' id='word_1_24' title='bbox 532 808 718 890; x_wconf 82' lang='lat' dir='ltr'>tantopere</span> <span class='ocrx_word' id='word_1_25' title='bbox 730 790 947 891; x_wconf 90' lang='lat' dir='ltr'><strong>prohibendi</strong></span> <span class='ocrx_word' id='word_1_26' title='bbox 955 790 1116 879; x_wconf 87' lang='lat' dir='ltr'><strong>fuissent,</strong></span> <span class='ocrx_word' id='word_1_27' title='bbox 1122 795 1152 863; x_wconf 90' lang='lat' dir='ltr'><strong>si</strong></span> <span class='ocrx_word' id='word_1_28' title='bbox 1161 791 1234 862; x_wconf 90' lang='lat' dir='ltr'><strong>ulla</strong></span> <span class='ocrx_word' id='word_1_29' title='bbox 1242 793 1278 861; x_wconf 90' lang='lat' dir='ltr'><strong>in</strong></span> <span class='ocrx_word' id='word_1_30' title='bbox 1288 794 1373 863; x_wconf 88' lang='lat' dir='ltr'><strong>Sici·</strong></span> 
     </span>
     <span class='ocr_line' id='line_1_5' title="bbox 301 900 1370 1005; baseline -0.007 -27"><span class='ocrx_word' id='word_1_31' title='bbox 301 900 1370 1005; x_wconf 81' lang='lat' dir='ltr'><strong>liapraesidia¹²adillorumadventumoppositaputarentur.</strong></span> 
     </span>
    </p>

    <p class='ocr_par' dir='ltr' id='par_1_3' title="bbox 301 1010 1374 1661">
     <span class='ocr_line' id='line_1_6' title="bbox 349 1010 1371 1110; baseline -0.006 -23"><span class='ocrx_word' id='word_1_32' title='bbox 349 1021 411 1087; x_wconf 89' lang='lat'><em>111.</em></span> <span class='ocrx_word' id='word_1_33' title='bbox 441 1019 487 1086; x_wconf 80' lang='lat' dir='ltr'><strong>At</strong></span> <span class='ocrx_word' id='word_1_34' title='bbox 503 1036 619 1110; x_wconf 91' lang='lat' dir='ltr'><strong>quum</strong></span> <span class='ocrx_word' id='word_1_35' title='bbox 636 1025 730 1084; x_wconf 84' lang='lat' dir='ltr'><strong>esset</strong></span> <span class='ocrx_word' id='word_1_36' title='bbox 754 1013 793 1082; x_wconf 90' lang='lat' dir='ltr'><strong>iu</strong></span> <span class='ocrx_word' id='word_1_37' title='bbox 810 1011 913 1082; x_wconf 88' lang='lat' dir='ltr'><strong>Italia</strong></span> <span class='ocrx_word' id='word_1_38' title='bbox 934 1010 1073 1082; x_wconf 90' lang='lat' dir='ltr'><strong>bellum</strong></span> <span class='ocrx_word' id='word_1_39' title='bbox 1093 1026 1167 1082; x_wconf 90' lang='lat' dir='ltr'><strong>tam</strong></span> <span class='ocrx_word' id='word_1_40' title='bbox 1189 1022 1324 1109; x_wconf 87' lang='lat' dir='ltr'><strong>prope¹</strong></span> <span class='ocrx_word' id='word_1_41' title='bbox 1350 1036 1371 1081; x_wconf 90' lang='lat' dir='ltr'><strong>a</strong></span> 
     </span>
     <span class='ocr_line' id='line_1_7' title="bbox 301 1119 1371 1213; baseline -0.003 -17"><span class='ocrx_word' id='word_1_42' title='bbox 301 1125 435 1212; x_wconf 88' lang='lat' dir='ltr'><strong>Sicilia,</strong></span> <span class='ocrx_word' id='word_1_43' title='bbox 462 1122 645 1193; x_wconf 88' lang='lat' dir='ltr'><strong>tamenin</strong></span> <span class='ocrx_word' id='word_1_44' title='bbox 669 1119 786 1192; x_wconf 84' lang='lat' dir='ltr'><strong>Sicilia</strong></span> <span class='ocrx_word' id='word_1_45' title='bbox 809 1146 887 1191; x_wconf 90' lang='lat' dir='ltr'><strong>non</strong></span> <span class='ocrx_word' id='word_1_46' title='bbox 912 1119 990 1192; x_wconf 86' lang='lat' dir='ltr'><strong>fuit.</strong></span> <span class='ocrx_word' id='word_1_47' title='bbox 1016 1120 1118 1213; x_wconf 91' lang='lat' dir='ltr'><strong>Quid</strong></span> <span class='ocrx_word' id='word_1_48' title='bbox 1141 1122 1371 1193; x_wconf 72' lang='lat' dir='ltr'><strong>miruml&#39;ne</strong></span> 
     </span>
     <span class='ocr_line' id='line_1_8' title="bbox 307 1228 1373 1334; baseline -0.005 -27"><span class='ocrx_word' id='word_1_49' title='bbox 307 1259 423 1334; x_wconf 88' lang='lat' dir='ltr'><strong>quum</strong></span> <span class='ocrx_word' id='word_1_50' title='bbox 449 1235 487 1303; x_wconf 91' lang='lat' dir='ltr'><strong>in</strong></span> <span class='ocrx_word' id='word_1_51' title='bbox 513 1231 632 1302; x_wconf 87' lang='lat' dir='ltr'><strong>Sicilia</strong></span> <span class='ocrx_word' id='word_1_52' title='bbox 652 1229 800 1328; x_wconf 90' lang='lat' dir='ltr'><strong>quidem</strong></span> <span class='ocrx_word' id='word_1_53' title='bbox 823 1228 909 1321; x_wconf 89' lang='lat' dir='ltr'><strong>fuit,</strong></span> <span class='ocrx_word' id='word_1_54' title='bbox 931 1230 1056 1303; x_wconf 90' lang='lat' dir='ltr'><strong>eodem</strong></span> <span class='ocrx_word' id='word_1_55' title='bbox 1078 1231 1278 1319; x_wconf 87' lang='lat' dir='ltr'><strong>intervallo,</strong></span> <span class='ocrx_word' id='word_1_56' title='bbox 1290 1256 1373 1330; x_wconf 89' lang='lat' dir='ltr'><strong>pars</strong></span> 
     </span>
     <span class='ocr_line' id='line_1_9' title="bbox 304 1339 1372 1440; baseline -0.004 -25"><span class='ocrx_word' id='word_1_57' title='bbox 304 1344 383 1440; x_wconf 85' lang='lat' dir='ltr'><strong>ejus</strong></span> <span class='ocrx_word' id='word_1_58' title='bbox 401 1341 488 1413; x_wconf 93' lang='lat' dir='ltr'><strong>belli</strong></span> <span class='ocrx_word' id='word_1_59' title='bbox 501 1342 541 1411; x_wconf 92' lang='lat' dir='ltr'><strong>in</strong></span> <span class='ocrx_word' id='word_1_60' title='bbox 557 1339 696 1411; x_wconf 84' lang='lat' dir='ltr'><strong>Italiam</strong></span> <span class='ocrx_word' id='word_1_61' title='bbox 714 1340 787 1411; x_wconf 89' lang='lat' dir='ltr'><strong>ulla</strong></span> <span class='ocrx_word' id='word_1_62' title='bbox 804 1344 971 1438; x_wconf 83' lang='lat' dir='ltr'><strong>pervasit.</strong></span> <span class='ocrx_word' id='word_1_63' title='bbox 989 1343 1133 1413; x_wconf 86' lang='lat' dir='ltr'><strong>Etenim</strong></span> <span class='ocrx_word' id='word_1_64' title='bbox 1156 1343 1372 1440; x_wconf 89' lang='lat' dir='ltr'><strong>propinqui-</strong></span> 
     </span>
     <span class='ocr_line' id='line_1_10' title="bbox 304 1447 1372 1551; baseline -0.001 -27"><span class='ocrx_word' id='word_1_65' title='bbox 304 1468 359 1524; x_wconf 85' lang='lat' dir='ltr'><strong>tas</strong></span> <span class='ocrx_word' id='word_1_66' title='bbox 385 1451 549 1522; x_wconf 87' lang='lat' dir='ltr'><strong>locorum</strong></span> <span class='ocrx_word' id='word_1_67' title='bbox 571 1447 617 1522; x_wconf 90' lang='lat' dir='ltr'><strong>ad</strong></span> <span class='ocrx_word' id='word_1_68' title='bbox 638 1465 756 1522; x_wconf 88' lang='lat' dir='ltr'><strong>utram</strong></span> <span class='ocrx_word' id='word_1_69' title='bbox 776 1464 937 1549; x_wconf 78' lang='lat' dir='ltr'><strong>partem²</strong></span> <span class='ocrx_word' id='word_1_70' title='bbox 965 1453 1036 1525; x_wconf 90' lang='lat' dir='ltr'><strong>hoc</strong></span> <span class='ocrx_word' id='word_1_71' title='bbox 1061 1453 1142 1525; x_wconf 89' lang='lat' dir='ltr'><strong>loco</strong></span> <span class='ocrx_word' id='word_1_72' title='bbox 1167 1451 1372 1551; x_wconf 83' lang='lat' dir='ltr'><strong>profertur?</strong></span> 
     </span>
     <span class='ocr_line' id='line_1_11' title="bbox 303 1559 1374 1661; baseline -0.001 -27"><span class='ocrx_word' id='word_1_73' title='bbox 303 1577 427 1634; x_wconf 90' lang='lat' dir='ltr'><strong>utrum</strong></span> <span class='ocrx_word' id='word_1_74' title='bbox 445 1559 583 1632; x_wconf 87' lang='lat' dir='ltr'><strong>aditum</strong></span> <span class='ocrx_word' id='word_1_75' title='bbox 600 1560 740 1633; x_wconf 78' lang='lat' dir='ltr'><strong>facilem</strong></span> <span class='ocrx_word' id='word_1_76' title='bbox 760 1561 943 1652; x_wconf 81' lang='lat' dir='ltr'><strong>hostibus,</strong></span> <span class='ocrx_word' id='word_1_77' title='bbox 962 1564 1278 1661; x_wconf 79' lang='lat' dir='ltr'><strong>an‘contagionem</strong></span> <span class='ocrx_word' id='word_1_78' title='bbox 1293 1564 1374 1633; x_wconf 90' lang='lat' dir='ltr'><strong>imi·</strong></span> 
     </span>
    </p>

    <p class='ocr_par' dir='ltr' id='par_1_4' title="bbox 282 1670 1375 2214">
     <span class='ocr_line' id='line_1_12' title="bbox 282 1670 1372 1770; baseline 0.007 -34"><span class='ocrx_word' id='word_1_79' title='bbox 282 1728 289 1736; x_wconf 95' lang='lat'>.</span> <span class='ocrx_word' id='word_1_80' title='bbox 306 1670 406 1746; x_wconf 88' lang='lat' dir='ltr'><strong>tandi</strong></span> <span class='ocrx_word' id='word_1_81' title='bbox 428 1672 504 1768; x_wconf 86' lang='lat' dir='ltr'><strong>ejus</strong></span> <span class='ocrx_word' id='word_1_82' title='bbox 522 1670 609 1743; x_wconf 86' lang='lat' dir='ltr'><strong>belli</strong></span> <span class='ocrx_word' id='word_1_83' title='bbox 627 1673 865 1770; x_wconf 84' lang='lat' dir='ltr'><strong>periculosam</strong></span> <span class='ocrx_word' id='word_1_84' title='bbox 881 1671 1012 1745; x_wconf 76' lang='lat' dir='ltr'><strong>fuisse?</strong></span> <span class='ocrx_word' id='word_1_85' title='bbox 1029 1674 1155 1745; x_wconf 75' lang='lat' dir='ltr'><strong>Aditus</strong></span> <span class='ocrx_word' id='word_1_86' title='bbox 1171 1677 1291 1745; x_wconf 88' lang='lat' dir='ltr'><strong>omnis</strong></span> <span class='ocrx_word' id='word_1_87' title='bbox 1306 1674 1372 1744; x_wconf 93' lang='lat' dir='ltr'><strong>ho·</strong></span> 
     </span>
     <span class='ocr_line' id='line_1_13' title="bbox 307 1772 1375 1880; baseline 0 -26"><span class='ocrx_word' id='word_1_88' title='bbox 307 1782 468 1855; x_wconf 89' lang='lat' dir='ltr'><strong>minibus</strong></span> <span class='ocrx_word' id='word_1_89' title='bbox 482 1783 558 1853; x_wconf 90' lang='lat' dir='ltr'><strong>sine</strong></span> <span class='ocrx_word' id='word_1_90' title='bbox 573 1781 647 1853; x_wconf 88' lang='lat' dir='ltr'><strong>ulla</strong></span> <span class='ocrx_word' id='word_1_91' title='bbox 660 1772 828 1853; x_wconf 83' lang='lat' dir='ltr'><strong>facultate</strong></span> <span class='ocrx_word' id='word_1_92' title='bbox 845 1786 991 1855; x_wconf 88' lang='lat' dir='ltr'><strong>navium</strong></span> <span class='ocrx_word' id='word_1_93' title='bbox 1010 1810 1085 1855; x_wconf 90' lang='lat' dir='ltr'><strong>non</strong></span> <span class='ocrx_word' id='word_1_94' title='bbox 1103 1782 1215 1855; x_wconf 91' lang='lat' dir='ltr'><strong>modo</strong></span> <span class='ocrx_word' id='word_1_95' title='bbox 1238 1783 1375 1880; x_wconf 91' lang='lat' dir='ltr'><strong>disjun-</strong></span> 
     </span>
     <span class='ocr_line' id='line_1_14' title="bbox 304 1876 1373 1992; baseline 0 -27"><span class='ocrx_word' id='word_1_96' title='bbox 304 1907 399 1983; x_wconf 89' lang='lat' dir='ltr'><strong>ctus,</strong></span> <span class='ocrx_word' id='word_1_97' title='bbox 414 1876 598 1965; x_wconf 74' lang='lat' dir='ltr'><strong>sedetiam</strong></span> <span class='ocrx_word' id='word_1_98' title='bbox 619 1891 761 1963; x_wconf 83' lang='lat' dir='ltr'><strong>clausus</strong></span> <span class='ocrx_word' id='word_1_99' title='bbox 782 1890 850 1963; x_wconf 91' lang='lat' dir='ltr'><strong>fuit</strong></span> <span class='ocrx_word' id='word_1_100' title='bbox 868 1918 876 1960; x_wconf 74' lang='grc' dir='ltr'><strong><em>ε</em></strong></span> <span class='ocrx_word' id='word_1_101' title='bbox 896 1908 939 1964; x_wconf 91' lang='lat' dir='ltr'><strong>nt</strong></span> <span class='ocrx_word' id='word_1_102' title='bbox 958 1893 1043 1981; x_wconf 89' lang='lat' dir='ltr'><strong>illis,</strong></span> <span class='ocrx_word' id='word_1_103' title='bbox 1063 1892 1199 1992; x_wconf 80' lang='lat' dir='ltr'><strong>quibus</strong></span> <span class='ocrx_word' id='word_1_104' title='bbox 1219 1894 1373 1965; x_wconf 85' lang='lat' dir='ltr'><strong>Siciliam</strong></span> 
     </span>
     <span class='ocr_line' id='line_1_15' title="bbox 303 1998 1372 2103; baseline -0.002 -29"><span class='ocrx_word' id='word_1_105' title='bbox 303 2003 550 2103; x_wconf 85' lang='lat' dir='ltr'><strong>propinquam</strong></span> <span class='ocrx_word' id='word_1_106' title='bbox 563 1998 673 2072; x_wconf 87' lang='lat' dir='ltr'><strong>fuisse</strong></span> <span class='ocrx_word' id='word_1_107' title='bbox 689 1999 793 2088; x_wconf 90' lang='lat' dir='ltr'><strong>dicis,</strong></span> <span class='ocrx_word' id='word_1_108' title='bbox 814 1999 952 2073; x_wconf 89' lang='lat' dir='ltr'><strong>facilius</strong></span> <span class='ocrx_word' id='word_1_109' title='bbox 973 2001 1084 2075; x_wconf 88' lang='lat' dir='ltr'><strong>fuerit</strong></span> <span class='ocrx_word' id='word_1_110' title='bbox 1100 1999 1169 2073; x_wconf 83' lang='lat' dir='ltr'><strong>ad³</strong></span> <span class='ocrx_word' id='word_1_111' title='bbox 1186 2007 1372 2073; x_wconf 90' lang='lat' dir='ltr'><strong>Oceanum</strong></span> 
     </span>
     <span class='ocr_line' id='line_1_16' title="bbox 305 2109 1324 2214; baseline -0.004 -29"><span class='ocrx_word' id='word_1_112' title='bbox 305 2114 514 2211; x_wconf 87' lang='lat' dir='ltr'><strong>pervenire,</strong></span> <span class='ocrx_word' id='word_1_113' title='bbox 532 2134 643 2208; x_wconf 88' lang='lat' dir='ltr'><strong>quam</strong></span> <span class='ocrx_word' id='word_1_114' title='bbox 665 2109 711 2181; x_wconf 89' lang='lat' dir='ltr'><strong>ad</strong></span> <span class='ocrx_word' id='word_1_115' title='bbox 730 2110 1137 2206; x_wconf 25' lang='lat' dir='ltr'><strong>Peloridem-accedere.</strong></span> <span class='ocrx_word' id='word_1_116' title='bbox 1319 2206 1324 2214; x_wconf 30' lang='grc' dir='ltr'>Ι</span> 
     </span>
    </p>

    <p class='ocr_par' dir='ltr' id='par_1_5' title="bbox 307 2220 1376 2433">
     <span class='ocr_line' id='line_1_17' title="bbox 354 2220 1374 2320; baseline -0.004 -25"><span class='ocrx_word' id='word_1_117' title='bbox 354 2223 530 2319; x_wconf 80' lang='lat' dir='ltr'><strong>Contagio</strong></span> <span class='ocrx_word' id='word_1_118' title='bbox 543 2235 665 2291; x_wconf 90' lang='lat' dir='ltr'><strong>autem</strong></span> <span class='ocrx_word' id='word_1_119' title='bbox 679 2221 747 2292; x_wconf 91' lang='lat' dir='ltr'><strong>ista</strong></span> <span class='ocrx_word' id='word_1_120' title='bbox 760 2221 897 2292; x_wconf 87' lang='lat' dir='ltr'><strong>servilis</strong></span> <span class='ocrx_word' id='word_1_121' title='bbox 906 2220 1009 2310; x_wconf 87' lang='lat' dir='ltr'><strong>belli,</strong></span> <span class='ocrx_word' id='word_1_122' title='bbox 1026 2246 1092 2292; x_wconf 90' lang='lat' dir='ltr'><strong>cur</strong></span> <span class='ocrx_word' id='word_1_123' title='bbox 1106 2220 1171 2292; x_wconf 91' lang='lat' dir='ltr'><strong>abs</strong></span> <span class='ocrx_word' id='word_1_124' title='bbox 1185 2235 1221 2292; x_wconf 86' lang='lat' dir='ltr'><strong>te</strong></span> <span class='ocrx_word' id='word_1_125' title='bbox 1235 2227 1374 2320; x_wconf 87' lang='lat' dir='ltr'><strong>potius,</strong></span> 
     </span>
     <span class='ocr_line' id='line_1_18' title="bbox 307 2329 1376 2433; baseline 0.002 -30"><span class='ocrx_word' id='word_1_126' title='bbox 307 2356 418 2433; x_wconf 85' lang='lat' dir='ltr'><strong>quam</strong></span> <span class='ocrx_word' id='word_1_127' title='bbox 434 2330 480 2402; x_wconf 85' lang='lat' dir='ltr'><strong>ab</strong></span> <span class='ocrx_word' id='word_1_128' title='bbox 498 2332 541 2403; x_wconf 87' lang='lat' dir='ltr'><strong>iis</strong></span> <span class='ocrx_word' id='word_1_129' title='bbox 554 2329 745 2419; x_wconf 88' lang='lat' dir='ltr'><strong>omnibus,</strong></span> <span class='ocrx_word' id='word_1_130' title='bbox 762 2332 828 2428; x_wconf 93' lang='lat' dir='ltr'><strong>qui</strong></span> <span class='ocrx_word' id='word_1_131' title='bbox 842 2345 978 2404; x_wconf 87' lang='lat' dir='ltr'><strong>ceteras</strong></span> <span class='ocrx_word' id='word_1_132' title='bbox 992 2334 1195 2431; x_wconf 83' lang='lat' dir='ltr'><strong>provincias</strong></span> <span class='ocrx_word' id='word_1_133' title='bbox 1208 2333 1376 2405; x_wconf 88' lang='lat' dir='ltr'><strong>obtinue-</strong></span> 
     </span>
    </p>
   </div>
   <div class='ocr_carea' id='block_1_3' title="bbox 301 2566 1572 4132">
    <p class='ocr_par' dir='ltr' id='par_1_6' title="bbox 301 2566 1572 4132">
     <span class='ocr_line' id='line_1_19' title="bbox 304 2566 1373 2637; baseline 0 -19"><span class='ocrx_word' id='word_1_134' title='bbox 304 2566 815 2632; x_wconf 62' lang='lat' dir='ltr'><strong>tnteueiusaannvtsawavtbusquidem,</strong></span> <span class='ocrx_word' id='word_1_135' title='bbox 860 2572 1373 2637; x_wconf 75' lang='lat' dir='ltr'><strong>Siciliae,etCaeuymltalisspromontoria,</strong></span> 
     </span>
     <span class='ocr_line' id='line_1_20' title="bbox 304 2646 1375 2713; baseline 0.004 -19"><span class='ocrx_word' id='word_1_136' title='bbox 304 2664 381 2713; x_wconf 83' lang='lat' dir='ltr'><strong>quum</strong></span> <span class='ocrx_word' id='word_1_137' title='bbox 389 2647 416 2697; x_wconf 87' lang='lat' dir='ltr'><strong>ln</strong></span> <span class='ocrx_word' id='word_1_138' title='bbox 430 2646 493 2694; x_wconf 83' lang='lat' dir='ltr'><strong>freto</strong></span> <span class='ocrx_word' id='word_1_139' title='bbox 507 2646 603 2709; x_wconf 74' lang='lat' dir='ltr'><strong>navigia</strong></span> <span class='ocrx_word' id='word_1_140' title='bbox 615 2646 761 2710; x_wconf 71' lang='lat' dir='ltr'><strong>praedatoria</strong></span> <span class='ocrx_word' id='word_1_141' title='bbox 773 2648 817 2697; x_wconf 85' lang='lat' dir='ltr'><strong>Ci-</strong></span> <span class='ocrx_word' id='word_1_142' title='bbox 860 2651 991 2701; x_wconf 85' lang='lat' dir='ltr'><strong>duodecim</strong></span> <span class='ocrx_word' id='word_1_143' title='bbox 1003 2652 1138 2700; x_wconf 81' lang='lat' dir='ltr'><strong>stadiorum</strong></span> <span class='ocrx_word' id='word_1_144' title='bbox 1150 2649 1316 2709; x_wconf 73' lang='lat' dir='ltr'><strong>inrernllum,</strong></span> <span class='ocrx_word' id='word_1_145' title='bbox 1328 2666 1375 2699; x_wconf 84' lang='lat' dir='ltr'><strong>ssu</strong></span> 
     </span>
     <span class='ocr_line' id='line_1_21' title="bbox 304 2725 1125 2796; baseline 0.005 -21"><span class='ocrx_word' id='word_1_146' title='bbox 304 2727 380 2775; x_wconf 84' lang='lat' dir='ltr'><strong>licum</strong></span> <span class='ocrx_word' id='word_1_147' title='bbox 388 2736 487 2785; x_wconf 77' lang='lat' dir='ltr'><strong>nactus,</strong></span> <span class='ocrx_word' id='word_1_148' title='bbox 500 2741 528 2774; x_wconf 83' lang='lat' dir='ltr'><strong>sa</strong></span> <span class='ocrx_word' id='word_1_149' title='bbox 541 2725 670 2774; x_wconf 79' lang='lat' dir='ltr'><strong>conduxit.</strong></span> <span class='ocrx_word' id='word_1_150' title='bbox 682 2728 716 2774; x_wconf 77' lang='lat' dir='ltr'><strong>At</strong></span> <span class='ocrx_word' id='word_1_151' title='bbox 728 2726 817 2774; x_wconf 75' lang='lat' dir='ltr'><strong>Cilices</strong></span> <span class='ocrx_word' id='word_1_152' title='bbox 863 2739 930 2787; x_wconf 70' lang='lat'><strong>1440</strong></span> <span class='ocrx_word' id='word_1_153' title='bbox 940 2747 1019 2795; x_wconf 77' lang='lat' dir='ltr'><strong>geom.</strong></span> <span class='ocrx_word' id='word_1_154' title='bbox 1031 2747 1125 2796; x_wconf 86' lang='lat' dir='ltr'><strong>passus.</strong></span> 
     </span>
     <span class='ocr_line' id='line_1_22' title="bbox 304 2801 1375 2870; baseline -0.005 -16"><span class='ocrx_word' id='word_1_155' title='bbox 304 2806 366 2854; x_wconf 90' lang='lat' dir='ltr'><strong>lnito</strong></span> <span class='ocrx_word' id='word_1_156' title='bbox 388 2822 445 2854; x_wconf 86' lang='lat' dir='ltr'><strong>cuns</strong></span> <span class='ocrx_word' id='word_1_157' title='bbox 464 2821 494 2854; x_wconf 87' lang='lat' dir='ltr'><strong>eo</strong></span> <span class='ocrx_word' id='word_1_158' title='bbox 515 2816 608 2870; x_wconf 64' lang='lat' dir='ltr'><strong>meto,</strong></span> <span class='ocrx_word' id='word_1_159' title='bbox 628 2805 818 2869; x_wconf 75' lang='lat' dir='ltr'><strong>muneribusque</strong></span> <span class='ocrx_word' id='word_1_160' title='bbox 845 2804 848 2811; x_wconf 59' lang='lat'><em>⁴</em></span> <span class='ocrx_word' id='word_1_161' title='bbox 897 2817 921 2851; x_wconf 85' lang='lat' dir='ltr'><strong>a.</strong></span> <span class='ocrx_word' id='word_1_162' title='bbox 935 2802 980 2849; x_wconf 81' lang='lat' dir='ltr'><strong>Ad</strong></span> <span class='ocrx_word' id='word_1_163' title='bbox 989 2813 1072 2850; x_wconf 86' lang='lat' dir='ltr'><strong>utram</strong></span> <span class='ocrx_word' id='word_1_164' title='bbox 1079 2813 1186 2868; x_wconf 80' lang='lat' dir='ltr'><strong>partem.</strong></span> <span class='ocrx_word' id='word_1_165' title='bbox 1199 2801 1239 2850; x_wconf 86' lang='lat' dir='ltr'><strong>Ob</strong></span> <span class='ocrx_word' id='word_1_166' title='bbox 1249 2810 1330 2849; x_wconf 82' lang='lat' dir='ltr'><strong>utram</strong></span> <span class='ocrx_word' id='word_1_167' title='bbox 1342 2815 1375 2849; x_wconf 81' lang='lat' dir='ltr'><strong>ex</strong></span> 
     </span>
     <span class='ocr_line' id='line_1_23' title="bbox 304 2879 1377 2949; baseline -0.004 -17"><span class='ocrx_word' id='word_1_168' title='bbox 304 2886 427 2949; x_wconf 80' lang='lat' dir='ltr'><strong>acceptis,</strong></span> <span class='ocrx_word' id='word_1_169' title='bbox 450 2885 619 2933; x_wconf 84' lang='lat' dir='ltr'><strong>subduxerunt</strong></span> <span class='ocrx_word' id='word_1_170' title='bbox 642 2900 686 2941; x_wconf 88' lang='lat' dir='ltr'><strong>se,</strong></span> <span class='ocrx_word' id='word_1_171' title='bbox 706 2899 762 2931; x_wconf 87' lang='lat' dir='ltr'><strong>curn</strong></span> <span class='ocrx_word' id='word_1_172' title='bbox 787 2885 817 2933; x_wconf 87' lang='lat' dir='ltr'><strong>iis</strong></span> <span class='ocrx_word' id='word_1_173' title='bbox 861 2881 900 2929; x_wconf 89' lang='lat' dir='ltr'><strong>bis</strong></span> <span class='ocrx_word' id='word_1_174' title='bbox 913 2879 1008 2929; x_wconf 87' lang='lat' dir='ltr'><strong>duabus</strong></span> <span class='ocrx_word' id='word_1_175' title='bbox 1025 2881 1175 2941; x_wconf 84' lang='lat' dir='ltr'><strong>rationibus,</strong></span> <span class='ocrx_word' id='word_1_176' title='bbox 1194 2896 1249 2945; x_wconf 75' lang='lat' dir='ltr'><strong>quae</strong></span> <span class='ocrx_word' id='word_1_177' title='bbox 1262 2880 1377 2945; x_wconf 86' lang='lat' dir='ltr'><strong>proxime</strong></span> 
     </span>
     <span class='ocr_line' id='line_1_24' title="bbox 307 2956 1572 3030; baseline -0.006 -17"><span class='ocrx_word' id='word_1_178' title='bbox 307 2965 368 3030; x_wconf 87' lang='lat' dir='ltr'><strong>lpsis</strong></span> <span class='ocrx_word' id='word_1_179' title='bbox 381 2964 485 3013; x_wconf 88' lang='lat' dir='ltr'><strong>navibus</strong></span> <span class='ocrx_word' id='word_1_180' title='bbox 496 2981 556 3028; x_wconf 92' lang='lat' dir='ltr'><strong>quas</strong></span> <span class='ocrx_word' id='word_1_181' title='bbox 574 2967 704 3027; x_wconf 76' lang='lat' dir='ltr'><strong>Spartacus</strong></span> <span class='ocrx_word' id='word_1_182' title='bbox 716 2963 748 3011; x_wconf 78' lang='lat' dir='ltr'><strong>ab</strong></span> <span class='ocrx_word' id='word_1_183' title='bbox 760 2956 820 3027; x_wconf 76' lang='lat' dir='ltr'><strong>ipsis</strong></span> <span class='ocrx_word' id='word_1_184' title='bbox 863 2972 1006 3026; x_wconf 86' lang='lat' dir='ltr'><strong>sequuntur,</strong></span> <span class='ocrx_word' id='word_1_185' title='bbox 1018 2971 1174 3011; x_wconf 87' lang='lat' dir='ltr'><strong>memoratur.</strong></span> <span class='ocrx_word' id='word_1_186' title='bbox 1193 2963 1235 3010; x_wconf 75' lang='lat' dir='ltr'><strong>Au</strong></span> <span class='ocrx_word' id='word_1_187' title='bbox 1247 2961 1305 3009; x_wconf 87' lang='lat' dir='ltr'><strong>ideo</strong></span> <span class='ocrx_word' id='word_1_188' title='bbox 1317 2975 1375 3024; x_wconf 87' lang='lat' dir='ltr'><strong>pm·</strong></span> <span class='ocrx_word' id='word_1_189' title='bbox 1571 2964 1572 2975; x_wconf 64' lang='lat'>¹</span> 
     </span>
     <span class='ocr_line' id='line_1_25' title="bbox 307 3039 1375 3106; baseline -0.004 -15"><span class='ocrx_word' id='word_1_190' title='bbox 307 3042 469 3092; x_wconf 80' lang='lat' dir='ltr'><strong>conduxerat.</strong></span> <span class='ocrx_word' id='word_1_191' title='bbox 487 3041 612 3091; x_wconf 73' lang='lat' dir='ltr'><strong>Plutarch.</strong></span> <span class='ocrx_word' id='word_1_192' title='bbox 630 3042 657 3089; x_wconf 89' lang='lat' dir='ltr'><strong>in</strong></span> <span class='ocrx_word' id='word_1_193' title='bbox 671 3044 707 3090; x_wconf 80' lang='grc' dir='ltr'><strong>Μ.</strong></span> <span class='ocrx_word' id='word_1_194' title='bbox 725 3042 819 3091; x_wconf 79' lang='lat' dir='ltr'><strong>Crasso.</strong></span> <span class='ocrx_word' id='word_1_195' title='bbox 862 3041 1007 3106; x_wconf 84' lang='lat' dir='ltr'><strong>pinqultatis</strong></span> <span class='ocrx_word' id='word_1_196' title='bbox 1023 3043 1115 3090; x_wconf 81' lang='lat' dir='ltr'><strong>mentio</strong></span> <span class='ocrx_word' id='word_1_197' title='bbox 1132 3040 1176 3100; x_wconf 81' lang='lat' dir='ltr'><strong>fir,</strong></span> <span class='ocrx_word' id='word_1_198' title='bbox 1189 3051 1218 3089; x_wconf 87' lang='lat' dir='ltr'><strong>ut</strong></span> <span class='ocrx_word' id='word_1_199' title='bbox 1234 3039 1375 3089; x_wconf 80' lang='lat' dir='ltr'><strong>ustendaurr</strong></span> 
     </span>
     <span class='ocr_line' id='line_1_26' title="bbox 308 3118 1375 3186; baseline -0.002 -18"><span class='ocrx_word' id='word_1_200' title='bbox 308 3121 438 3185; x_wconf 79' lang='lat' dir='ltr'><strong>Spartacus</strong></span> <span class='ocrx_word' id='word_1_201' title='bbox 448 3120 494 3167; x_wconf 88' lang='lat' dir='ltr'><strong>bac</strong></span> <span class='ocrx_word' id='word_1_202' title='bbox 507 3118 821 3183; x_wconf 67' lang='lat' dir='ltr'><strong>spedejectumrajectnm</strong></span> <span class='ocrx_word' id='word_1_203' title='bbox 863 3119 896 3168; x_wconf 87' lang='lat' dir='ltr'><strong>ob</strong></span> <span class='ocrx_word' id='word_1_204' title='bbox 917 3137 969 3169; x_wconf 85' lang='lat' dir='ltr'><strong>eam</strong></span> <span class='ocrx_word' id='word_1_205' title='bbox 994 3121 1203 3186; x_wconf 73' lang='lat' dir='ltr'><strong>propinquitatem</strong></span> <span class='ocrx_word' id='word_1_206' title='bbox 1228 3120 1323 3168; x_wconf 85' lang='lat' dir='ltr'><strong>aditum</strong></span> <span class='ocrx_word' id='word_1_207' title='bbox 1344 3134 1375 3166; x_wconf 81' lang='lat' dir='ltr'><strong>ex</strong></span> 
     </span>
     <span class='ocr_line' id='line_1_27' title="bbox 306 3197 1376 3261; baseline -0.001 -16"><span class='ocrx_word' id='word_1_208' title='bbox 306 3197 354 3245; x_wconf 85' lang='lat' dir='ltr'><strong>alia</strong></span> <span class='ocrx_word' id='word_1_209' title='bbox 363 3212 488 3261; x_wconf 70' lang='lat' dir='ltr'><strong>aggressus</strong></span> <span class='ocrx_word' id='word_1_210' title='bbox 497 3208 535 3245; x_wconf 88' lang='lat' dir='ltr'><strong>est</strong></span> <span class='ocrx_word' id='word_1_211' title='bbox 544 3198 705 3246; x_wconf 70' lang='lat' dir='ltr'><strong>rialia‘tesex</strong></span> <span class='ocrx_word' id='word_1_212' title='bbox 714 3198 821 3248; x_wconf 75' lang='lat' dir='ltr'><strong>cratibus</strong></span> <span class='ocrx_word' id='word_1_213' title='bbox 864 3199 933 3249; x_wconf 84' lang='lat' dir='ltr'><strong>ltalia</strong></span> <span class='ocrx_word' id='word_1_214' title='bbox 946 3200 972 3249; x_wconf 88' lang='lat' dir='ltr'><strong>in</strong></span> <span class='ocrx_word' id='word_1_215' title='bbox 986 3201 1092 3249; x_wconf 86' lang='lat' dir='ltr'><strong>Siciliam</strong></span> <span class='ocrx_word' id='word_1_216' title='bbox 1106 3198 1202 3246; x_wconf 83' lang='lat' dir='ltr'><strong>facilem</strong></span> <span class='ocrx_word' id='word_1_217' title='bbox 1215 3198 1289 3246; x_wconf 84' lang='lat' dir='ltr'><strong>fuisse</strong></span> <span class='ocrx_word' id='word_1_218' title='bbox 1301 3197 1376 3246; x_wconf 75' lang='lat' dir='ltr'><strong>servis</strong></span> 
     </span>
     <span class='ocr_line' id='line_1_28' title="bbox 305 3274 1373 3343; baseline -0.001 -19"><span class='ocrx_word' id='word_1_219' title='bbox 305 3286 332 3324; x_wconf 82' lang='lat' dir='ltr'><strong>et</strong></span> <span class='ocrx_word' id='word_1_220' title='bbox 345 3274 411 3322; x_wconf 86' lang='lat' dir='ltr'><strong>‹lolia</strong></span> <span class='ocrx_word' id='word_1_221' title='bbox 425 3290 537 3324; x_wconf 84' lang='lat' dir='ltr'><strong>connexa</strong></span> <span class='ocrx_word' id='word_1_222' title='bbox 553 3276 665 3340; x_wconf 82' lang='lat' dir='ltr'><strong>virgultis</strong></span> <span class='ocrx_word' id='word_1_223' title='bbox 682 3292 767 3340; x_wconf 85' lang='lat' dir='ltr'><strong>parare</strong></span> <span class='ocrx_word' id='word_1_224' title='bbox 781 3278 821 3326; x_wconf 88' lang='lat' dir='ltr'><strong>in·</strong></span> <span class='ocrx_word' id='word_1_225' title='bbox 865 3278 990 3343; x_wconf 75' lang='lat' dir='ltr'><strong>fugitivis?</strong></span> <span class='ocrx_word' id='word_1_226' title='bbox 1001 3278 1269 3327; x_wconf 76' lang='lat' dir='ltr'><strong>Auutrlemoustaetur</strong></span> <span class='ocrx_word' id='word_1_227' title='bbox 1277 3277 1373 3341; x_wconf 84' lang='lat' dir='ltr'><strong>perieu-</strong></span> 
     </span>
     <span class='ocr_line' id='line_1_29' title="bbox 306 3352 1373 3417; baseline -0.002 -14"><span class='ocrx_word' id='word_1_228' title='bbox 306 3352 493 3417; x_wconf 58' lang='lat' dir='ltr'><strong>utrumquem</strong></span> <span class='ocrx_word' id='word_1_229' title='bbox 500 3354 723 3417; x_wconf 85' lang='lat' dir='ltr'><strong>rapidissimofreto</strong></span> <span class='ocrx_word' id='word_1_230' title='bbox 732 3355 820 3405; x_wconf 83' lang='lat' dir='ltr'><strong>frustra</strong></span> <span class='ocrx_word' id='word_1_231' title='bbox 863 3357 916 3406; x_wconf 86' lang='lat' dir='ltr'><strong>lum</strong></span> <span class='ocrx_word' id='word_1_232' title='bbox 929 3360 1002 3407; x_wconf 85' lang='lat' dir='ltr'><strong>fnisse</strong></span> <span class='ocrx_word' id='word_1_233' title='bbox 1017 3374 1049 3406; x_wconf 87' lang='lat' dir='ltr'><strong>ne</strong></span> <span class='ocrx_word' id='word_1_234' title='bbox 1062 3358 1125 3405; x_wconf 85' lang='lat' dir='ltr'><strong>servi</strong></span> <span class='ocrx_word' id='word_1_235' title='bbox 1140 3357 1168 3404; x_wconf 89' lang='lat' dir='ltr'><strong>in</strong></span> <span class='ocrx_word' id='word_1_236' title='bbox 1185 3356 1266 3405; x_wconf 81' lang='lat' dir='ltr'><strong>Sicilia</strong></span> <span class='ocrx_word' id='word_1_237' title='bbox 1285 3354 1373 3402; x_wconf 86' lang='lat' dir='ltr'><strong>bellum</strong></span> 
     </span>
     <span class='ocr_line' id='line_1_30' title="bbox 306 3432 1374 3502; baseline 0.002 -23"><span class='ocrx_word' id='word_1_238' title='bbox 306 3442 421 3498; x_wconf 80' lang='lat' dir='ltr'><strong>expertus</strong></span> <span class='ocrx_word' id='word_1_239' title='bbox 432 3442 476 3480; x_wconf 85' lang='lat' dir='ltr'><strong>eat.</strong></span> <span class='ocrx_word' id='word_1_240' title='bbox 489 3432 584 3494; x_wconf 81' lang='lat' dir='ltr'><strong>Florus,</strong></span> <span class='ocrx_word' id='word_1_241' title='bbox 594 3433 644 3491; x_wconf 87' lang='lat'><strong>111,</strong></span> <span class='ocrx_word' id='word_1_242' title='bbox 657 3449 697 3483; x_wconf 77' lang='lat' dir='ltr'><strong>ao.</strong></span> <span class='ocrx_word' id='word_1_243' title='bbox 864 3437 945 3502; x_wconf 86' lang='lat' dir='ltr'><strong>stipsi</strong></span> <span class='ocrx_word' id='word_1_244' title='bbox 954 3436 1101 3495; x_wconf 74' lang='lat' dir='ltr'><strong>excitamut,</strong></span> <span class='ocrx_word' id='word_1_245' title='bbox 1110 3451 1236 3483; x_wconf 82' lang='lat' dir='ltr'><strong>servorum</strong></span> <span class='ocrx_word' id='word_1_246' title='bbox 1247 3433 1374 3497; x_wconf 83' lang='lat' dir='ltr'><strong>exemplo,</strong></span> 
     </span>
     <span class='ocr_line' id='line_1_31' title="bbox 343 3512 1280 3580; baseline -0.002 -18"><span class='ocrx_word' id='word_1_247' title='bbox 343 3527 385 3563; x_wconf 86' lang='lat'><strong>11.</strong></span> <span class='ocrx_word' id='word_1_248' title='bbox 406 3515 442 3561; x_wconf 75' lang='lat' dir='ltr'><strong>M.</strong></span> <span class='ocrx_word' id='word_1_249' title='bbox 465 3512 547 3562; x_wconf 79' lang='lat' dir='ltr'><strong>Crassi</strong></span> <span class='ocrx_word' id='word_1_250' title='bbox 565 3512 664 3563; x_wconf 70' lang='lat' dir='ltr'><strong>nutrite.</strong></span> <span class='ocrx_word' id='word_1_251' title='bbox 686 3516 740 3563; x_wconf 88' lang='lat' dir='ltr'><strong>lmo</strong></span> <span class='ocrx_word' id='word_1_252' title='bbox 758 3532 820 3580; x_wconf 79' lang='lat' dir='ltr'><strong>proe-</strong></span> <span class='ocrx_word' id='word_1_253' title='bbox 863 3515 907 3580; x_wconf 83' lang='lat' dir='ltr'><strong>qni</strong></span> <span class='ocrx_word' id='word_1_254' title='bbox 915 3513 1096 3579; x_wconf 68' lang='lat' dir='ltr'><strong>illudinltalia</strong></span> <span class='ocrx_word' id='word_1_255' title='bbox 1108 3513 1280 3561; x_wconf 80' lang='lat' dir='ltr'><strong>conflaverant.</strong></span> 
     </span>
     <span class='ocr_line' id='line_1_32' title="bbox 307 3589 1375 3658; baseline -0.004 -17"><span class='ocrx_word' id='word_1_256' title='bbox 307 3591 399 3641; x_wconf 79' lang='lat' dir='ltr'><strong>donum</strong></span> <span class='ocrx_word' id='word_1_257' title='bbox 418 3589 536 3657; x_wconf 83' lang='lat' dir='ltr'><strong>perfidia,</strong></span> <span class='ocrx_word' id='word_1_258' title='bbox 555 3603 598 3641; x_wconf 81' lang='lat' dir='ltr'><strong>aut</strong></span> <span class='ocrx_word' id='word_1_259' title='bbox 618 3592 710 3641; x_wconf 84' lang='lat' dir='ltr'><strong>infelici</strong></span> <span class='ocrx_word' id='word_1_260' title='bbox 731 3595 820 3645; x_wconf 84' lang='lat' dir='ltr'><strong>ratium</strong></span> <span class='ocrx_word' id='word_1_261' title='bbox 900 3594 924 3642; x_wconf 81' lang='lat'><strong>3.</strong></span> <span class='ocrx_word' id='word_1_262' title='bbox 937 3592 1170 3658; x_wconf 78' lang='lat' dir='ltr'><strong>Faciliusfireritad</strong></span> <span class='ocrx_word' id='word_1_263' title='bbox 1182 3594 1306 3641; x_wconf 78' lang='lat' dir='ltr'><strong>Oceanum</strong></span> <span class='ocrx_word' id='word_1_264' title='bbox 1317 3607 1375 3656; x_wconf 79' lang='lat' dir='ltr'><strong>per·</strong></span> 
     </span>
     <span class='ocr_line' id='line_1_33' title="bbox 304 3669 1376 3734; baseline -0.001 -14"><span class='ocrx_word' id='word_1_265' title='bbox 304 3687 432 3734; x_wconf 70' lang='lat' dir='ltr'><strong>suocoesu,</strong></span> <span class='ocrx_word' id='word_1_266' title='bbox 452 3683 480 3721; x_wconf 88' lang='lat' dir='ltr'><strong>ut</strong></span> <span class='ocrx_word' id='word_1_267' title='bbox 498 3671 574 3720; x_wconf 83' lang='lat' dir='ltr'><strong>modo</strong></span> <span class='ocrx_word' id='word_1_268' title='bbox 599 3671 756 3734; x_wconf 79' lang='lat' dir='ltr'><strong>dicebamua3</strong></span> <span class='ocrx_word' id='word_1_269' title='bbox 778 3676 817 3725; x_wconf 80' lang='lat' dir='ltr'><strong>vel</strong></span> <span class='ocrx_word' id='word_1_270' title='bbox 861 3669 1077 3721; x_wconf 61' lang='lat' dir='ltr'><strong>intermestri</strong></span> <span class='ocrx_word' id='word_1_271' title='bbox 1093 3672 1208 3720; x_wconf 82' lang='lat' dir='ltr'><strong>nimirum</strong></span> <span class='ocrx_word' id='word_1_272' title='bbox 1224 3671 1311 3720; x_wconf 87' lang='lat' dir='ltr'><strong>itinere</strong></span> <span class='ocrx_word' id='word_1_273' title='bbox 1331 3686 1376 3733; x_wconf 86' lang='lat' dir='ltr'><strong>per</strong></span> 
     </span>
     <span class='ocr_line' id='line_1_34' title="bbox 303 3750 1376 3823; baseline -0.003 -24"><span class='ocrx_word' id='word_1_274' title='bbox 303 3760 408 3823; x_wconf 75' lang='lat' dir='ltr'><strong>utroque</strong></span> <span class='ocrx_word' id='word_1_275' title='bbox 419 3751 499 3800; x_wconf 88' lang='lat' dir='ltr'><strong>simul.</strong></span> <span class='ocrx_word' id='word_1_276' title='bbox 860 3750 963 3801; x_wconf 83' lang='lat' dir='ltr'><strong>Galliam</strong></span> <span class='ocrx_word' id='word_1_277' title='bbox 976 3763 1001 3800; x_wconf 89' lang='lat' dir='ltr'><strong>et</strong></span> <span class='ocrx_word' id='word_1_278' title='bbox 1009 3752 1158 3817; x_wconf 85' lang='lat' dir='ltr'><strong>Hispaniam.</strong></span> <span class='ocrx_word' id='word_1_279' title='bbox 1167 3751 1270 3809; x_wconf 82' lang='lat' dir='ltr'><strong>Peioris,</strong></span> <span class='ocrx_word' id='word_1_280' title='bbox 1279 3766 1321 3798; x_wconf 88' lang='lat' dir='ltr'><strong>seu</strong></span> <span class='ocrx_word' id='word_1_281' title='bbox 1331 3750 1376 3797; x_wconf 87' lang='lat' dir='ltr'><strong>Pe·</strong></span> 
     </span>
     <span class='ocr_line' id='line_1_35' title="bbox 341 3827 1374 3896; baseline -0.002 -20"><span class='ocrx_word' id='word_1_282' title='bbox 341 3829 520 3879; x_wconf 62' lang='lat' dir='ltr'><strong>intuendae</strong></span> <span class='ocrx_word' id='word_1_283' title='bbox 529 3832 816 3882; x_wconf 76' lang='lat' dir='ltr'><strong>AVerrsuisuirnmeou·</strong></span> <span class='ocrx_word' id='word_1_284' title='bbox 858 3831 938 3891; x_wconf 85' lang='lat' dir='ltr'><strong>lorus,</strong></span> <span class='ocrx_word' id='word_1_285' title='bbox 952 3827 1374 3896; x_wconf 81' lang='lat' dir='ltr'><strong>uamutrumquedioitur,illudest</strong></span> 
     </span>
     <span class='ocr_line' id='line_1_36' title="bbox 301 3905 1367 3975; baseline 0 -22"><span class='ocrx_word' id='word_1_286' title='bbox 301 3907 466 3970; x_wconf 72' lang='lat' dir='ltr'><strong>trafngltivos</strong></span> <span class='ocrx_word' id='word_1_287' title='bbox 475 3922 624 3974; x_wconf 81' lang='lat' dir='ltr'><strong>comparata.</strong></span> <span class='ocrx_word' id='word_1_288' title='bbox 857 3909 946 3959; x_wconf 71' lang='lat' dir='ltr'><strong>Siciliae</strong></span> <span class='ocrx_word' id='word_1_289' title='bbox 955 3913 1157 3975; x_wconf 83' lang='lat' dir='ltr'><strong>promontorium,</strong></span> <span class='ocrx_word' id='word_1_290' title='bbox 1167 3925 1252 3963; x_wconf 71' lang='lat' dir='ltr'><strong>seusus</strong></span> <span class='ocrx_word' id='word_1_291' title='bbox 1261 3905 1367 3963; x_wconf 83' lang='lat' dir='ltr'><strong>ltaliam,</strong></span> 
     </span>
     <span class='ocr_line' id='line_1_37' title="bbox 337 3983 1400 4054; baseline -0.003 -21"><span class='ocrx_word' id='word_1_292' title='bbox 337 3984 383 4033; x_wconf 79' lang='lat'><strong>111.</strong></span> <span class='ocrx_word' id='word_1_293' title='bbox 400 3999 422 4032; x_wconf 86' lang='lat'><strong>1.</strong></span> <span class='ocrx_word' id='word_1_294' title='bbox 439 3986 500 4032; x_wconf 85' lang='lat' dir='ltr'><strong>Tam</strong></span> <span class='ocrx_word' id='word_1_295' title='bbox 507 4003 595 4050; x_wconf 82' lang='lat' dir='ltr'><strong>prope.</strong></span> <span class='ocrx_word' id='word_1_296' title='bbox 612 3988 663 4036; x_wconf 86' lang='lat' dir='ltr'><strong>Ubi</strong></span> <span class='ocrx_word' id='word_1_297' title='bbox 674 3990 764 4037; x_wconf 82' lang='lat' dir='ltr'><strong>fretum</strong></span> <span class='ocrx_word' id='word_1_298' title='bbox 777 3997 814 4035; x_wconf 85' lang='lat' dir='ltr'><strong>est</strong></span> <span class='ocrx_word' id='word_1_299' title='bbox 839 3990 842 3995; x_wconf 88' lang='lat'>&#39;</span> <span class='ocrx_word' id='word_1_300' title='bbox 855 3990 926 4049; x_wconf 81' lang='lat' dir='ltr'><strong>juxta</strong></span> <span class='ocrx_word' id='word_1_301' title='bbox 936 3990 1034 4040; x_wconf 80' lang='lat' dir='ltr'><strong>fretum.</strong></span> <span class='ocrx_word' id='word_1_302' title='bbox 1042 3990 1102 4038; x_wconf 82' lang='lat' dir='ltr'><strong>Vid.</strong></span> <span class='ocrx_word' id='word_1_303' title='bbox 1110 3988 1312 4054; x_wconf 71' lang='lat' dir='ltr'><strong>Dionyerefieg.</strong></span> <span class='ocrx_word' id='word_1_304' title='bbox 1322 3983 1367 4032; x_wconf 88' lang='lat' dir='ltr'><strong>lib.</strong></span> <span class='ocrx_word' id='word_1_305' title='bbox 1383 3987 1400 4014; x_wconf 76' lang='lat'><strong>²²</strong></span> 
     </span>
     <span class='ocr_line' id='line_1_38' title="bbox 301 4060 1371 4132; baseline 0.002 -21"><span class='ocrx_word' id='word_1_306' title='bbox 301 4060 813 4130; x_wconf 52' lang='lat' dir='ltr'><strong>numantinumhoeemintut’eloruu</strong></span> <span class='ocrx_word' id='word_1_307' title='bbox 857 4064 1371 4132; x_wconf 66' lang='lat' dir='ltr'><strong>V,vs.472,etDorsilleSieulaadinitium.</strong></span> 
     </span>
    </p>
   </div>
   <div class='ocr_carea' id='block_1_4' title="bbox 0 0 1598 4772">
    <p class='ocr_par' dir='ltr' id='par_1_7' title="bbox 0 0 1598 4772">
     <span class='ocr_line' id='line_1_39' title="bbox 0 0 1598 4772; baseline 0 0"><span class='ocrx_word' id='word_1_308' title='bbox 0 0 1598 4772; x_wconf 95' lang='lat' dir='ltr'><strong> </strong></span> 
     </span>
    </p>
   </div>
  </div>
 </body>
</html>
