3148 4780
323 419 393 500 dio
642 418 691 485 M.
717 420 756 486 T.
782 421 1065 488 CICERONIS

321 552 360 609 ut
382 536 471 607 mihi
485 535 646 626 videtur,
665 536 711 609 ab
729 539 876 610 illorum
890 537 1164 611 innocentium⁶
1183 559 1297 636 poena
1319 540 1409 613 for-

322 665 409 719 tuna
431 647 476 718 ad
497 647 591 719 hanc
609 672 752 719 causam
774 654 976 721 reservavit.

368 756 480 829 Adest
495 757 679 855 Philargus
696 759 930 848 Haluntinus,
951 761 1032 857 qui,
1058 759 1148 855 qnia·
1169 746 1261 830 cum¹
1279 760 1410 831 Cleo-

321 892 428 940 mene
451 892 527 938 non
555 866 663 965 fugit,
691 873 885 966 oppressus
906 893 928 939 a
949 866 1181 967 praedonibus
1206 881 1242 938 et
1260 884 1410 966 captus

324 992 404 1050 est:
425 982 484 1050 cui
500 977 681 1050 calamitas
696 979 801 1050 saluti
819 978 905 1064 luit3
923 984 1005 1075 qui,
1027 980 1094 1049 nisi
1109 991 1235 1074 captus
1254 1002 1280 1048 a·
1294 982 1407 1075 pira-

323 1090 368 1160 tis
379 1101 489 1175 esset,
508 1089 547 1157 in
561 1087 660 1159 hunc
670 1087 878 1188 praedonem
893 1089 1075 1159 sociorum
1088 1083 1281 1158 incidisset.
1294 1088 1408 1157 Dicit

323 1201 368 1285 is,
390 1223 457 1295 pro
476 1199 701 1286 testimonio,
722 1199 767 1270 de
790 1198 962 1269 missione
980 1210 1188 1283 nautarum,
1209 1194 1406 1282 deleme,

325 1308 370 1380 de
393 1299 601 1379 'Cleomenis
624 1307 718 1405 fuga.
743 1309 853 1380 Adest
878 1310 1137 1405 Centuripinus
1157 1305 1364 1402 Phalargus
1374 1319 1404 1393 ⁷,

325 1420 371 1487 in·
384 1417 601 1514 amplissima
614 1420 773 1506 civitate,
791 1419 1010 1518 amplissimo
1029 1418 1111 1489 loeo
1125 1430 1240 1487 natus.
1254 1415 1404 1487 Eadem

325 1525 413 1596 dicit
428 1554 436 1596 :
453 1525 559 1597 nulla·
569 1528 607 1596 in
630 1552 670 1599 re
690 1524 880 1626 discrepat.

374 1640 443 1707 Per
464 1635 552 1708 deos
576 1637 812 1710 immortales!
831 1638 988 1734 judices,
1005 1661 1080 1733 quo
1099 1635 1246 1706 tandem
1265 1640 1405 1705 animo

326 1742 481 1815 sedetis?
506 1759 569 1816 aut
590 1747 897 1842 quemadmodum
920 1745 1073 1817 auditis?
1093 1750 1224 1817 Utrum
1243 1769 1310 1843 ego
1332 1745 1402 1816 de·

327 1857 440 1950 sipi0‚
459 1869 495 1925 et
510 1854 592 1952 plus
602 1880 711 1952 quam
721 1860 806 1927 satis
814 1871 885 1942 est,
904 1855 1011 1926 doleo
1027 1861 1176 1926 intanta
1190 1854 1403 1925 calamitate

329 1966 542 2062 miseriaque
554 1967 755 2038 sociorum?
767 1990 813 2036 an
828 1990 893 2037 vos
909 1990 1057 2063 quoque
1072 1965 1131 2036 hic
1141 1962 1402 2035 acerbissimus

329 2076 577 2146 innocentium
603 2081 783 2148 cruciatus
808 2088 845 2147 et
866 2098 1002 2146 moeror
1026 2077 1104 2171 puri
1128 2098 1235 2146 sensu
1259 2073 1400 2145 doloris

328 2182 462 2256 afficit?
479 2190 556 2284 Ego
578 2187 674 2257 enim
696 2210 811 2283 quum
829 2179 1116 2271 Herbitensem⁸‚
1141 2206 1257 2280 quum
1281 2189 1398 2254 Hera·

331 2294 502 2365 eliensem
522 2299 640 2366 securi
658 2321 733 2367 esse
761 2319 970 2393 percussum
997 2293 1095 2383 dico,
1123 2309 1286 2366 versatur
1305 2293 1399 2363 mihi

331 2419 414 2474 ante
433 2404 559 2473 oculos
577 2403 772 2500 indignitas
795 2407 1012 2478 calamitatis.

379 2515 519 2582 XLVII.
539 2517 722 2584 Eorumne
738 2516 959 2613 populorum
974 2518 1086 2602 cives,
1105 2536 1281 2584 eorumne
1294 2534 1399 2607 agro-

332 2644 412 2691 rum
421 2620 586 2693 alumnos
595 2630 622 2708 ¹,
634 2624 1046 2721 exquibus'maximavis
1055 2623 1228 2694 frumenti
1242 2634 1397 2719 quotan-

300 2728 305 2735 ’
333 2730 668 2828 nisplebiromanae‚
677 2735 821 2806 illorum
830 2733 1398 2832 operisaclaboribus,quaeritnr‚

333 2843 652 2940 quiaparentibus‚
666 2856 752 2943 spe²
766 2847 878 2915 nostri
885 2846 1028 2944 imperii
1038 2858 1242 2939 nostraeque
1252 2834 1398 2941 requita-

327 2952 397 3039 'tis‚
411 2953 790 3052 susceptieducatique
800 2971 901 3044 sunt,
917 2953 962 3026 ad
970 2960 1007 3027 C.
1015 2958 1137 3026 Verris
1149 2952 1322 3024 nefariam
1336 2954 1398 3022 im·

276 3060 278 3073 '
334 3065 742 3162 manitatem‚etadeJus
751 3090 912 3139 securem
927 3065 1106 3139 funestam
1114 3060 1399 3136 esseservatos3?

367 3239 392 3285 6.
415 3239 452 3284 At
468 3238 564 3286 illorum
581 3238 752 3289 innocentium.
772 3245 843 3305 Quos
886 3244 962 3293 Ionos.
980 3266 1016 3281 -··
1030 3240 1146 3291 naama
1155 3239 1207 3288 ’νεὶ
1220 3239 1312 3288 wan
1323 3254 1398 3304 pens·

332 3315 411 3364 noluit
424 3316 522 3363 sorsum
535 3317 621 3366 ecdem
634 3334 690 3365 eum
706 3319 754 3366 illis
767 3321 841 3368 inno*
885 3324 945 3370 riam
956 3322 1062 3387 reipubl.
1074 3322 1194 3369 nutricem
1202 3318 1281 3384 plebis
1288 3332 1397 3365 romane

333 3393 444 3444 eentihns
453 3394 548 3443 involvi
559 3396 682 3460 supplicio
692 3407 736 3456 ,nt
747 3407 792 3445 tuo
803 3400 842 3459 jn·
886 3401 993 3449 Sieillm
1005 3401 1066 3449 (hm
1076 3397 1226 3446 nominabat.
1235 3396 1307 3445 Vere:
1321 3397 1360 3453 ΙΙ,
1371 3411 1396 3444 s.

334 3479 401 3528 dicio
411 3478 538 3539 adessent,
557 3489 581 3526 et
598 3490 685 3528 contis
695 3482 842 3531 tetestimo·
921 3496 947 3529 s.
959 3478 1149 3544 aparentibus,
1166 3486 1217 3544 sps.
1235 3478 1265 3526 Id
1279 3489 1332 3536 est,
1342 3484 1399 3541 spe·¹

335 3561 403 3610 nltlm
413 3559 531 3607 dicerent.
886 3558 995 3607 rantibus
1007 3560 1073 3616 fore,
1085 3557 1263 3606 utlibermtem
1274 3556 1400 3605 snsmsob

370 3654 395 3706 7.
420 3637 588 3703 Gennm'jrinns
613 3636 772 3706 Phalargtrs..
794 3641 845 3703 Qui
888 3637 998 3701 imperio·
1016 3647 1101 3685 nostro
1129 3638 1269 3685 retinerent.
1292 3637 1355 3684 llam
1378 3634 1399 3682 sl

335 3721 463 3783 pmnnism
489 3716 636 3767 Timarchidi
666 3718 700 3767 ob
723 3720 844 3783 rugarum
888 3726 966 3764 tantus
984 3717 1066 3765 liberis
1085 3717 1135 3763 suis
1155 3716 1301 3764 calamitates
1313 3715 1400 3779 provi·

337 3810 427 3846 metum
439 3798 607 3846 dinumeravit.
889 3795 991 3854 disum,
1002 3812 1055 3845 non
1065 3810 1107 3844 eos
1116 3795 1289 3859 suscepissem
1304 3793 1347 3841 sed
1360 3808 1401 3841 ree

372 3874 397 3926 8.
410 3877 579 3925 Herbitensem.
592 3876 746 3925 Eubulidam.
754 3906 790 3915 -
798 3878 845 3924 He·
889 3886 945 3922 cess
956 3886 1028 3924 ustos
1037 3877 1096 3924 feris
1105 3874 1286 3939 exposuissem,
1294 3884 1322 3920 ut
1331 3884 1364 3918 ne
1370 3872 1401 3918 'ln

336 3954 485 4002 mlienssm.
498 3958 607 4019 Fusium.
888 3966 955 4016 spem
966 3965 1088 4003 tantorum
1097 3952 1400 4002 malornmsdoleseersnt.

372 4033 474 4079 xtvtt.
490 4049 512 4079 1.
532 4035 664 4097 Almus..
672 4036 774 4082 Veteres
784 4030 843 4080 edit.
924 4034 949 4082 3.
963 4036 1022 4081 Esse
1032 4045 1144 4081 servatos.
1154 4033 1262 4081 subaud.
1271 4028 1400 4078 suendum

337 4110 420 4171 Cujus.
431 4111 492 4171 Reg.
504 4120 529 4157 st
542 4112 636 4158 truncti
646 4111 690 4159 lib.
702 4111 792 4158 mosne
804 4124 845 4157 so·
888 4116 939 4170 est,
957 4112 995 4160 vel
1009 4111 1109 4175 aliquod
1131 4110 1198 4161 mut
1216 4111 1320 4159 verbm
1335 4109 1401 4171 eins·
