3186 4772
330 415 402 501 324
643 413 691 480 Μ.
716 413 755 479 Τ.
782 412 1078 484 CICERONIS

329 537 549 635 provinciam
563 530 718 603 Siciliam
727 532 859 601 virtute
869 531 947 626 ejus
962 546 999 603 et
1010 532 1190 631 vigilantia
1201 535 1394 632 singulari,

329 645 448 719 dubiis
469 640 783 736 formidolosisque
802 639 1045 739 temporibus,
1062 667 1084 713 a
1105 640 1263 742 fugitivis
1283 661 1393 744 atque

328 754 452 828 abelli
475 751 644 851 periculis
659 764 774 821 tutam
796 775 873 821 esse
891 767 1076 824 servatam.

374 862 472 957 Quid
484 887 604 960 agam,
612 887 625 956 J
631 857 775 930 udices?
789 883 865 957 quo
874 862 1110 933 accusationis
1120 887 1206 934 meae
1216 867 1390 939 rationem

327 973 536 1049 conferam?
561 995 637 1067 quo
663 993 721 1039 me
748 970 911 1041 vertam?
934 966 990 1042 A'd
1016 997 1143 1045 omnes
1169 975 1267 1044 enim
1292 999 1393 1046 meos

328 1088 502 1183 impetus,
524 1080 627 1175 quasi
646 1102 773 1150 murus
789 1077 956 1176 quidam,
982 1081 1071 1155 boni
1090 1108 1226 1155 nomen
1242 1086 1394 1183 impera·

327 1197 416 1268 toris
433 1192 641 1290 opponitur.
658 1193 752 1263 Novi
773 1188 937 1278 locum⁵;
955 1192 1061 1266 video
1087 1193 1152 1266 ubi
1180 1218 1218 1266 se
1238 1194 1392 1290 jactatu-

327 1330 391 1377 rus
404 1305 450 1374 sit
458 1300 680 1373 Hortensius.
691 1298 778 1369 Belli
792 1297 987 1397 pericula⁶,
1000 1317 1165 1402 tempora
1172 1303 1392 1403 reipublicae,

327 1417 587 1511 imperatorum
606 1411 796 1505 penuriam
823 1412 1146 1486 commemorabit:
1166 1428 1245 1485 tum
1264 1413 1393 1514 deprc-

327 1520 470 1594 cabitur
490 1543 512 1588 a
530 1516 653 1606 vobis,
669 1532 747 1589 tum
760 1522 868 1589 etiam
885 1544 952 1618 pro
971 1547 1038 1595 suo
1054 1524 1159 1620 jure⁷
1179 1525 1393 1613 contendet,

329 1655 375 1702 ne
393 1628 599 1728 patiamini,
619 1626 729 1699 talem
743 1629 998 1727 imperatorem
1018 1635 1156 1732 populo
1171 1659 1324 1708 romano
1339 1638 1393 1707 Si·

327 1740 495 1812 culorum
516 1739 730 1809 testimoniis
746 1739 858 1836 eripi3
876 1765 966 1812 neve
987 1741 1106 1814 obteri
1121 1743 1265 1816 laudem
1277 1746 1392 1845 impe·

327 1851 497 1922 ratonam
515 1847 726 1919 criminibus
745 1844 922 1919 avaritiae⁸
945 1852 1069 1924 velitis.

374 1965 457 2033 Non
467 1981 615 2056 possum
629 1956 864 2046 dissimulare,
877 1959 1035 2054 judices:
1047 1965 1177 2053 timeo,
1196 1988 1242 2036 ne
1252 1969 1290 2037 C.
1302 1969 1392 2037 Ver·

327 2097 402 2159 res,
426 2084 576 2169 propter
593 2066 688 2140 banc
706 2067 879 2139 virtutem
903 2071 1091 2142 eximiam⁹
1115 2074 1153 2143 in
1171 2098 1212 2145 re
1231 2073 1393 2163 militari,

328 2183 468 2268 omnia,
483 2204 563 2276 quac
581 2176 683 2267 fecit,
698 2180 849 2276 impune
867 2177 1002 2262 fecerit.
1014 2184 1123 2255 Venit
1141 2185 1239 2256 enim
1253 2184 1342 2255 mihi
1355 2187 1393 2257 in

328 2291 547 2377 mentem,in
558 2288 697 2383 judicio
704 2288 763 2360 Μ’.
774 2290 922 2387 Aquillii
930 2301 962 2336 ¹⁰
971 2308 1149 2390 quantum
1163 2296 1393 2385 auctoritatis,

364 2487 390 2535 5.
399 2483 558 2532 Novilocnm.
566 2484 726 2532 Communem
736 2483 839 2534 rhetori·
883 2480 948 2529 diam
963 2482 1085 2547 pertinere
1098 2484 1162 2534 hano
1176 2485 1275 2534 dicendi
1291 2486 1394 2535 formam

329 2579 385 2611 cum
395 2563 439 2626 qui
450 2560 557 2626 prebeat
565 2562 726 2625 exaggerandi
738 2563 839 2613 faculta-
883 2567 1019 2617 contendit.
1039 2569 1091 2633 Ego
1110 2568 1192 2617 malint
1211 2583 1267 2615 cum
1281 2565 1394 2627 Deajard.

328 2653 378 2690 tem
386 2639 526 2690 Hortensio.
883 2645 1021 2709 explicare:
1036 2663 1084 2710 pro
1100 2664 1145 2696 sno
1153 2647 1226 2713 jure,
1241 2644 1268 2693 id
1280 2655 1332 2706 est,
1345 2659 1394 2709 pro

363 2723 389 2770 6.
403 2719 467 2768 nette·
475 2716 598 2784 pericula.
617 2715 743 2783 Significat
756 2732 840 2769 orator
880 2725 936 2784 jure
950 2724 1018 2788 quod
1035 2726 1058 2775 si
1074 2726 1116 2775 dat
1129 2742 1206 2774 causae
1221 2740 1288 2783 suar,
1300 2735 1328 2772 nt
1345 2723 1394 2772 sibi

327 2802 392 2851 bella
405 2800 456 2849 duo
475 2796 633 2857 difficillima,
646 2799 840 2848 Mithridaticum
882 2800 1395 2867 flngtt‚b0nitn.-ateu1mm.contm·

329 2893 354 2931 et
377 2880 561 2939 somoriam,
589 2876 680 2943 quibus
702 2877 840 2943 respublica
881 2882 955 2944 prim.
969 2882 999 2931 Id
1013 2895 1065 2948 est,
1078 2884 1280 2950 provincialium,
1295 2894 1321 2932 et
1334 2898 1395 2947 gru-

328 2977 360 3009 eo
384 2970 493 3024 tempore
519 2956 688 3005 distinebatur.
722 2958 760 3005 De
780 2956 840 3018 illo,
883 2961 996 3010 culorum
1007 2962 1149 3025 hominum,
1162 2979 1267 3029 quorum
1278 2962 1338 3011 levis
1348 2977 1393 3010 an·

328 3038 419 3097 lib.11,
432 3037 541 3101 oap.65.
554 3035 769 3085 Dehocinlra.-
780 3037 840 3083 Tum
883 3042 983 3090 ctoritas
1003 3042 1071 3106 apud
1089 3044 1185 3105 jndices
1206 3057 1320 3092 romanos
1341 3055 1394 3089 esse

329 3116 503 3182 deprecabitur.
516 3114 548 3162 Id
561 3124 613 3174 est,
624 3125 698 3179 atque
710 3115 748 3162 his
762 3114 841 3163 omni·
884 3117 966 3168 debet.
985 3122 1042 3170 Non
1058 3124 1110 3171 aine
1124 3123 1233 3187 emphasi
1246 3138 1278 3170 ex
1290 3135 1393 3187 persona

328 3196 375 3242 bus
384 3194 593 3252 commemoratis,
605 3194 686 3241 statim
698 3193 840 3257 deprecabi·
883 3198 1007 3247 Hortensii
1020 3211 1180 3264 opponuntur
1189 3199 1283 3266 populo
1291 3213 1393 3247 romano

329 3285 395 3322 tur..
407 3283 496 3334 ‚atque
509 3271 594 3332 enum,
608 3282 656 3320 etc·
668 3272 784 3321 Notanda
796 3289 840 3323 oc·
883 3276 972 3338 Siculi,
983 3290 1010 3327 ut
1023 3280 1076 3344 ipse
1085 3280 1172 3330 Cicero
1184 3280 1211 3328 in
1219 3279 1329 3343 sequenti
1339 3292 1393 3324 ora·

328 3352 429 3417 cupatio
437 3350 520 3398 Verria
531 3350 707 3401 defensionum.
882 3358 949 3405 tione
962 3359 1090 3407 Gallorum
1100 3360 1237 3409 testimonia
1250 3356 1362 3407 elevabit.

365 3448 389 3492 7.
402 3433 452 3480 Pro
463 3429 575 3496 snojnrs.
586 3432 761 3495 Interpretatur
773 3433 838 3481 Hot-
918 3436 945 3482 Β.
956 3435 1099 3485 Criminibus
1107 3438 1226 3487 arumnis.
1235 3439 1297 3500 Qun
1306 3433 1394 3483 colim

328 3523 454 3570 tomanus,
466 3525 534 3574 «pro
553 3524 584 3557 eo
601 3508 685 3574 quod,
702 3512 759 3574 quia
778 3512 838 3559 ciria
882 3528 938 3561 cum
954 3513 1026 3562 lande
1039 3515 1208 3580 imperatoria,
1220 3515 1336 3566 momenti
1350 3513 1393 3562 tls-

327 3604 379 3651 eat,
388 3591 471 3656 magni
480 3606 523 3639 aua
534 3590 634 3638 interest
644 3589 725 3638 bonos
734 3593 838 3639 esseim·
881 3589 941 3640 bent
956 3608 1007 3641 ease
1023 3605 1066 3643 ant
1076 3595 1182 3657 nullius,
1193 3607 1237 3645 aut
1251 3612 1309 3644 sans
1319 3594 1395 3644 lavia·

326 3682 451 3737 perstaret
469 3670 496 3718 in
516 3669 676 3734 republica».
697 3670 837 3728 Manutius,
882 3669 947 3718 simi.

327 3751 358 3798 de
371 3749 536 3800 dominatione
547 3747 673 3797 Hortensii
685 3748 712 3795 in
721 3747 837 3810 judiciis,
917 3764 942 3811 9.
954 3748 1072 3800 Virtutem
1080 3752 1204 3802 eximiam.
1216 3752 1322 3812 Μίνως
1330 3751 1394 3800 inira

327 3844 382 3891 quse
387 3828 467 3890 jamei
475 3828 549 3878 toties
555 3828 652 3890 objecta
658 3837 703 3876 est.
713 3828 837 3885 Gravius,
881 3827 947 3875 enim
955 3829 1062 3880 ostendit
1072 3834 1193 3881 neminem
1201 3847 1315 3897 tunquam
1324 3832 1394 3896 igna-

327 3922 394 3968 upro
409 3922 454 3954 suo
469 3908 536 3967 iure,
556 3919 608 3970 est,
620 3907 689 3973 qnod
706 3906 836 3956 eilioitum
880 3907 1062 3958 riorunlniase.

326 3993 351 4028 et
362 3997 503 4030 oenomaum
514 3996 563 4042 est,
574 3987 669 4049 inquit,
680 3995 728 4033 eta
740 3983 837 4033 nemina
918 4001 957 4036 so.
964 3988 1096 4054 injudicio
1106 3989 1151 4037 Μ’.
1159 3990 1272 4054 Aquillii.
1280 3989 1393 4040 Meminit

326 4068 408 4125 potest
427 4058 540 4121 impediri
548 4084 570 4108 ι.
591 4062 761 4126 Adstipnlatur
780 4063 836 4110 Ma·
879 4064 973 4114 Tullius
982 4083 1029 4131 pro
1041 4068 1141 4127 Flacco,
1150 4084 1173 4119 c.
1185 4071 1235 4131 38,
1246 4069 1286 4118 lais
1295 4067 1389 4119 verbis:

326 4136 546 4186 nertennaco
573 4136 605 4184 ad
624 4137 758 4186 faciendam
772 4139 836 4188 inri-
879 4143 945 4193 «Μ’.
958 4144 1093 4210 Aquilium
1109 4157 1191 4212 patres
1211 4148 1295 4197 nostrl
1309 4147 1392 4198 multia
