3116 4774
345 387 413 474 482
655 386 702 456 M.
728 387 767 454 T.
793 384 1082 456 CICERONIS

343 508 499 605 possedit
518 507 729 579 Caesenniai‘
745 512 838 579 Usus
855 508 974 591 entim,
989 506 1132 603 inquit,
1150 505 1247 600 ejus,
1263 519 1301 579 et
1316 505 1396 578 sru-

339 636 418 692 ctus
433 616 535 690 fundi
546 671 556 706 ‚
569 630 784 688 testamento
799 615 886 703 viri,
903 612 1021 689 iuerat
1032 612 1252 686 Caesenniae⁸.
1272 620 1395 707 Quum

340 729 411 800 hoc
431 752 532 799 novae
550 727 621 798 litis
640 751 753 824 genus
772 741 843 797 tam
865 726 1041 797 malitiose
1062 724 1301 815 intenderet⁹‚
1318 727 1395 824 pla·

339 842 415 911 cuit
441 842 608 924 Caecinae,
635 836 681 907 de
708 837 908 907 amicorum
934 839 1128 920 sententia,
1157 837 1395 923 constituere,

336 974 412 1046 qno
431 947 490 1018 die
508 948 546 1017 in
565 970 644 1018 rem
666 959 879 1044 praesentem
897 948 1081 1017 veniretur
1094 954 1136 1030 ¹⁰,
1155 957 1192 1015 et
1213 944 1259 1015 de
1280 943 1395 1018 fundo

337 1060 476 1130 Caeeina
500 1054 663 1126 moribus
689 1055 982 1126 deduceretur¹¹.
1009 1054 1287 1152 Colloquuntur.
1311 1056 1395 1127 Dies

337 1196 380 1240 ex
404 1171 592 1263 utriusque
615 1162 808 1235 commodo
831 1165 996 1235 sumitur.
1013 1167 1152 1235 Caecinn
1170 1187 1253 1234 cum
1274 1163 1395 1235 amicis

335 1279 378 1350 nd
398 1278 495 1349 diem
514 1276 668 1345 venitin
686 1272 872 1345 castellum
888 1274 1013 1345 Axiam
1029 1297 1038 1343 τ
1056 1298 1101 1344 ex
1119 1296 1195 1369 quo
1214 1272 1296 1342 loco
1314 1270 1393 1342 fun·

335 1388 464 1472 dosis,
482 1385 527 1455 de
545 1406 621 1480 quo
638 1383 767 1479 agitur,
784 1407 862 1454 non
880 1382 986 1480 longe
1004 1380 1116 1454 abest.
1132 1381 1187 1452 Ibi
1205 1384 1339 1453 certior
1351 1380 1393 1452 fit

336 1523 356 1566 a
369 1492 553 1593 pluribus,
566 1492 732 1564 homines
748 1493 967 1590 permultos,
986 1490 1119 1564 liberos
1133 1507 1243 1589 atque
1255 1516 1393 1579 servos,

335 1605 493 1699 coegisse
511 1617 548 1673 et
566 1626 721 1674 armasse
737 1600 931 1674 AEbutium.
950 1606 1073 1693 Quum
1090 1601 1128 1672 id
1144 1604 1274 1700 partim
1292 1604 1393 1673 mira·

333 1725 472 1800 rentur,
489 1713 622 1809 partim
640 1735 717 1781 non
736 1710 950 1783 crederent:
977 1734 1060 1784 ecoe
1079 1714 1156 1810 ipse
1171 1710 1335 1785 AEbutius
1355 1713 1392 1782 in

363 1976 386 2023 8.
394 1966 840 2037 Testsmsntovirifserntcessennt'oe.
885 1970 977 2019 dictum
1004 1971 1144 2035 postnhrst.
1171 1998 1208 2011 -
1234 1972 1339 2021 Budeus
1365 1975 1392 2022 ie

330 2057 514 2118 Queremortoe
522 2049 652 2099 studuerit
659 2049 721 2099 redit
729 2049 760 2098 ed
770 2048 840 2098 fundi
884 2049 1013 2098 Pendectie
1032 2050 1148 2115 exponit,
1166 2050 1249 2099 loten
1267 2052 1341 2101 oculo
1361 2068 1393 2100 ee
1419 2110 1423 2119 Ι

330 2135 516 2201 proprieterium
523 2133 842 2193 ususfructussnemueum·
885 2130 963 2194 digito
974 2130 1114 2194 deeigmre,
1127 2130 1278 2193 qnodhodie
1287 2142 1392 2190 vocnt,

332 2217 436 2262 fructum
448 2212 520 2261 simtd
536 2229 591 2260 curn
604 2211 785 2261 umnaoneno
797 2226 840 2258 ex·
884 2221 985 2258 ventam
991 2208 1097 2273 sonere,
1117 2208 1143 2257 td
1161 2210 1282 2258 eeteriisue
1299 2226 1350 2259 eeee
1364 2212 1394 2260 in

330 2294 421 2357 stingui
436 2303 509 2356 etque
527 2292 625 2339 interire
645 2306 717 2338 nemo
734 2291 839 2353 ignoret.
884 2305 934 2336 rem
945 2300 1088 2353 presentem
1101 2288 1211 2353 poednci.
1224 2286 1327 2339 Penes.

331 2376 411 2422 Ηοπ.
422 2396 457 2408 -
469 2371 507 2417 De
517 2368 566 2416 hoo
585 2370 642 2415 loco
655 2367 706 2415 vid.
719 2369 840 2416 Excurnn
921 2382 960 2417 rr.
976 2370 1014 2414 De
1020 2365 1107 2432 fondo
1123 2368 1221 2417 &sina
1233 2368 1337 2417 nentes
1349 2368 1393 2417 de·

330 2458 431 2513 qnertus
441 2448 473 2494 ed
485 2445 574 2493 celcem
587 2444 660 2505 huius
672 2446 799 2495 ourionis.
882 2444 1017 2496 disceretur.
1036 2449 1065 2497 tn
1078 2447 1150 2494 initio
1164 2445 1237 2508 hujus
1254 2448 1391 2497 cretionis:

364 2543 390 2589 9.
414 2527 473 2572 Tene
487 2522 611 2571 malitiose
623 2522 766 2573 intenderet.
782 2526 839 2573 Hoc
884 2524 1005 2592 Viefoeta
1016 2525 1131 2575 moriem.
1142 2526 1186 2574 Vis
1195 2540 1222 2573 ee
1231 2526 1394 2575 deutereseo-

327 2605 386 2651 loco
399 2600 545 2665 intenderet,
559 2601 652 2650 dietum
664 2612 778 2667 potemus
791 2620 838 2667 pro
882 2606 944 2653 cerie
956 2605 1256 2671 dicituri'reliio,11‚so‚
1268 2605 1334 2653 tende
1343 2606 1393 2654 itu·

328 2695 443 2742 smeret,
463 2692 505 2729 eut
526 2693 688 2745 compareret.
710 2681 751 2729 Lis
772 2684 837 2730 enim
878 2684 974 2745 jttsloci
985 2683 1116 2747 explicetis
1124 2684 1226 2749 petende
1233 2695 1284 2741 est,
1293 2683 1325 2732 de
1337 2701 1392 2734 ne·

329 2777 380 2814 turn
391 2762 502 2829 proprie,
514 2778 588 2826 quum
596 2761 715 2823 iudicium
726 2761 837 2825 postule·
881 2776 915 2810 nu
924 2773 1038 2811 conserto
1046 2764 1140 2825 iniere.
1148 2766 1188 2813 Iu.
1198 2763 1304 2811 -Oiier
1314 2780 1392 2828 quum
1494 2800 1499 2807 .

330 2854 378 2899 tur,
388 2841 535 2891 intenditur:
543 2841 597 2890 herc
605 2851 687 2889 eutem
695 2850 751 2887 ente
761 2839 838 2887 ullum
881 2841 1043 2889 controversie
1057 2853 1108 2890 eret
1122 2842 1154 2890 de
1166 2842 1244 2890 tundo
1257 2858 1309 2891 non
1322 2844 1392 2893 iiiito

329 2924 495 2973 vedimonium
513 2921 575 2970 secte
590 2930 656 2970 sent.
675 2919 794 2983 Uipienus
811 2919 837 2967 iu
880 2921 912 2968 ed
918 2932 1048 2984 pretorem
1054 2922 1162 2981 edbert,
1170 2934 1199 2972 ut
1208 2923 1239 2971 de
1245 2925 1392 2988 propriette

330 3004 347 3052 l.
362 3004 404 3051 sed
418 3014 443 3051 et
457 3003 493 3063 st,
512 3000 612 3066 §etiem
626 3001 659 3059 si,
678 3000 708 3048 D.
722 2998 753 3046 de
766 2998 835 3063 petit.
880 2998 932 3061 ejus
942 3000 1011 3048 fundi
1021 3012 1152 3058 occurent,
1162 3001 1204 3049 sed
1215 3003 1284 3067 prins
1294 3018 1391 3067 posses-
1466 3024 1469 3029 .
1538 3024 1539 3033 κ

231 3136 234 3149 ‚
330 3082 413 3129 hesed.
429 3096 523 3128 movere
534 3080 719 3128 controversiam
731 3093 778 3143 pro
792 3094 837 3125 eo·
880 3080 1095 3128 sioniseretceuse
1108 3080 1392 3145 spectende.1tsqtese1
1450 3112 1455 3120 ·
1535 3124 1538 3149 s

331 3161 386 3207 dem
409 3160 486 3217 dixit,
507 3158 575 3223 quod
596 3159 646 3206 hoo
666 3158 722 3206 loco
742 3157 837 3206 Tullius
880 3161 1012 3208 emicornm
1031 3161 1150 3208 sententie
1171 3159 1345 3217 consedebat,
1361 3169 1391 3207 nt
1471 3170 1477 3217 ζ

330 3237 395 3284 litent
408 3237 539 3284 intendere.
553 3238 635 3283 Ηοπ.
879 3238 906 3286 in
926 3256 977 3286 rem
996 3249 1137 3303 presentem
1156 3249 1260 3302 uterque
1281 3239 1387 3293 reniret,

369 3331 407 3363 10.
428 3318 459 3363 In
476 3331 526 3362 rent
539 3324 686 3380 preeuntem
702 3313 835 3364 oeninner.
880 3316 1392 3383 pmntibnsutrlnsqnepestieedeocetie,
1476 3319 1479 3327 '

330 3396 429 3445 Dictum
448 3405 485 3442 est
498 3394 547 3454 ism
569 3403 638 3441 antee
656 3391 730 3441 mods
749 3392 836 3454 fuine,
880 3399 1047 3457 seutestlbus,
1061 3396 1390 3461 exquseosundoeiteruter

329 3484 356 3523 ut
367 3475 392 3521 in
402 3473 584 3538 possessionum
592 3471 764 3521 controversiis
771 3483 837 3521 uter·
880 3478 987 3525 moribus
1001 3477 1174 3535 deduceretur,
1190 3477 1256 3524 siout
1270 3491 1392 3525 wotene·

329 3571 376 3620 que
384 3552 535 3601 edverserius
543 3551 756 3615 eiiqnothomines
765 3551 837 3600 edvo·
880 3567 924 3605 ret.
938 3557 982 3603 vn
994 3557 1076 3619 ireque
1088 3556 1198 3604 moribus
1209 3554 1298 3615 debet,
1311 3566 1339 3603 ttt
1352 3555 1392 3603 di·

329 3646 414 3697 earet,
430 3649 488 3682 cum
505 3632 593 3696 quibus
616 3633 642 3678 in
668 3631 786 3691 fundum,
805 3633 837 3680 de
879 3633 1390 3697 citurinitiooretIonie‚eeriequotidieoe

328 3729 380 3778 quo
398 3712 561 3762 controversie
579 3720 654 3772 esset,
668 3709 835 3775 proficiscere·
879 3713 1012 3778 eppelietur
1030 3713 1101 3762 infre.
1128 3714 1183 3762 Hec
1203 3713 1229 3760 vt
1248 3712 1390 3776 quotidinae

329 3806 369 3842 tur
380 3810 387 3843 ε
400 3794 484 3857 ibique
494 3792 543 3840 illis
557 3790 770 3856 presentibus,vis
783 3790 836 3838 sine
878 3793 916 3850 ἰι,
928 3793 971 3855 qui
985 3790 1094 3852 dejectus
1107 3791 1185 3841 fondo
1198 3802 1263 3849 etet,
1279 3790 1390 3856 postule·

329 3874 401 3920 ermis
411 3888 455 3937 per
463 3870 640 3920 simulationem
648 3869 731 3919 fleret:
740 3881 768 3918 ut
775 3869 836 3917 elter
877 3869 919 3918 bet
929 3886 942 3917 e
956 3881 1059 3934 pretore
1068 3870 1223 3919 interdictum
1236 3872 1264 3918 in
1272 3871 1325 3919 hec
1333 3886 1391 3918 ver-

329 3966 359 3997 ex
381 3952 426 4008 iis,
447 3952 490 4014 qui
512 3951 604 4000 scilieet
625 3949 765 3999 netureliter
783 3964 834 3996 uon
870 3949 1331 4014 ·hn:t}ndeittemevidejecte,qunn
1340 3965 1389 4013 ego

327 4028 480 4091 possidebat,
499 4030 560 4093 ipsis
576 4040 660 4093 postee
679 4027 780 4075 testibus
797 4029 834 4074 uti
877 4029 971 4087 neeri,
983 4044 1028 4076 neo
1039 4029 1115 4088 eleut,
1126 4045 1173 4077 nso
1185 4031 1295 4095 preceris
1305 4029 1389 4093 poesi·

327 4114 417 4171 posset,
423 4104 453 4151 de
461 4105 541 4153 fundo
550 4123 576 4155 se
585 4106 702 4167 dejectum
711 4121 719 4153 ε
728 4114 753 4153 et
760 4106 834 4154 inter
878 4104 1016 4169 derem,etc.
1023 4108 1087 4156 Tum
1093 4124 1217 4173 possessor
1223 4127 1249 4158 se
1255 4109 1388 4159 neritum
