3142 4774
298 395 345 466 60
617 398 666 465 M.
688 398 726 464 T.
753 399 1032 466 CICERONIS

300 541 423 591 necem
451 517 607 589 caedetur
618 548 645 587 s.
664 519 730 590 Hic
749 517 801 587 illi
824 517 950 588 flentes
974 541 1099 614 rogare
1125 533 1233 615 atque
1257 543 1361 591 orare

297 642 506 728 coeperunt,
531 643 573 699 ut
598 627 666 699 sibi
691 653 772 699 suas
795 642 954 725 segetes,
980 625 1192 725 fructusque
1215 655 1359 715 omnes,

296 742 544 837 arationesque
558 731 715 809 'vacuasti
733 738 894 839 Apronio
912 736 1053 808 tradere
1073 737 1216 824 liceret,
1234 755 1275 809 ut
1291 741 1359 837 ipsi

295 853 372 922 sine
388 850 585 947 ignominia
602 847 839 944 molestiaque
856 846 1091 918 discederent.

344 965 417 1031 Hac
435 960 535 1058 lege,
551 957 708 1053 judices,
733 956 903 1030 decumas
921 955 1082 1029 vendidit
1099 958 1238 1027 Verres.
1257 959 1361 1028 Dicat

295 1071 379 1142 licet
394 1068 625 1168 Hortensius,
644 1069 674 1139 si
688 1068 802 1157 volet,
820 1091 952 1163 magno
973 1072 1123 1138 Verrem
1143 1066 1357 1139 vendidisse.

343 1182 473 1251 XXIX.
492 1183 574 1248 Haec
594 1177 755 1249 conditio
775 1175 865 1265 fuit,
884 1180 952 1249 isto
970 1191 1143 1276 praetore,
1160 1192 1360 1262 aratorum,

296 1304 339 1360 ut
361 1312 481 1359 secum
508 1288 677 1386 praeclare
700 1291 755 1385 agi
776 1287 1051 1375 arbitrarentur,
1068 1291 1097 1357 si
1111 1278 1242 1357 vacuos
1256 1311 1360 1382 agros

280 1402 457 1495 ¹Apronio
476 1397 617 1469 tradere
636 1398 783 1469 liceret:
805 1397 937 1471 multas
960 1399 1207 1468 enimcruces
1224 1420 1358 1494 propo·

293 1510 379 1578 sitas
396 1504 554 1605 effugere
572 1506 776 1604 cupiebant.
791 1511 976 1599 Quantum
995 1509 1175 1604 Apronius
1192 1506 1359 1577 edidisset

294 1616 435 1704 deberi,
458 1631 598 1688 tantum
626 1643 670 1688 ex
694 1617 812 1689 edicto
835 1616 993 1687 dandum
1020 1600 1356 1687 erat-Etiamne¹

292 1729 321 1798 si
348 1727 429 1824 plus
461 1725 649 1815 edidisset,
676 1751 787 1823 quam
814 1734 991 1831 quantum
1017 1739 1143 1795 natum
1175 1724 1293 1796 esset?
1312 1769 1360 1778 —

292 1835 1005 1932 Etiam—Quomodoi—-Magistratus
1030 1859 1074 1905 ex
1102 1838 1215 1932 ipsius
1240 1834 1358 1906 edicto

292 1949 433 2042 exigere
464 1944 657 2016 debebant.
671 1951 774 2015 —At
808 1957 926 2015 arator
955 1957 1117 2041 repetere
1149 1957 1359 2040 poterat.—

291 2059 426 2126 Verum
456 2055 683 2126 Artemidoro
707 2051 1154 2151 recuperatore—Quid,
1184 2054 1359 2124 siminus

293 2179 412 2235 arator
430 2163 608 2253 dedisset,
625 2189 735 2262 quam
753 2161 1359 2264 poposcisset,Aproniusi--Judi-

292 2275 388 2344 cium
406 2273 443 2342 in
463 2288 640 2346 aratorem
654 2277 693 2345 in
710 2273 967 2372 quadruplum.
982 2277 1092 2343 —Ex
1106 2297 1181 2368 quo
1194 2272 1358 2367 judicum

291 2381 588 2452 numerol—Ex
612 2383 762 2454 cohorte
791 2383 953 2481 praetoris
978 2382 1146 2479 praeclara
1168 2381 1357 2453 hominum

293 2484 640 2563 honestissimorum.
654 2491 812 2581 —Quid
827 2491 1192 2589 ampliusl-Minus
1210 2504 1247 2559 te
1260 2490 1359 2584 juge-

292 2627 374 2672 rum
388 2600 591 2699 professum
608 2626 685 2672 esse
698 2602 798 2672 dico:
814 2616 1085 2699 recuperatores
1098 2600 1205 2694 rejice
1214 2608 1242 2679 ²,
1257 2597 1357 2694 quod

293 2710 481 2783 adversum
509 2711 666 2783 edictum
694 2709 954 2782 seceris—Ex
974 2734 1050 2806 quo
1068 2708 1358 2779 numerol-Ex

292 2820 418 2917 eadem
438 2819 763 2912 cohorte—Quid
781 2821 849 2892 erit
871 2835 1071 2903 extremum
1082 2818 1193 2888 l-Si
1210 2818 1357 2890 damna·

293 2948 352 3002 tus
377 2935 447 3003 eris
468 2931 574 3026 (nam
597 2931 776 3003 dubitatio
796 2930 1055 3015 damnationis,
1076 2927 1145 2998 illis
1168 2952 1356 3026 recupera·

292 3040 452 3125 toribus,
472 3068 551 3140 quae
570 3057 711 3140 poterat
725 3040 867 3134 essel),
882 3042 991 3138 virgis
1009 3055 1046 3111 te
1065 3038 1108 3110 ad
1129 3064 1253 3111 necem
1270 3039 1356 3111 caedi

292 3177 438 3224 necesse
456 3155 533 3223 erit.
551 3155 613 3223 His
630 3151 789 3249 legibus,
802 3152 858 3222 his
876 3150 1164 3234 conditionibus,
1179 3152 1246 3221 erit
1261 3151 1356 3246 quis-

291 3287 400 3360 quam
421 3276 494 3333 tam
514 3263 665 3349 stultus,
684 3266 746 3359 qui
764 3261 933 3335 decumas
951 3258 1115 3334 venisse³
1138 3259 1357 3330 arbitretur?

324 3491 349 3538 9.
368 3478 567 3538 VacuusAgr-os
577 3476 626 3536 jem
641 3476 693 3522 sine
705 3488 800 3538 posses·
845 3472 908 3521 Vide
925 3488 980 3535 quse
997 3473 1029 3520 erl
1048 3487 1104 3536 esp.
1117 3488 1146 3520 tt
1164 3472 1279 3521 diximus.
1289 3471 1356 3520 Con·

289 3571 352 3604 sore.
370 3557 402 3601 th
412 3554 465 3617 ipsi.
479 3554 620 3602 Dummodo
628 3554 747 3618 ipsi,etc.
843 3553 880 3599 fer
897 3552 969 3599 etiam
989 3567 1043 3615 esp.
1055 3550 1097 3615 59.
1121 3553 1203 3614 Quum
1221 3551 1287 3597 enim
1308 3550 1356 3597 reis

325 3636 424 3683 XXIX.
437 3650 460 3681 1.
474 3633 558 3681 Etiam
573 3649 614 3682 ne.
633 3632 801 3697 Oportebetne
842 3631 945 3678 liberum
964 3641 1026 3678 esset
1042 3640 1135 3678 certum
1148 3646 1275 3678 numerum
1287 3628 1356 3688 judi·

293 3713 354 3772 dari,
366 3712 445 3778 siplae
459 3713 618 3777 postulasset,
633 3728 707 3776 quam
718 3711 799 3760 dedis·
843 3725 899 3758 cum
913 3710 1023 3774 rejicere,
1043 3722 1067 3759 et
1087 3712 1132 3758 hac
1153 3713 1206 3775 ipsa
1224 3712 1356 3772 rejectione

291 3803 328 3839 set
344 3794 417 3855 eger?
432 3792 497 3841 Note
518 3809 590 3856 quem
612 3792 706 3852 vivide,
726 3805 799 3855 quem
843 3788 918 3835 ceteri
932 3789 1087 3853 eligerentur,
1106 3789 1206 3837 verbum
1230 3790 1278 3837 hoc
1300 3790 1356 3855 reji-

292 3863 447 3934 ὃραματικῶς
458 3871 587 3935 loquentes
599 3870 641 3920 bic
657 3873 758 3920 muetos
770 3867 799 3914 il·
843 3882 896 3913 cere
919 3868 1005 3916 eodem
1026 3869 1116 3933 saepius
1143 3885 1214 3917 sensu
1244 3880 1280 3916 est
1305 3884 1356 3931 quo

291 3947 330 3993 los
342 3947 442 3995 inducet
453 3950 547 3999 Cicero.
842 3969 854 3986 «ι
862 3945 963 4010 eligere,
978 3950 1085 4012 recipere
1093 3968 1115 3994 n.

329 4041 352 4072 π,
377 4025 464 4087 liejice.
486 4031 544 4075 Non
570 4028 717 4091 intelligebat
747 4026 799 4073 hoec
878 4026 903 4070 3.
917 4027 1021 4076 Venisse.
1035 4027 1084 4088 Qui
1101 4027 1210 4073 venditas
1224 4028 1357 4086 luissetan·

288 4104 414 4159 Gravius,
434 4104 490 4151 dum
513 4106 647 4169 corrigebat
666 4128 678 4146 υ
687 4104 767 4168 recipe
777 4128 797 4153 ιι.
844 4117 895 4152 tum
911 4107 1015 4155 decimas
1029 4118 1109 4172 partes
1122 4094 1234 4155 ‘credam

1565 1734 1567 1823 l

1525 1826 1567 1895 l

1511 2068 1517 2075 .
1566 1986 1567 2075 l
