3200 4768
295 319 366 400 ΜΔ
610 312 660 379 Μ.
686 312 727 379 r.
752 289 1039 380 olcanouts

294 438 372 509 lum
393 433 552 505 indicant
573 445 748 529 emptum.
776 435 895 502 Omne
920 443 1109 528 argentum
1128 426 1288 500 ablatum
1310 455 1355 503 ex

292 545 411 618 Sicilia
431 557 502 631 est3
521 539 611 611 nihil
625 540 810 636 cuiquam,
826 537 927 635 quod
947 562 1052 611 suum
1073 537 1144 609 dici
1158 537 1282 627 vellet,
1298 565 1356 611 re·

295 655 446 726 lictum:
466 649 615 749 fingitur
628 647 818 745 improbas
836 646 1015 734 defensio,
1040 663 1232 745 praetorem
1247 671 1356 721 omne

294 765 335 836 id
359 776 546 860 argentum
572 762 764 848 coemisse3
793 774 911 831 tamen
937 758 974 830 id
998 762 1117 857 ipsum
1138 758 1269 830 tabulis
1292 757 1355 829 de·

295 864 491 944 monstrari
503 893 577 940 non
592 881 724 966 potest.
738 871 776 940 Si
792 893 883 967 quas
898 867 1039 940 tabulas
1054 866 1214 966 profers,
1230 870 1269 940 in
1283 867 1355 954 his,

294 982 385 1080 quid
414 980 569 1066 habeas,
596 977 787 1075 quomodo
813 977 963 1065 habeas,
987 981 1159 1075 scriptum
1185 1002 1261 1047 non
1290 974 1355 1047 est}

295 1098 435 1164 Horum
445 1103 565 1160 autem
577 1093 926 1185 temporum,quum
935 1102 971 1158 te
982 1087 1152 1184 plurimas
1161 1109 1218 1156 res
1227 1086 1355 1155 emisse

296 1201 411 1286 dicas,
433 1196 573 1269 tabulas
596 1197 745 1268 omnino
770 1196 886 1268 nullas
908 1195 1086 1294 proferas3
1111 1219 1232 1266 nonne
1257 1209 1293 1265 te
1317 1206 1355 1264 et

297 1309 464 1408 prolatis,
483 1322 520 1379 et
537 1331 613 1379 non
629 1305 778 1404 prolatis
792 1300 944 1397 tab'ulis,
962 1304 1193 1378 condemnari
1210 1296 1355 1374 necesse‘

294 1420 375 1491 est?

344 1533 457 1601 XVII.
477 1533 533 1598 Tu
553 1532 640 1598 aM.
664 1528 802 1617 Coelio,
828 1529 951 1625 equite
971 1550 1144 1616 romano,
1164 1524 1356 1597 lectissimo

295 1638 541 1725 adolescente,
561 1661 641 1734 quae
658 1638 822 1725 voluisti,
838 1661 921 1709 vasa
938 1650 1106 1736 argentea
1120 1634 1265 1733 Lilybaei
1279 1632 1358 1705 abs·

294 1746 431 1817 tulisti:
456 1760 496 1817 tu
515 1749 553 1816 C.
570 1747 728 1835 Cacnrii,
753 1747 1032 1845 promptissimi¹
1055 1747 1231 1834 bominis,
1250 1760 1286 1817 et
1301 1769 1360 1816 ex·

296 1855 488 1954 parientis,
506 1868 543 1924 et
562 1855 599 1923 in
618 1856 743 1951 primis
759 1859 922 1952 gratiosi,
939 1856 1194 1955 supellectilem
1210 1878 1358 1926 omnem

295 1963 435 2038 auferre
454 1988 530 2035 non
549 1961 744 2035 dubitasti:
764 1980 804 2037 tu
823 1969 1013 2038 maximam
1025 1980 1064 2038 et
1079 1964 1357 2063 pulcherrimam

296 2100 456 2147 mensam
474 2075 644 2145 citream²
668 2099 689 2145 a
712 2077 757 2165 Q.
774 2080 922 2148 Lutatio
939 2077 1120 2165 Diodoro,
1139 2076 1204 2172 qui
1225 2074 1269 2162 Q.
1290 2075 1357 2143 Ca·

294 2186 361 2256 tuli
377 2182 555 2256 beneficio
570 2208 590 2253 a
606 2186 645 2253 L.
654 2183 751 2255 Sulla
769 2187 854 2256 civis
876 2209 1049 2257 romanus
1063 2183 1176 2256 factus
1193 2196 1262 2269 est,
1277 2205 1357 2253 om·

295 2294 406 2365 nibus
424 2291 640 2380 scientibus,
657 2292 804 2389 Lilybaei
823 2292 1012 2366 abstulisti.
1029 2298 1110 2367 Non
1125 2292 1191 2365 tibi
1207 2291 1357 2386 objicio,

295 2402 397 2502 quod
423 2402 609 2472 bominem
632 2401 881 2499 dignissimum
903 2406 974 2476 tuis
1002 2402 1185 2493 moribus,
1211 2400 1358 2500 Apollo-

295 2514 399 2583 nium
408 2565 418 2600 ,
428 2513 576 2582 Niconis
586 2509 720 2601 filium,
730 2515 1014 2611 Drepanitanum
1023 2569 1033 2604 ,
1042 2517 1212 2611 quiuunc
1224 2522 1262 2582 A.
1277 2511 1359 2583 Clo·

296 2621 377 2693 (lius
394 2636 554 2709 vocatur,
576 2624 675 2692 omni
693 2637 842 2721 argento
864 2625 999 2721 optime
1022 2622 1117 2695 lacto
1135 2620 1295 2720 spoliasti
1317 2644 1360 2692 ac

296 2731 531 2828 depeculatus
548 2755 603 2819 es;
623 2745 744 2804 taceo:
762 2755 836 2802 non
857 2736 954 2804 enim
975 2747 1079 2831 putat
1099 2733 1159 2803 ille
1176 2732 1245 2803 sibi
1262 2732 1360 2828 inju-

294 2843 384 2912 riam
403 2839 551 2929 factam3
571 2858 763 2940 propterea
778 2842 882 2939 quod
901 2842 1042 2914 bomini
1056 2843 1131 2939 jam
1144 2842 1305 2941 perdito,
1324 2855 1361 2913 et

295 2951 430 3023 collum
450 2952 488 3020 in
504 2950 681 3047 laqueum
702 2949 899 3023 inserenti³
922 2951 1141 3042 subvenisti,
1163 2977 1279 3051 quum
1298 2975 1361 3049 pu·

296 3059 390 3156 pillis
410 3062 662 3157 Drepanitanis
683 3060 782 3133 bona
806 3066 923 3161 patria
943 3078 1067 3162 erepta
1088 3089 1173 3136 cum
1192 3063 1260 3135 illo'
1279 3086 1360 3161 par·

333 3314 360 3361 9.
370 3298 493 3361 Improba.
507 3297 574 3362 Quid
592 3301 657 3349 enim
669 3302 806 3366 improbius
849 3308 902 3356 Has
916 3305 996 3356 decia
1010 3306 1138 3371 (ausono
1146 3303 1205 3369 fn).
1220 3303 1291 3349 Plura
1303 3299 1360 3347 ride

297 3394 370 3441 quam
380 3388 510 3442 praetorem
518 3379 544 3426 in
553 3381 681 3444 provincia
691 3397 734 3429 sua
744 3399 807 3431 mar·
850 3385 916 3448 apud
929 3385 992 3432 Plio.
1011 3385 1054 3446 qui
1072 3383 1167 3430 disserit
1181 3382 1212 3429 dc
1226 3394 1362 3428 mensarum

296 3469 405 3506 calorem
411 3473 466 3505 rum
471 3458 574 3523 imperio
581 3471 606 3507 et
612 3460 717 3508 fascibus
723 3461 806 3511 luisse.
850 3462 945 3510 illarum
955 3461 1056 3519 insana,
1065 3462 1140 3517 1111,
1153 3458 1193 3516 15,
1201 3470 1225 3506 et
1235 3460 1306 3515 xlv,
1318 3458 1361 3514 43.

332 3538 416 3587 xvn.
432 3552 456 3585 r.
470 3538 650 3602 Prompeissimi.
664 3542 694 3586 lu
706 3542 808 3604 agendis
888 3540 912 3586 3.
926 3541 955 3585 Iu
970 3537 1084 3601 laqueum
1098 3536 1217 3585 inserenti.
1232 3540 1262 3584 In
1276 3535 1363 3600 despe-

298 3617 370 3664 rebus
382 3617 521 3675 strenui‚et
535 3617 649 3666 iuremus
658 3621 807 3668 usurersati.
851 3618 943 3666 ratione
966 3617 999 3666 ob
1021 3618 1085 3666 furta
1105 3617 1242 3683 punienda,
1267 3632 1311 3664 scu
1329 3632 1362 3665 ει

333 3713 357 3745 a.
368 3698 477 3744 Mensam
486 3696 595 3747 citream.
606 3698 731 3759 Ejusmodi
741 3715 809 3748 men·
851 3696 956 3745 alienum
965 3696 1125 3760 exigendum,
1137 3696 1270 3744 abductum
1282 3696 1363 3743 homi·

299 3788 331 3820 sae
338 3807 345 3830 ‚
353 3790 383 3820 ex
390 3774 457 3838 ligno
464 3776 580 3835 citrium
588 3794 730 3841 cupressus,
740 3777 807 3826 ant-
851 3792 906 3824 nem
914 3776 946 3823 ad
953 3792 1020 3841 spem
1029 3793 1056 3823 ac
1066 3777 1141 3824 vitam
1147 3775 1276 3834 revocasti,
1285 3791 1362 3838 quum

297 3866 363 3899 canae
374 3849 456 3916 faetae,
468 3857 536 3919 qnod
545 3858 668 3922 praecipue
677 3858 704 3904 in
713 3871 807 3905 mensas
851 3855 931 3913 bona,
943 3871 997 3921 qnae
1006 3855 1046 3904 ille
1054 3855 1155 3920 pupillis
1166 3855 1295 3917 eripuerat,
1305 3870 1360 3901 cum

296 3930 462 3991 expetebatur,
472 3935 578 3985 maximo
589 3947 657 3983 cnut
675 3939 701 3982 in
714 3933 805 3999 pretio.
850 3935 895 3983 illo
906 3952 933 3983 es
954 3936 1062 4000 partitus.
1084 3935 1172 3999 Sicque
1186 3933 1310 3997 duplicem
1323 3933 1362 3980 in-

293 4007 445 4055 Memorauu
463 4010 594 4076 illaquam
613 4014 700 4063 Cicero
714 4024 807 4062 emerat
846 4014 949 4077 jurium,
963 4012 1102 4079 duplexque
1118 4012 1197 4062 scelus
1210 4012 1363 4063 commisisti,
