3016 4774
468 398 750 468 Excunsus
778 400 843 468 1x.
1118 399 1188 498 573

128 521 276 589 Boetium
302 534 366 601 est,
391 519 447 607 qui
470 518 539 583 haec
563 518 631 583 duo
654 519 826 600 conjuncta
849 517 934 583 bene
960 520 1191 610 iuterpretatur

128 627 298 716 mucapio5
325 646 429 713 quum
458 638 635 712 utrumque
658 647 780 688 nomen
807 623 977 712 separatim
1001 640 1034 689 et
1060 649 1134 692 usus
1158 647 1193 695 et

128 734 303 798 auctoritas
314 729 548 818 usucapionem
560 728 730 819 significet.
752 733 801 795 De
817 752 880 794 usu
893 728 1034 794 vidimus
1050 732 1084 796 iu
1098 735 1195 824 Topi-

130 839 186 903 cis.
203 840 252 902 De
269 840 457 901 auctoritate
474 835 508 898 in
530 834 592 898 hac
614 836 759 900 oratione
784 852 901 899 notum
927 838 1109 925 exemplum
1136 859 1194 907 est.

131 943 314 1024 Conjuncte
336 963 414 1005 vero
437 940 507 1005 hoec
529 938 596 1004 duo
619 941 752 1005 nomina
775 940 866 1029 quod
884 939 930 1006 sic
943 940 1103 1027 dicantur,
1126 969 1194 1013 non

132 1048 232 1137 magis
246 1046 439 1112 conturbare
455 1043 568 1110 debuit
585 1045 786 1112 doctissimos
803 1046 968 1130 homines,
984 1070 1082 1135 quam
1095 1049 1193 1135 illud,

133 1169 285 1242 «pactum
303 1168 501 1218 conventum
515 1182 538 1216 ι.
556 1144 656 1235 Quod
674 1153 753 1217 item
775 1174 851 1216 cum
870 1152 986 1242 copula
1003 1170 1037 1218 et
1056 1155 1125 1221 siue
1144 1180 1196 1223 co·

132 1262 208 1350 pula
223 1259 288 1325 dici
303 1257 410 1324 docui.
421 1260 490 1324 Nec
509 1282 587 1323 vero
606 1261 707 1349 magis
725 1260 942 1325 necessarium
957 1277 1038 1350 puto
1056 1263 1193 1349 bienm‘s,

132 1364 301 1454 quomodo
323 1365 401 1437 vult,
414 1363 478 1453 legi
494 1364 751 1446 Hottomannus‚
768 1386 926 1457 reponere
941 1388 1002 1453 pro
1018 1367 1174 1435 brenm‘um
1182 1420 1193 1453 ,

134 1469 224 1557 quod
238 1470 293 1534 hic
309 1485 342 1534 et
357 1468 391 1532 in
406 1467 537 1556 Topicis
556 1484 589 1531 et
610 1469 645 1532 in
662 1469 903 1534 Commentario
919 1471 1021 1535 boetii
1038 1475 1195 1564 scripturn

135 1591 200 1659 est,
218 1598 316 1663 quam
330 1575 366 1638 in
383 1573 527 1638 Asinaria
544 1573 650 1637 Plauti
667 1590 792 1638 mutare
809 1574 917 1658 decet,
931 1577 1012 1641 «llic
1028 1577 1095 1645 dies
1112 1605 1197 1647 sum·

136 1681 233 1745 mu’st
243 1679 331 1771 apud
343 1700 397 1743 me
408 1678 526 1766 inopias
539 1678 701 1744 excusatio
712 1710 734 1742 ι.
751 1678 858 1742 Possis
867 1680 964 1745 etiam
976 1683 1030 1747 hic
1042 1708 1197 1772 quaerere,

132 1786 247 1850 curin
264 1786 317 1851 illa
331 1784 402 1875 lege
422 1784 534 1849 Cicero
541 1783 726 1873 jurnentum
748 1784 875 1872 potius,
898 1809 996 1874 quatu
1018 1790 1197 1859 veltt’culron

134 1890 261 1972 dixerit,
277 1912 381 1979 quum
396 1890 573 1978 prasertim
587 1888 718 1953 Paullus
729 1890 979 1970 jurisconsultus
999 1893 1033 1958 in
1051 1895 1121 1984 lege
1139 1899 1197 1983 23,

134 1996 174 2061 de
192 1996 399 2060 servitutibus
413 1994 608 2083 proediorum
622 1995 839 2077 misticorum,
861 1994 962 2061 dicat:
984 1999 1062 2062 «Via
1074 2006 1198 2069 consti·

133 2103 182 2165 tui
198 2102 249 2166 vel
265 2101 359 2166 latior
374 2115 450 2165 octo
466 2099 623 2188 pedibus,
641 2100 693 2163 vel
707 2101 877 2188 angustior
891 2118 1016 2189 potest:
1036 2121 1073 2170 ut
1088 2123 1197 2173 tamen

136 2230 205 2271 earu
223 2205 425 2272 latitudinem
441 2205 569 2285 habeat,
584 2228 648 2292 qua
660 2205 847 2269 vehiculum
864 2206 911 2269 ire
927 2222 1065 2296 potest».
1076 2210 1198 2278 Gellius

136 2313 272 2401 explicat
291 2312 325 2376 in
342 2310 398 2377 lib.
413 2311 494 2392 XX,
511 2332 579 2399 cap.
599 2333 626 2373 1.
649 2310 689 2373 In
705 2310 775 2397 lege
791 2309 870 2373 item
884 2333 932 2374 111
946 2311 1033 2376 tabb.
1052 2316 1201 2382 «lumen-

138 2436 208 2483 tum
223 2441 372 2507 quoque,
398 2417 524 2504 inquit,
552 2438 619 2479 uon
641 2414 675 2479 id
693 2417 799 2480 solum
818 2414 995 2505 significat,
1008 2421 1098 2509 quod
1112 2445 1201 2490 nunc

138 2522 268 2605 dicitur,
286 2522 343 2587 sed
362 2521 568 2585 vectabulum
594 2521 706 2602 etiam,
733 2520 823 2609 quod
846 2520 1005 2602 adjunctis
1029 2529 1200 2614 pecoribus

138 2629 342 2695 trahebatur:
355 2643 478 2692 veteres
494 2626 597 2690 nostri
609 2627 795 2705 jumentum
808 2627 1005 2718 ajungendo
1019 2630 1199 2703 dixerunt».

140 2735 176 2800 P.
190 2736 309 2798 Fusa.

184 2839 270 2903 Usus
286 2855 334 2904 est
347 2840 401 2920 jus
419 2841 628 2928 possessionis
649 2840 837 2927 quaesitum,
860 2839 951 2927 quod
973 2843 1124 2929 exprimit
1143 2870 1201 2912 au·

142 2946 282 3011 ctoritas.
304 2944 403 3034 Apud
425 2947 557 3011 Festum
575 2946 680 3011 AElius
698 2946 809 3011 Gallus
832 2944 944 3009 definit
967 2951 1202 3034 possessionem

144 3074 240 3115 usum
270 3053 352 3141 agri,
382 3067 440 3116 aut
462 3050 596 3116 aedificii.
620 3053 732 3116 Horat.
761 3082 775 3107 κ
790 3050 964 3133 Quaedam,
992 3057 1148 3122 consultis
1175 3063 1203 3127 si

144 3156 266 3239 credis,
285 3157 446 3245 mancipat
462 3180 572 3222 usus».
588 3157 692 3222 Plaut.
709 3156 850 3244 «Pugnis
865 3179 930 3222 usu
947 3159 1049 3223 fecisti
1073 3178 1166 3230 tuum
1178 3199 1202 3235 s.

144 3265 196 3327 An
208 3285 279 3326 ustu
295 3264 512 3326 &auctoritas
528 3278 577 3326 est
589 3274 613 3323 tv
629 3267 752 3325 ἑιὰδυυῖν
769 3285 829 3350 pro
844 3285 923 3328 usus
942 3262 1095 3353 (genitivo
1113 3274 1204 3362 casu)

145 3368 329 3433 auctoritas.
361 3366 449 3432 Orat.
481 3390 542 3456 pro
576 3367 654 3432 Coei.
689 3398 702 3424 «
714 3369 792 3433 lure
823 3370 1021 3436 auctoritatis
1050 3390 1162 3443 tencre
1175 3410 1200 3444 ι.

146 3474 278 3539 Passaa.

191 3582 230 3645 ln
244 3579 397 3643 omnibus
410 3578 499 3643 libris
519 3594 585 3642 tam
602 3577 696 3642 editis
713 3600 809 3666 quam
826 3579 967 3667 scriptis,
990 3578 1074 3668 'qum
1089 3600 1122 3648 et
1135 3586 1205 3674 ipse

148 3706 180 3754 et
194 3687 248 3752 alii
262 3684 428 3765 viderunt,
441 3685 557 3774 legitur
570 3707 688 3748 «usum
705 3699 738 3748 et
753 3685 978 3749 auctoritatem
991 3687 1118 3754 fundi».
1131 3691 1207 3757 Pers

150 3814 367 3883 peramans,
383 3806 421 3855 ut
434 3790 501 3871 jam
517 3788 669 3856 viderunt
686 3787 773 3854 docti
790 3791 860 3855 viri.
873 3792 972 3855 Recte
985 3792 1019 3855 in
1035 3793 1103 3858 aliis
1115 3796 1207 3862 Cioe·

151 3898 239 3962 ronis
257 3899 351 3980 locis,
368 3919 439 3985 quae
451 3894 561 3961 laudat
571 3897 830 3977 Hottomannus,
852 3896 1005 3961 scribitur
1021 3898 1091 3964 sine
1106 3923 1208 3991 copu-

151 4002 197 4085 la,
213 3999 312 4090 idque
329 4001 411 4067 ratio
428 4001 555 4065 evincit.
572 4000 656 4064 Nam
676 4000 729 4064 hic
750 4016 799 4065 est
815 3999 897 4095 ordo
913 4001 1087 4069 verborum
1110 4007 1208 4088 hujus

152 4105 250 4194 legis:
269 4127 364 4171 «usus
381 4103 476 4171 lisndi
491 4103 662 4171 biennium
673 4104 847 4169 auctoritas
861 4120 944 4190 est»,
956 4105 1020 4173 hoc
1036 4123 1100 4192 est,
1114 4133 1210 4197 usus,
