3186 4772
384 430 437 499 IN
461 428 676 497 VERREM
699 431 808 499 ACT.
835 430 890 516 Il,
913 432 1003 501 LIB.
1029 433 1071 502 V.
1184 432 1251 508 351

196 551 321 625 oculos
339 551 377 620 in
390 575 448 621 me
460 572 573 645 unum
591 547 774 642 conjectos
786 548 996 638 arbitrarer,
1014 568 1055 623 ιιι
1066 579 1142 645 me,
1156 583 1256 654 quae-

196 677 407 756 sturamque
421 682 556 743 meam,
575 659 677 754 quasi
694 659 731 727 in
746 657 868 754 aliquo
882 658 981 730 orbis
995 676 1099 733 terrae
1117 664 1258 738 theatro

196 770 327 852 versari
347 769 607 852 existimarem
623 781 665 837 ut
679 769 802 837 omnia
820 792 976 865 semper,
1000 796 1080 868 qnae
1096 774 1258 868 jucunda

201 879 373 949 videntur
382 902 475 965 esse,
491 900 567 947 non
578 874 689 948 modo
700 876 758 947 his
775 876 1063 951 extraordinariis
1079 882 1257 979 cupidita·

200 987 318 1075 tibus,
333 986 514 1059 sedetiam
528 986 596 1083 ipsi
610 1001 802 1059 natureae
817 991 1018 1060 necessitati
1029 989 1254 1089 denegarem.

245 1101 351 1169 Nunc
359 1121 441 1169 sum
453 1096 659 1193 designatus
670 1095 822 1187 aediiis43
836 1095 954 1169 habeo
962 1100 1155 1188 rationem,
1171 1102 1260 1199 quid

198 1232 219 1278 a
240 1208 379 1305 populo
402 1230 553 1278 romano
574 1209 797 1303 acceperim:
814 1205 902 1277 mibi
927 1205 1057 1280 tud0s⁵
1083 1215 1261 1283 sanctissi-

198 1342 277 1389 mos
297 1322 451 1389 maxima
470 1341 555 1389 cum
571 1318 773 1388 cerimonia
788 1318 926 1401 Cereri,
945 1318 1094 1405 Libero,
1108 1320 1262 1393 Libere·

199 1452 271 1524 que
280 1424 488 1512 iaciund0s3
504 1425 591 1495 mibi
601 1425 740 1495 Floram
751 1423 925 1499 matrem⁶
938 1429 1077 1525 populo
1089 1430 1261 1528 plebique

199 1560 355 1607 romanae
377 1534 546 1607 ludorum
565 1533 772 1606 celebritate
789 1535 1021 1631 placandam3
1047 1539 1136 1610 mihi
1155 1540 1261 1614 ludos

201 1645 486 1741 antiquissime,
500 1647 564 1740 qui
578 1645 685 1739 primi
700 1646 862 1713 romani⁷
881 1659 965 1715 sunt
981 1650 1175 1735 nominati,
1190 1672 1264 1721 ma·

200 1757 297 1822 aima
314 1777 398 1823 cum
415 1751 587 1850 dignitate
599 1776 640 1823 ac
653 1752 826 1850 religione
842 1754 939 1841 tovi,
957 1759 1110 1847 Junoni,
1127 1759 1263 1830 Miner·

200 1885 327 1958 voeque
340 1885 416 1933 esse
430 1860 634 1949 iaciund0s3
653 1861 742 1932 mibi
756 1886 935 1935 sacrarum
947 1863 1076 1937 aedinm
1092 1892 1267 1965 procura-

203 1972 351 2057 tionem,
359 1971 449 2042 mihi
462 1987 574 2043 totam
591 1967 735 2042 urbem8
745 1972 916 2044 tuendam
931 1998 1007 2047 esse
1021 1980 1264 2048 commissam:

202 2080 251 2152 ob
281 2104 405 2151 earum
430 2105 553 2153 rernm
575 2079 735 2153 laborem
765 2096 802 2152 et
824 2083 1102 2155 sollicitudinem
1126 2083 1264 2158 fructus

238 2261 263 2309 4.
286 2253 432 2319 vergnam
452 2252 539 2302 aedttis,
560 2254 590 2301 Et
612 2253 711 2316 quiden
755 2244 846 2307 ditata,
866 2256 895 2293 ot
916 2246 1012 2309 putavit
1034 2248 1144 2295 henot.
1167 2247 1212 2296 lib.
1235 2250 1263 2308 1,

202 2334 286 2399 prior;
297 2350 354 2381 nana
366 2333 448 2382 ediles
458 2344 527 2381 erant
540 2332 606 2394 dno,
617 2330 711 2380 curules
755 2338 809 2387 up«
828 2339 878 2385 ao,
900 2324 943 2372 aed
963 2340 995 2372 ex
1014 2325 1143 2374 multatitia
1160 2328 1266 2391 pecnnia

203 2412 264 2461 dieti
275 2412 356 2460 arella
372 2412 451 2460 coruli
461 2413 487 2458 in
498 2427 546 2475 qna
560 2410 660 2458 ardendi
670 2410 711 2470 ina
755 2403 901 2466 «1111111,ᾳῶ
909 2403 1035 2468 patulam·
1044 2405 1152 2454 damnati
1158 2407 1266 2468 inerant,

202 2491 332 2540 habebant.
348 2491 400 2539 ant
413 2501 481 2538 erant
496 2489 578 2538 ediles
590 2490 710 2546 minores,
755 2482 811 2546 qnia
826 2482 951 2546 publicum
964 2484 1051 2547 populi
1063 2486 1158 2533 romani
1180 2502 1265 2551 agrum

203 2570 263 2617 dicti
269 2569 364 2634 plebeii,
375 2570 419 2634 qni
430 2569 495 2617 aelle
507 2568 598 2617 curulia
607 2568 648 2627 jus
659 2583 712 2615 non
756 2561 849 2625 depasti
855 2572 950 2624 etant,
962 2573 990 2610 ut
998 2575 1078 2611 narrat
1084 2565 1269 2626 ortamotv,

202 2648 330 2697 habam
346 2649 420 2696 Primi
432 2647 514 2696 adila.
527 2647 623 2698 molo,
638 2647 712 2695 emti
757 2641 807 2688 att
819 2651 843 2688 aa
853 2656 921 2704 seqq.
930 2643 989 2689 llaec
997 2642 1066 2690 initia
1073 2643 1173 2692 fuerunt
1184 2645 1267 2693 Flora·

203 2738 262 2775 aunt
273 2743 338 2775 anno
351 2728 426 2776 Urbi.
442 2729 502 2776 m.
522 2730 613 2776 Rom
622 2726 713 2790 triplex
755 2720 828 2779 lium,
848 2735 903 2784 que
913 2721 1002 2767 exinde
1011 2722 1128 2771 celebrata
1138 2739 1189 2771 non
1198 2734 1268 2782 runt,

204 2813 256 2850 erat
264 2806 404 2867 procuratio
413 2822 420 2854 :
429 2805 455 2853 1⁰
464 2806 552 2853 adium
558 2821 679 2853 mmmm
688 2814 713 2853 et
756 2798 802 2846 nisi
808 2814 882 2863 quum
889 2799 946 2845 anni
956 2801 1018 2847 ratio
1024 2810 1143 2862 posceret,
1150 2812 1191 2848 ant
1198 2800 1269 2850 libris

205 2882 369 2945 privatarum
384 2882 414 2930 ι’
427 2882 541 2934 ludorum
554 2884 713 2943 solemnium
756 2878 1093 2945 Sibyllinisproeacriberetnr.
1104 2885 1209 2929 Atanno
1218 2881 1268 2931 tto

206 2956 236 3007 3⁰
253 2975 365 3009 annone.
381 2960 421 3009 Ad
439 2963 572 3026 pleniorem
588 2964 661 3024 hnjna
678 2962 714 3009 rei
757 2974 787 3007 ex
800 2959 871 3007 verni
889 2958 1005 3021 temporit
1017 2956 1160 3021 intemperie
1174 2966 1198 3005 et
1210 2962 1268 3008 anni
1324 3010 1327 3015 ,

205 3039 401 3103 intelligentiam,
414 3041 465 3089 vid.
479 3042 571 3105 Spanb.
585 3042 617 3089 de
628 3057 675 3090 nan
689 3051 716 3089 at
756 3037 880 3085 sterilitate
889 3037 1012 3085 decretum
1028 3046 1063 3083 eat
1074 3048 1103 3084 ιιι
1115 3038 1190 3084 annui
1200 3037 1269 3086 dein·

205 3128 289 3182 preat.
299 3117 386 3167 nanta.
399 3119 463 3165 Dias.
475 3134 516 3167 ro.
758 3132 815 3180 cepa
828 3113 1012 3163 celebrarentur.
1022 3114 1096 3162 Orici.
1111 3114 1171 3163 ibid.

243 3199 268 3246 5.
280 3195 343 3244 triti
348 3194 427 3245 ludos.
435 3196 480 3243 lati
488 3194 625 3243 lnditn'bua
633 3211 716 3259 quana·
796 3210 819 3252 7.
842 3192 893 3256 Qni
902 3191 987 3257 primi.
1007 3194 1059 3240 lloa
1078 3195 1105 3241 L.
1122 3194 1270 3257 Tarqotnto·

207 3277 243 3323 ria
252 3276 312 3334 diia,
322 3286 349 3322 nt
363 3284 430 3340 patet
446 3290 477 3323 aa
493 3275 541 3322 boe
554 3274 626 3333 ioco,
637 3284 716 3321 arent
759 3271 882 3330 inatitnit,
906 3272 1046 3336 primoaqne
1069 3274 1095 3320 in
1118 3274 1204 3336 circo,
1223 3277 1269 3340 qni

206 3371 361 3413 communen,
378 3365 460 3402 tamen
478 3354 602 3410 Cereales,
619 3353 650 3401 ab
667 3368 715 3400 nna
758 3352 877 3399 maximna
889 3351 987 3409 dicitnr,
997 3352 1074 3414 dedit,
1083 3353 1150 3402 bello
1163 3357 1272 3403 cnmLa·

207 3435 306 3494 onte,
319 3434 380 3482 nott
390 3423 458 3482 one
468 3434 568 3482 roem
579 3433 715 3491 ιιιιιιιι,
759 3432 817 3478 aaa
825 3431 927 3479 rateto
936 3443 1019 3495 gero,
1029 3441 1053 3478 o
1060 3432 1175 3497 appion
1183 3435 1269 3497 epm.

206 3529 239 3561 ex
249 3511 400 3576 calendario,
407 3512 440 3560 ad
450 3512 515 3561 diam
526 3513 638 3576 quintum
646 3512 715 3571 idnt,
760 3508 883 3557 bolemnea
896 3509 987 3559 deinde
1000 3512 1074 3558 annui
1084 3526 1192 3559 mansere
1202 3510 1273 3567 indi,

207 3608 249 3639 aen
259 3608 276 3654 9
285 3592 378 3655 aprilis,
391 3602 464 3656 atqne
472 3607 516 3657 por
526 3602 585 3640 oeto
596 3591 648 3639 dier
656 3606 717 3640 oon·
760 3590 879 3652 primique
895 3590 1001 3638 Romani
1013 3600 1071 3637 aunt
1088 3591 1216 3637 nominati.
1232 3590 1271 3636 la'·

209 3669 372 3718 tinnabantur.
759 3670 821 3727 rina,
827 3667 908 3728 iib.1‚
917 3684 971 3733 cap.
983 3669 1016 3717 35
1023 3682 1031 3728 ς
1044 3669 1145 3731 Onnpb.
1156 3668 1186 3715 de
1196 3667 1271 3716 Lndia

244 3751 271 3797 6.
286 3748 350 3796 unt
361 3749 462 3797 Floram
476 3760 585 3797 matrem.
600 3747 714 3806 Floralia,
760 3747 818 3794 cire.
828 3745 873 3795 lib.
885 3750 912 3804 l,
921 3762 944 3797 e.
956 3756 985 3806 43
1001 3747 1089 3794 Roain.
1098 3746 1141 3794 lib.
1152 3749 1215 3805 V,e.
1228 3760 1270 3810 19.

209 3842 251 3875 aen
262 3825 356 3875 florales
368 3827 422 3875 indi
436 3828 521 3875 Rome
533 3826 717 3876 celebrabantur
795 3826 820 3873 8.
837 3827 924 3873 raram
939 3826 1028 3873 urbem.
1041 3827 1104 3874 Nam
1123 3826 1154 3873 ad
1170 3824 1272 3875 edificia

210 3904 287 3959 tkal
296 3907 369 3968 maii,
383 3908 417 3954 at
430 3906 528 3971 aprilia,
540 3921 585 3970 per
597 3905 716 3964 rexdiea,
760 3915 809 3952 tam
822 3904 916 3968 privata
930 3920 1002 3967 qnam
1016 3903 1129 3968 publica,
1144 3916 1192 3953 tarn
1205 3922 1273 3955 aaora

210 3999 266 4031 enm
275 3984 344 4031 omni
356 3982 461 4034 iaac'lria.
472 3986 536 4033 Ludi
548 3984 643 4032 lioralea
656 3984 720 4033 oela-
762 4000 834 4048 qnam
844 3984 959 4048 profana,
968 3994 993 4031 et
1001 3984 1032 4032 ad
1041 3984 1169 4044 enormia,
1178 4001 1233 4049 quta
1240 3986 1273 4035 ad

210 4061 274 4109 brari
289 4075 415 4126 oeperunt
435 4080 501 4112 anno
522 4063 596 4113 Urbia
614 4063 719 4111 condite
764 4062 1275 4125 Urbiamteiarnetornarnentnmiacerent,

213 4141 261 4188 513
273 4155 325 4189 non
334 4157 366 4189 ex
379 4143 509 4192 meretricia
518 4141 643 4204 enjusdam
652 4142 720 4191 bere·
764 4142 871 4192 etlilium
882 4142 1025 4209 procuratio
1034 4142 1176 4210 pertinebat.
