3016 4774
353 415 421 488 532
665 414 714 482 M.
739 412 778 481 Τ.
805 414 1096 486 CICERONIS

352 550 453 607 tutus
463 529 491 604 ⁸0
516 532 656 621 Velim,
681 548 975 630 recuperatores,
1004 534 1077 606 hoc
1101 549 1244 623 totum,
1264 537 1301 608 si
1321 534 1441 607 robis

352 649 550 732 versutius,
581 668 692 743 quam
717 667 799 715 mea
825 643 1052 716 consuetudo
1080 643 1309 717 defendendi
1334 644 1438 732 fert,

353 756 551 841 videbitur,
580 756 631 826 sic
652 754 887 825 existimetis:
911 754 1069 851 primum
1093 755 1221 841 alium,
1242 780 1327 826 non
1350 781 1440 840 me,

353 870 593 964 excogitasse3
615 862 747 935 deinde
768 862 878 959 hujus
896 865 1046 937 rationis
1057 889 1133 936 non
1147 864 1261 937 modo
1275 891 1363 937 non
1379 871 1441 937 in·

352 995 560 1066 verterem,
577 974 640 1048 sed
655 1000 702 1046 ne
714 973 948 1073 probatorem
962 974 1110 1073 quidem
1124 1000 1201 1047 esse
1213 1000 1293 1063 me3
1311 976 1437 1075 idque

354 1113 509 1162 menon
530 1085 574 1159 ad
596 1110 714 1157 meam
735 1082 984 1156 defensionem
998 1086 1176 1173 attulisse,
1193 1084 1258 1157 sed
1272 1085 1435 1157 illorum

353 1197 557 1272 defensioni
580 1195 765 1281 retulisse3
790 1219 849 1266 me
868 1218 974 1293 posse
995 1220 1064 1293 pro
1082 1219 1165 1267 meo
1179 1197 1262 1292 jure
1279 1195 1434 1279 dicere,

354 1332 475 1407 neque
494 1312 533 1379 iu
554 1305 623 1377 hac
640 1330 699 1392 re,
713 1328 823 1400 quam
843 1327 910 1401 ego
928 1305 1082 1402 protuli,
1098 1307 1211 1403 quaeri
1227 1320 1433 1403 oportere,

351 1418 489 1518 quibus
511 1413 630 1487 verbis
652 1427 785 1510 praetor
811 1413 1036 1487 interdixerit
1045 1424 1075 1504 ⁹,
1095 1415 1159 1487 sed
1177 1415 1223 1487 de
1242 1441 1326 1513 quo
1344 1417 1433 1490 loco

355 1534 401 1602 sit
418 1542 559 1613 actum,
581 1548 697 1622 quum
716 1524 920 1614 interdixit3
942 1550 1062 1624 neque
1083 1527 1122 1596 in
1142 1527 1178 1596 ri
1198 1542 1429 1599 auratorum

354 1639 508 1735 spectari
531 1648 725 1733 oportere,
746 1638 784 1705 in
809 1660 885 1733 quo
908 1635 990 1706 loco
1011 1638 1057 1706 sit
1079 1634 1171 1706 facta
1195 1638 1267 1726 vis,
1293 1663 1429 1710 verum

354 1748 448 1819 sitne
469 1742 582 1833 facta3
601 1757 639 1816 te
659 1768 748 1816 vero
770 1744 873 1816 nullo
892 1744 1004 1816 modo
1022 1769 1128 1842 posse
1147 1744 1372 1837 defendere,
1391 1753 1429 1820 iu

353 1881 426 1955 qua
442 1880 482 1927 re
503 1871 544 1927 tu
563 1855 670 1937 velis,
691 1853 809 1925 rerba·
826 1857 983 1952 spectari
1005 1870 1198 1955 oportere,
1223 1859 1264 1928 in
1287 1884 1372 1957 qua
1389 1886 1430 1932 re

352 1966 468 2054 nolis,
489 1990 564 2037 non
586 1976 766 2061 oportere.

402 2082 515 2149 XXX.
544 2079 803 2147 Verumtamen
830 2075 962 2173 ecquid
992 2076 1081 2147 mihi
1106 2077 1358 2176 respondetur
1381 2081 1430 2153 ad

355 2188 461 2276 iilud,
480 2186 582 2284 quod
597 2184 803 2271 antea-diri,
815 2212 892 2259 non
906 2187 1024 2258 solum
1039 2211 1080 2258 re
1095 2203 1133 2259 et
1147 2195 1348 2275 sententia,
1362 2191 1430 2265 sed
1488 2224 1489 2297 ᾗ

352 2297 474 2371 verbis
490 2322 640 2394 quoque
658 2295 979 2368 hocinterdicturn
997 2296 1047 2367 ita
1062 2320 1140 2368 esse
1157 2301 1429 2397 compositum,
1488 2306 1489 2347 ¹

354 2424 396 2479 ut
416 2405 508 2477 nihil
527 2405 827 2478 commutandum
850 2405 1056 2478 videretur?
1072 2405 1254 2480 Attendite
1272 2409 1430 2509 diiigen-

354 2534 422 2603 ter,
440 2539 585 2612 quaeso,
610 2531 893 2613 recuperatores.
923 2521 986 2589 Est
1009 2518 1109 2590 enim
1135 2521 1244 2589 vestri
1261 2520 1427 2618 ingenii,
1487 2536 1488 2617 ᾗ

353 2649 431 2697 non
459 2646 597 2712 meam,
624 2621 690 2694 sed
718 2625 898 2721 majorum
927 2626 1156 2725 prudentiam
1177 2653 1426 2727 cognoscere:

354 2759 432 2806 uon
450 2736 548 2805 enim
566 2757 647 2806 sum
664 2732 700 2804 id
715 2732 900 2817 dicturus,
917 2734 1019 2833 quod
1034 2762 1102 2835 ego
1117 2740 1338 2830 invenerim,
1360 2743 1427 2815 sed
1487 2752 1488 2811 Q

354 2844 457 2944 quod
477 2843 558 2917 iilos
576 2869 652 2916 non
675 2841 818 2943 fugerit.
833 2849 958 2939 Quum
977 2846 1022 2917 de
1039 2851 1075 2917 vi
1090 2847 1331 2941 interdicitur,
1349 2852 1425 2925 duo

354 2981 486 3055 genera
509 2980 697 3028 causarum
726 2979 802 3027 esse
827 2953 1114 3054 intelligebant¹‚
1139 2957 1184 3029 ad
1208 2985 1288 3056 quae
1308 2963 1424 3036 inter-

354 3068 491 3138 dictum
513 3066 736 3162 pertineret:
756 3092 889 3156 unum,
907 3068 938 3138 si
956 3069 1022 3166 qui
1039 3093 1084 3139 ex
1101 3093 1144 3140 eo
1165 3068 1267 3157 loco,
1284 3072 1325 3142 in
1347 3099 1425 3171 quo

355 3189 469 3263 esset;
493 3175 669 3263 alterum,
694 3177 723 3247 si
748 3176 794 3248 ab
819 3201 868 3249 eo
895 3177 999 3267 loco,
1027 3203 1103 3277 quo
1125 3182 1283 3270 veniret,
1302 3184 1340 3253 vi
1360 3183 1424 3257 de·

352 3281 470 3379 jectus
497 3298 616 3355 esset:
640 3299 677 3355 et
703 3280 836 3357 horum
860 3301 1080 3386 utrumque,
1104 3312 1224 3386 neque
1249 3309 1425 3389 praeterea

353 3391 575 3489 quidquam,
595 3407 714 3490 potest
736 3395 917 3486 accidere,
937 3414 1218 3495 recuperatores.
1241 3401 1285 3472 Id
1308 3404 1424 3493 adeo,

354 3504 383 3573 si
397 3501 535 3601 placet,
549 3501 772 3574 considerate
783 3516 809 3574 ².
831 3507 868 3578 Si
884 3509 948 3604 qui
962 3531 1080 3578 meam
1093 3507 1262 3581 familiam
1277 3510 1325 3586 de
1341 3542 1427 3591 meo

353 3752 408 3783 uem
431 3726 568 3800 opponere.
593 3735 674 3782 Greci
701 3732 864 3803 ἀνὼποφίριιν
907 3751 957 3783 esse
974 3735 1148 3803 intelligebant.
1171 3740 1286 3790 Notanda
1310 3744 1428 3809 locutio,

354 3813 456 3873 dicunt,
470 3813 638 3875 jurisconsulti
647 3813 862 3880 replicarentur-r.
908 3816 979 3863 nobis
989 3819 1193 3881 prasertimjun‘s
1202 3820 1429 3889 civiliestndiorts,

390 3895 416 3942 8.
428 3895 470 3941 Ex
487 3894 568 3942 edicto
582 3892 712 3942 restitutus.
725 3895 790 3943 Vide
802 3896 862 3943 Exc.
908 3895 1138 3962 quiinhocgenere
1148 3898 1223 3963 vulgo
1231 3900 1267 3948 sie
1278 3901 1425 3966 loquimur:

354 3971 417 4019 XIX
430 3971 462 4018 nd
474 3972 564 4021 calcem
575 3972 648 4033 hujus
661 3975 785 4021 eudonis.
908 3996 922 4015 u
930 3976 1000 4023 Duos
1012 3992 1095 4038 mnu,
1108 3988 1133 4026 et
1144 3977 1241 4027 dnobus
1254 3980 1355 4032 ensibus
1368 4003 1432 4038 eon.

389 4064 415 4108 9.
428 4048 470 4095 ΑΙ.
484 4049 619 4098 interdurn.
633 4052 657 4098 J.
668 4054 699 4098 V.
709 4054 736 4099 L.
908 4053 1000 4117 tingere
1010 4075 1031 4103 ι.
1045 4055 1167 4107 Horrore.

387 4126 473 4174 XXX.
499 4139 522 4176 1.
543 4128 599 4175 Duo
617 4142 712 4190 genna
730 4143 862 4177 comarum
942 4131 1239 4201 2.1dadeo,riplaeoet,
1252 4139 1431 4202 considerare,
