3186 4772
379 420 434 490 nt
459 419 670 490 vunuun
692 421 797 490 uer.
814 421 869 505 11,
892 420 987 490 Lus.
1009 424 1073 491 tv.
1186 420 1254 521 307

246 548 352 618 LXV.
361 546 570 615 Decernunt
580 544 994 641 statimzprimum,«Ut
1004 568 1087 614 eum
1097 547 1137 617 L.
1148 544 1258 619 fratre

200 654 398 752 hospitium
421 651 585 750 publice1
613 651 733 741 fieret,
746 683 764 719 n
787 652 889 750 quod
904 654 934 725 is
951 653 1112 725 eamdem
1129 657 1259 728 volun-

201 778 311 835 tatem
324 787 407 860 erga
420 767 659 859 Syracusanos
672 764 900 860 suscepisset,
914 787 1023 859 quam
1038 788 1105 860 ego
1120 789 1261 862 semper

202 872 418 945 habuissem.
447 871 489 949 Id
517 868 604 942 non'
620 871 732 943 modo
761 885 837 943 tum
868 874 1108 969 scripserunt,
1134 897 1261 945 verum

202 986 310 1059 etiam
324 986 362 1054 in
377 1007 446 1053 aere
459 983 613 1055 incisum
627 980 734 1053 nobis
748 980 984 1053 tradiderunt.
999 981 1128 1053 Valde²
1142 982 1262 1055 hercle
1365 982 1369 988 ’

202 1108 238 1165 te
258 1095 467 1190 Syracusani
491 1094 563 1180 tui,
590 1115 683 1189 quos
708 1088 836 1163 crebro
852 1115 1133 1163 commemorare
1151 1093 1264 1179 soles,

203 1199 377 1299 diliguut3
392 1203 456 1297 qui
474 1224 558 1271 cum
575 1215 782 1273 accusatore
797 1214 863 1271 tuo
876 1203 960 1271 satis
971 1200 1105 1294 justam
1120 1225 1263 1273 causam

203 1309 465 1407 conjungendae
490 1309 761 1383 necessitudinis
783 1324 931 1406 putant,
950 1310 1049 1407 qnod
1068 1324 1104 1381 te
1121 1334 1265 1383 accusa·

204 1435 307 1491 turus
336 1420 404 1506 sit,
432 1430 469 1489 et
497 1418 599 1514 quod
628 1416 675 1490 ad
704 1420 961 1514 inquirendum
989 1420 1088 1490 inte
1114 1422 1265 1492 venerit.

203 1533 331 1599 Postea
344 1526 563 1609 decernitur,
577 1549 618 1595 ac
634 1551 711 1596 uon
726 1528 839 1615 varie,
853 1528 917 1599 sed
934 1552 1048 1626 prope
1064 1531 1268 1626 conjunctis

206 1634 414 1717 sententiis,
431 1637 507 1702 «Ut
525 1632 700 1723 laudatio,
719 1658 799 1735 quae
816 1640 856 1706 C.
874 1637 979 1707 Verri
998 1637 1139 1710 decreta
1155 1655 1268 1728 esset,

207 1743 395 1815 tolleretur
403 1771 431 1813 s.

256 1857 302 1923 At
313 1875 400 1922 vero
414 1874 529 1949 quum
538 1851 609 1946 jam
624 1876 699 1922 non
715 1852 833 1923 solum
848 1851 1040 1926 discessio³
1054 1854 1146 1928 facta
1158 1873 1269 1947 esset,

208 1963 272 2035 sed
300 1964 407 2034 etiam
441 1963 702 2060 perscriptum,
729 1977 838 2059 atque
862 1965 900 2035 iu
929 1963 1069 2038 tabulas
1094 1967 1269 2054 relatum,

208 2085 340 2171 praetor
367 2070 613 2168 appellaturi.
650 2075 696 2140 At
725 2074 809 2166 quis
837 2073 1015 2170 appellat?
1044 2078 1270 2168 magistratus

208 2182 359 2280 aliquis?
383 2205 502 2251 nemo.
530 2180 705 2251 Senator?
726 2205 772 2250 ne
793 2178 830 2249 id
853 2180 1012 2276 quidem.
1034 2186 1271 2279 Syracusano·

209 2317 290 2362 rum
310 2289 461 2386 aliquis?
477 2290 634 2361 minime.
652 2289 742 2378 Quis
760 2289 868 2386 igitur
887 2304 1077 2387 praetorem
1093 2293 1271 2390 appellati

209 2403 273 2500 qui
291 2414 446 2498 quaestor
467 2399 570 2469 istius
593 2396 731 2487 fuerat,
759 2396 961 2472 cesserint
988 2407 1020 2472 Ο
1044 2406 1122 2472 r‘eru
1140 2402 1272 2475 ridicu·

210 2622 255 2699 per
267 2643 352 2692 testes,
365 2643 408 2680 aut
422 2630 509 2678 lamam
522 2640 591 2679 erant
603 2630 720 2695 pleraque
762 2647 805 2680 sos
822 2632 933 2695 quicum
945 2649 975 2681 eo
993 2632 1124 2693 sentirent,
1143 2634 1189 2681 hac
1203 2647 1272 2698 parte

210 2715 294 2761 Verris
300 2711 556 2777 flagitia,maximeque
564 2711 655 2758 atrocis
661 2726 721 2775 pre·
762 2711 863 2758 transire
877 2710 1007 2767 invitabat,
1020 2721 1045 2757 et
1057 2712 1099 2773 qui
1111 2710 1178 2758 allud
1191 2726 1271 2763 mente

212 2793 303 2839 sertim.
761 2787 878 2836 heberent
891 2788 964 2836 altera
975 2796 1043 2851 parte
1056 2805 1081 2835 se
1091 2789 1219 2837 collocare.
1232 2793 1272 2839 lu·

247 2869 323 2915 va.
341 2883 365 2915 1.
385 2866 521 2930 Hospitium
534 2867 641 2931 publice.
660 2866 719 2915 Non
763 2866 794 2915 de
805 2877 860 2914 usta
876 2865 982 2914 locutio:
997 2865 1127 2915 Discedere
1137 2868 1163 2914 in
1177 2879 1274 2916 aeunn-

212 2957 305 2995 tuntum
321 2945 384 2991 inter
397 2946 504 3009 privatos
517 2947 603 2992 usitata
618 2945 720 3009 hospitii
763 2944 820 2991 tiam
833 2945 949 3005 alicujus3
961 2953 993 3001 et,
1002 2946 1032 2990 In
1045 2944 1188 2992 sententiam
1198 2946 1273 2995 alicu·

209 3021 719 3087 juraerautsedetiamintereiritatesipsas:
761 3024 802 3085 jus
815 3023 859 3072 ire.

212 3105 350 3153 sicsenatus
358 3099 511 3165 populusque
516 3116 630 3149 romanus
639 3101 721 3164 hospi·
801 3109 825 3157 t.
840 3100 1130 3164 Pretorappeilamr.1..
1144 3102 1273 3163 Metellus,

212 3183 246 3231 aia
267 3180 372 3229 habebat
391 3194 447 3227 cnm
467 3178 565 3243 regibus
584 3179 611 3227 in
629 3178 721 3228 ultimis
764 3179 807 3243 qui
819 3178 901 3227 aderat
915 3179 1099 3243 appelletur,nt
1111 3182 1225 3231 nimirum
1236 3199 1274 3230 se·

213 3261 284 3310 etiam
297 3258 444 3323 reglousssns.
764 3268 835 3305 natus
846 3258 945 3307 decreto
964 3258 1108 3319 intercedat,
1127 3270 1156 3308 ut
1168 3259 1229 3311 illud
1242 3260 1273 3308 de

249 3355 274 3388 ς,
288 3336 366 3385 Valde
377 3335 465 3384 lastels.
478 3336 521 3383 Est
531 3333 644 3396 proiecto
653 3332 721 3397 quod
763 3337 848 3385 Verris
855 3336 994 3385 laudatione
1005 3337 1058 3386 tolli
1068 3354 1118 3385 uou
1125 3338 1195 3387 sinat.
1205 3342 1274 3387 Sicut

212 3418 260 3468 tibi
271 3415 463 3481 congratuleris3
478 3413 623 3478 Syracusani
635 3413 672 3461 tui
684 3428 721 3461 re·
765 3415 829 3462 enim
838 3416 949 3465 tribunos
956 3416 1036 3480 plebis
1045 3419 1130 3465 Rome
1139 3418 1273 3482 appellare,
1345 3406 1350 3411 ⁵

214 3513 269 3545 vera
280 3507 305 3545 te
315 3496 428 3559 diligunt.
435 3494 532 3542 Ironioe
541 3492 641 3541 dictum.
765 3493 801 3541 sic
811 3495 838 3540 in
855 3494 988 3558 provinciis
1000 3495 1033 3543 ad
1046 3507 1173 3575 praetorqm
1183 3511 1276 3559 provo·
1333 3534 1335 3539 .

251 3578 275 3624 3.
287 3575 415 3624 Discessic.
429 3572 491 3621 lude
505 3582 572 3634 patet
581 3568 722 3636 opinionem
765 3588 820 3619 care
831 3573 871 3632 ius
881 3583 940 3621 emt.

215 3670 281 3703 sum
294 3651 516 3718 Syracusiseodem
528 3650 661 3714 modoque
671 3652 723 3697 lto·
803 3655 826 3699 5.
839 3650 1042 3703 casarumttuut
1051 3652 1160 3702 cercilius
1169 3652 1275 3708 edidere,
1369 3702 1373 3707 ,
1453 3704 1456 3711 ,

215 3750 259 3782 me
286 3743 409 3781 senatores
434 3730 564 3779 declames.
591 3732 722 3793 Postquam
767 3741 791 3779 et
800 3746 855 3777 eum
868 3746 920 3778 esse
933 3732 1101 3789 contendunt,
1111 3734 1138 3779 in
1150 3747 1222 3795 quem
1231 3731 1275 3777 Di·

215 3811 280 3860 enim
292 3827 376 3860 omnes
387 3821 496 3859 oratores
510 3808 582 3856 verba
593 3808 721 3868 iecissent,
766 3809 859 3856 vinctio
865 3820 901 3857 est
907 3811 1005 3874 scripta.
1011 3814 1073 3872 Quas
1080 3826 1131 3857 uon
1141 3809 1277 3858 verisimilis

216 3890 316 3951 consul,
328 3900 383 3949 aut,
396 3905 426 3937 eo
438 3888 553 3946 absente,
563 3887 676 3953 princeps
685 3902 723 3934 se-
767 3887 852 3952 opinio
864 3887 967 3936 videtur.
987 3890 1083 3936 Etenim
1100 3891 1121 3936 si
1137 3888 1201 3935 idem
1214 3900 1275 3936 esset

216 3980 348 4029 namnam
358 3969 466 4033 quicum
475 3967 611 4031 insignibus
619 3968 724 4030 imperii,
766 3965 808 4013 ille
818 3966 931 4015 cecilius
943 3966 974 4015 de
987 3983 1038 4032 quo
1048 3982 1120 4032 supra
1133 3978 1212 4017 actum
1226 3980 1276 4026 est,

217 4046 280 4095 hane
294 4049 434 4096 sententiam
444 4048 570 4104 recitabat,
581 4062 637 4110 quas
647 4045 725 4110 reipu·
768 4059 820 4093 uon
831 4059 896 4095 certe
905 4047 954 4095 lsoc
965 4047 1055 4097 iactum
1064 4058 1145 4097 orator
1158 4049 1277 4097 omisisset

217 4124 288 4173 blicis
294 4127 395 4175 maxime
404 4125 725 4177 idoneaeiridebatucztum
769 4125 796 4172 iu
808 4125 886 4189 prima
900 4127 1011 4176 Actione.

1098 4237 1155 4282 20.
