3142 4774
341 435 397 504 IN
420 432 642 502 VERREM
665 433 773 500 ACT.
789 432 848 516 ΙΙ,
873 433 968 500 LIB.
986 433 1055 499 111.
1186 452 1225 527 17

175 560 301 655 gritas,
317 558 381 652 qui
398 554 444 625 ad
461 555 556 624 hane
573 578 650 623 rem
669 552 944 631 adolescentuli,
957 578 1065 648 qnam
1079 556 1142 650 qui
1156 555 1229 649 jam

175 666 314 757 firmata
331 681 434 736 aetate
448 662 683 734 descendunt.
702 662 754 732 llli
770 663 883 745 enim,
900 666 1092 757 antequam
1108 678 1231 760 potue·
1273 686 1280 701 ’

175 792 263 847 runt
282 777 499 862 existimare,
520 786 658 869 quanto
677 770 824 841 liberior
847 769 916 838 vita
939 770 984 838 sit
1005 794 1150 855 eorum,
1170 774 1234 867 qni

177 871 358 956 neminem
375 886 591 968 accusarint,
603 881 724 977 gloriae
735 903 843 951 cansa
860 893 969 974 atque
985 884 1235 953 ostentationis

178 1013 367 1067 accusant:
381 1018 466 1082 nos,
484 993 548 1088 qui
560 993 653 1087 jam,
668 988 808 1086 etquid
823 986 958 1073 lacere,
974 1000 1008 1058 et
1022 989 1237 1082 quantulum

175 1105 336 1200 judicare
357 1124 562 1201 possemus,
583 1097 807 1170 ostendimus
820 1106 862 1181 ¹²,
884 1098 953 1165 nisi
975 1094 1078 1166 facile
1099 1097 1240 1194 cupidi-

180 1230 269 1285 tates
305 1229 444 1284 nostras
474 1226 702 1295 teneremus,
733 1229 933 1303 numquam
964 1207 1106 1301 ipsimet
1136 1206 1241 1277 nohis
1268 1226 1271 1232 ’

180 1323 452 1420 praecideremus
473 1320 579 1389 istam
597 1318 778 1388 licentiam
795 1312 1070 1409 libertatemque
1087 1315 1241 1385 vivendi.

227 1437 271 1502 ΙΙ.
299 1437 416 1528 Atque
442 1428 513 1499 hoc
535 1452 601 1523 ego
627 1427 709 1523 plus
735 1427 854 1499 oneris
873 1420 990 1491 habeo
1003 1434 1028 1506 ¹,
1047 1447 1157 1518 quarn
1176 1427 1241 1520 qni

181 1533 320 1611 ceteros
336 1550 551 1609 accusarunt
566 1534 620 1629 (si
634 1559 725 1636 onus
740 1548 792 1605 est
805 1532 842 1602 id
855 1531 1126 1631 appellandum,
1141 1535 1242 1631 qaod

183 1673 268 1719 cum
282 1649 402 1718 laetitia
416 1645 507 1717 seras
518 1668 559 1714 ac
573 1644 755 1741 voluptate
765 1642 795 1737 );
809 1653 1077 1713 verumtamen²
1093 1643 1163 1714 hoc
1175 1670 1243 1741 ego

153 1740 337 1853 ''amplius
355 1759 515 1851 suscepi,
532 1777 641 1849 quarn
661 1753 788 1823 ceteri:
804 1749 903 1846 quod
919 1753 968 1820 ita
981 1752 1183 1848 postulatur
1196 1755 1242 1825 ab

184 1864 370 1951 omnibns,
393 1878 435 1934 ut
460 1863 506 1933 ab
533 1865 575 1933 iis
600 1887 637 1932 se
663 1861 866 1932 abstineant
891 1864 1045 1932 maxime
1071 1866 1183 1949 vitiis,
1204 1867 1243 1935 in

184 1974 317 2071 quibus
343 1974 495 2044 alterum
519 1971 828 2069 reprehenderint.
855 1977 983 2043 Furem
1007 1972 1162 2069 aliquem
1183 1990 1245 2045 aut

183 2109 350 2182 rapacem
380 2083 576 2155 accusaris?
602 2081 746 2153 vitanda
772 2080 838 2151 tibi
865 2105 1006 2177 semper
1033 2086 1100 2151 erit
1125 2087 1243 2155 omnis

186 2196 339 2265 avaritiae
366 2193 532 2291 suspicio.
564 2189 771 2262 Maleficum
803 2193 1009 2286 quempiam
1035 2189 1243 2277 adduxeris,

185 2317 247 2373 aut
266 2302 471 2375 crudelem?
491 2300 690 2371 cavendum
710 2300 777 2369 erit
797 2321 951 2395 semper,
974 2324 1020 2370 ne
1045 2325 1117 2396 qua
1141 2304 1179 2372 in
1203 2327 1242 2374 re

187 2414 346 2510 asperior
360 2427 422 2482 aut
434 2409 666 2480 inhumanior
679 2406 787 2479 fuisse
799 2407 950 2478 videare.
966 2412 1243 2507 Corruptorem,

187 2519 416 2590 adulterum?
431 2516 695 2616 providendum
716 2515 915 2613 diligenter,
935 2542 982 2589 ne
999 2518 1100 2615 quod
1117 2521 1155 2589 in
1173 2522 1245 2605 vita

186 2631 375 2725 vestigium
400 2627 561 2699 libidinis
583 2641 763 2724 appareat.
789 2629 918 2696 Omnia
941 2643 1143 2724 postremo,
1163 2654 1243 2725 qnae

188 2737 377 2808 vindicaris
405 2741 443 2806 in
471 2737 602 2820 altero,
631 2733 698 2806 tihi
726 2738 793 2832 ipsi
820 2733 1052 2806 vehementer
1072 2735 1245 2839 'fugienda

189 2860 285 2915 sunt.
306 2847 447 2915 Etenim
465 2869 542 2914 non
560 2844 670 2915 modo
689 2859 881 2933 accusator,
899 2842 961 2913 sed
976 2870 1021 2915 ne
1036 2843 1248 2942 objurgator

191 2953 338 3049 quidem
365 2952 534 3025 serendus
558 2954 679 3041 estis,
704 2954 785 3048 qui,
807 2953 907 3048 quod
926 2954 962 3021 in
988 2953 1100 3024 altero
1120 2957 1247 3026 vitium

149 3146 152 3150 .
190 3060 444 3159 reprehendit,
464 3066 502 3131 in
521 3086 565 3132 eo
586 3064 661 3158 ipse
679 3054 963 3159 deprehenditur
971 3057 996 3130 ³.
1021 3066 1095 3158 Ego
1114 3068 1152 3134 in
1171 3091 1249 3136 nno

191 3169 339 3240 homine
357 3169 479 3240 omnia
496 3170 600 3255 vitia,
620 3194 699 3264 quae
717 3186 870 3267 possunt
887 3174 924 3240 in
944 3171 1089 3243 homine
1105 3174 1248 3271 perdito
1309 3226 1312 3235 κ

191 3377 242 3425 dun
254 3377 328 3424 Pstis.
338 3377 492 3441 precipitur,
506 3375 574 3440 quod
585 3373 699 3424 Gulielm.
743 3379 773 3426 ab
785 3379 923 3427 edversario
935 3380 1101 3444 impugnatam
1114 3384 1187 3432 vitam
1200 3386 1248 3449 ipsi

190 3458 239 3516 jam
251 3456 279 3503 in
288 3459 407 3520 excerptis
417 3454 536 3520 Hittorpii
547 3456 699 3519 probaverat.
743 3457 815 3506 nubis
828 3457 1011 3517 ademissemns,
1025 3460 1073 3507 nisi
1092 3462 1161 3509 facilc
1180 3464 1249 3527 eupi-

192 3535 294 3600 Reeepit
308 3535 381 3592 Beck.
393 3536 441 3582 hoc
454 3551 525 3582 sensu
537 3549 543 3583 ε
554 3535 700 3598 Intelligitur
743 3536 860 3584 ditatibus
871 3538 1051 3601 imperaremns.

193 3624 262 3662 entes
275 3613 353 3677 qualis
368 3629 453 3662 eornm
464 3613 544 3660 virtus
563 3615 643 3661 futura
660 3614 698 3660 sit.
778 3616 812 3660 11.
832 3630 854 3660 1.
865 3614 975 3662 Lambin.
988 3615 1087 3676 conjicit
1100 3618 1182 3664 subeo.
1195 3621 1253 3664 Fru·

193 3699 227 3742 At
239 3692 304 3739 enirn
324 3692 354 3739 de
366 3692 490 3755 presenti,
509 3690 603 3737 nonde
620 3691 701 3738 lutura
745 3703 801 3750 stra,
811 3691 981 3755 qnumeodern
994 3694 1068 3741 modo
1080 3697 1150 3742 Verr.
1161 3695 1192 3752 V,
1205 3696 1252 3754 15,

194 3773 282 3818 virtute
289 3770 478 3818 adolescentium
486 3771 574 3833 egitur.
584 3768 702 3817 standum
745 3773 780 3818 sic
789 3771 914 3834 loquutus.

194 3864 253 3913 ergo
264 3848 376 3913 vulgate.
782 3865 806 3895 π.
824 3852 1001 3897 Verumtamen.
1015 3849 1136 3897 Usitatntn
1153 3851 1252 3901 verbum

233 3943 272 3975 ra.
287 3927 446 3977 Ostendimus.
459 3928 512 3976 Nos
525 3929 566 3992 qui
575 3929 625 3987 jam
635 3943 704 3975 murt-
748 3926 913 3992 superioribus
926 3926 1049 3977 iterandis.

196 4006 331 4065 stravimus,
339 4005 399 4069 quid
412 4016 436 4054 et
444 4009 470 4053 in
484 4017 535 4055 tota
545 4007 602 4054 vitae
612 4007 705 4054 ratione
785 4007 809 4054 3.
818 4002 1018 4075 Deprehenditttr.
1031 4007 1066 4055 Ut
1083 4007 1147 4055 eninr
1166 4011 1199 4057 sit
1214 4011 1259 4061 Jn·.

196 4095 223 4132 et
238 4085 331 4143 judicio
347 4101 375 4132 ae
391 4097 472 4134 mente
490 4097 605 4150 praestare
622 4102 707 4150 posse·
749 4084 854 4142 venalis,
874 4083 956 4146 uQnis
978 4085 1061 4135 tulerit
1082 4086 1206 4136 Gracchos
1228 4090 1259 4139 tls

198 4178 265 4222 mus,
274 4178 406 4226 nnmqnstn
416 4164 479 4212 hane
491 4165 591 4213 liberam
601 4176 626 4215 et
637 4164 707 4212 nullu
752 4162 872 4212 seditione
884 4166 1026 4226 querentes?
1037 4187 1050 4206 ι·

296 4252 340 4318 Il.
366 4268 408 4313 ete.
419 4283 475 4329 pers
485 4267 592 4314 seeundo.
1073 4289 1076 4293 ²
1121 4275 1140 4318 2
