3116 4774
291 321 364 413 aas
611 317 660 385 Μ.
685 318 725 385 r.
752 314 1029 387 cassamus

290 440 487 520 debemus?
501 444 593 513 Nam
615 436 744 511 civium
774 458 1008 509 romanorum
1029 433 1171 530 sanguis
1198 430 1355 526 coujun-

293 571 372 628 ctus
390 547 646 625 existimandus
662 562 735 634 est,
752 548 924 643 quoniam
941 544 980 614 id
997 558 1034 615 et
1051 543 1176 615 salutis
1184 543 1356 612 omnium

293 660 433 749 ratio³‚
454 675 491 732 et
517 660 648 730 veritas
675 656 844 755 postulat.
875 659 1010 725 Omnes
1037 651 1108 725 hoc
1134 651 1237 722 looo⁴
1261 652 1356 721 cives

180 780 183 789 ⁴
237 792 243 804 '
293 775 458 860 romani,
474 785 510 842 et
527 772 590 865 qui
606 767 763 865 adsunt,
783 781 820 837 et
842 766 907 862 qui
931 762 1152 859 ubicumque
1169 776 1272 847 sunt,
1293 784 1358 830 re·

294 902 405 959 stram
430 881 655 955 severitatem
677 876 896 959 desiderant,
919 888 1073 946 vestram
1092 870 1203 943 fidem
1225 870 1356 967 implo-

294 1010 398 1081 rant,
427 1007 586 1063 vestrum
607 988 780 1060 auxilium
801 988 1016 1082 requirunt3
1038 986 1158 1055 omnia
1178 1006 1244 1053 sua
1258 982 1359 1076 jura,

297 1101 504 1188 commoda,
518 1098 665 1185 auxilia,
677 1112 789 1168 totam
799 1095 957 1192 denique
970 1093 1173 1166 libertatem
1184 1094 1223 1163 in
1233 1094 1361 1163 vestris

298 1211 484 1287 sententiis
497 1209 628 1280 versari
642 1205 875 1277 arbitrantur.

346 1328 377 1394 A
399 1344 478 1406 me,
499 1317 639 1389 tametsi
662 1317 746 1387 satis
769 1310 951 1400 babent⁵,
971 1328 1109 1401 tamen,
1131 1315 1237 1385 sires
1258 1312 1361 1384 aliter

298 1432 481 1515 acciderit,
514 1431 597 1529 plus
627 1425 815 1501 habebunt
841 1425 1010 1514 fortasse,
1031 1449 1141 1523 quam
1163 1424 1358 1521 postulant.

296 1548 387 1617 Nam
408 1557 445 1613 et
465 1545 494 1611 si
513 1564 585 1637 qua
598 1535 672 1610 vis⁶
691 1540 800 1610 istum
823 1536 869 1609 de
883 1550 1000 1607 vestra
1018 1535 1205 1607 severitate
1221 1536 1361 1631 eripue-

203 1658 206 1667 '
298 1655 361 1740 rit,
383 1649 420 1721 id
435 1648 536 1746 quod
552 1672 673 1746 neque
685 1663 829 1733 metuo,
849 1644 1009 1739 judices,
1028 1669 1147 1741 neque
1164 1643 1241 1716 ullo
1253 1643 1362 1715 modo

299 1762 379 1834 fieri
404 1774 511 1859 p'osse
532 1758 660 1845 video;
688 1755 752 1828 sed
773 1756 803 1826 si
827 1756 865 1825 in
890 1754 962 1825 hoe
983 1778 1041 1825 me
1066 1757 1157 1825 ratio
1179 1752 1363 1839 fefellerit,

299 1871 408 1947 Siculi
428 1893 571 1941 causam
590 1890 692 1939 suam
706 1864 839 1963 perisse
854 1877 1071 1959 querentur,
1093 1878 1130 1935 et
1147 1887 1290 1935 meeum
1304 1886 1365 1960 pa·

298 1987 386 2057 riter
399 1979 550 2053 moleste
562 1975 680 2049 ferent
698 2002 706 2046 ι
721 1973 880 2073 populus
896 1971 1043 2070 quidem
1059 1996 1231 2044 romanus
1244 1972 1363 2060 brevi,

301 2095 474 2191 quoniam
489 2089 578 2160 mihi
597 2099 812 2186 potestatem
833 2084 930 2182 apud
955 2107 993 2154 se
1015 2082 1146 2181 agendi
1167 2081 1283 2170 dedit,
1305 2084 1365 2179 jus

300 2227 425 2289 suum,
445 2223 504 2270 me
521 2212 669 2294 agente,
688 2196 763 2267 suis
779 2190 956 2290 suffragiis
976 2209 1059 2265 ante
1083 2192 1152 2264 kal.
1170 2191 1366 2264 februarias

301 2308 543 2408 recuperabit.
572 2309 642 2391 Ac,
666 2306 695 2376 si
724 2303 769 2375 de
794 2328 875 2375 mea
898 2303 1034 2400 gloria⁷
1066 2316 1103 2374 et
1129 2303 1367 2401 amplitudine

301 2459 377 2506 vertit
389 2454 486 2502 Tullius
501 2451 650 2507 orationem,
667 2448 744 2513 ligura
760 2461 811 2510 eat,
855 2449 1043 2515 repetundarum
1059 2452 1160 2499 erimine
1173 2442 1318 2509 absolvetur,
1339 2468 1367 2500 ae

301 2537 371 2596 cujus
391 2529 528 2595 exemplum
546 2544 599 2579 uon
616 2543 693 2576 unum
718 2528 813 2577 dabunt
854 2530 985 2590 maiestatis
994 2529 1062 2595 apud
1072 2531 1199 2594 populum,
1208 2530 1240 2581 ob
1251 2531 1366 2579 violatam

301 2613 340 2661 vel
352 2612 393 2660 iati
407 2610 568 2658 accusationis
582 2607 648 2655 libri.
847 2594 1006 2666 libertatern,
1030 2609 1142 2657 eumdem
1163 2627 1212 2659 ease
1230 2610 1368 2674 portulam-

338 2693 362 2741 3.
373 2689 462 2739 Salutis
470 2688 578 2737 omnium
589 2686 663 2737 ratio.
672 2686 813 2737 Communia
856 2702 918 2734 rum.
933 2687 997 2734 Vide
1008 2703 1081 2751 snpra
1095 2704 1150 2752 cap.
1167 2691 1210 2738 58.

301 2771 466 2819 ωωήηι-ι
478 2767 579 2817 Ven'tae.
589 2765 813 2829 Juatitimeequitar.
893 2767 918 2814 6.
932 2766 960 2813 Si
971 2783 1022 2830 qua
1036 2766 1086 2814 vis.
1100 2768 1213 2832 lntelllga
1226 2768 1369 2832 largitiones

301 2850 414 2899 Lambin.
426 2864 440 2895 e
452 2849 593 2910 conjectura
601 2883 609 2908 ,
617 2843 743 2895 securitas.
856 2846 1022 2911 pecuniarum.
1032 2847 1105 2895 -td
1110 2848 1181 2911 qaod
1190 2865 1269 2913 neque
1278 2861 1368 2898 metuo.

339 2938 364 2988 t.
377 2931 429 2977 Hoc
441 2927 502 2975 loeo.
513 2930 542 2974 ln
550 2927 595 2974 bac
607 2939 677 2973 causa
690 2924 770 2975 Gavii.
778 2951 814 2960 —
857 2927 912 2973 Hoc
925 2926 1058 2990 interponit
1074 2926 1106 2973 ad
1125 2928 1248 2975 vitandam
1258 2929 1368 2988 iudicum

304 3011 334 3056 In
350 3005 439 3056 uestris
449 3004 583 3053 sententiis.
602 3004 707 3052 sienim
725 3004 774 3051 hoe
787 3005 814 3055 in
858 3004 1029 3054 offensionem.
1040 3031 1076 3043 -·
1090 3003 1289 3071 Molesteferent.
1305 3009 1369 3070 Quia

304 3072 409 3134 Gavium
422 3084 502 3132 scelus
514 3083 620 3131 inultam
631 3100 645 3130 a
656 3084 728 3132 tobia
740 3085 814 3133 semel
858 3083 943 3133 deillia
951 3086 1001 3146 jam
1009 3085 1370 3137 naumain-Dedissetltoet

306 3164 449 3225 dimittitur,
460 3178 534 3210 nemo
539 3163 598 3222 iarn,
605 3162 749 3226 impunitate
759 3180 816 3228 pro·
859 3180 935 3228 quum
944 3164 1038 3214 aedilem
1048 3165 1162 3214 messuit.
1168 3166 1247 3230 Supra
1258 3183 1312 3231 cap.
1327 3169 1369 3217 58.

305 3243 392 3307 posita,
402 3242 542 3304 reperietur,
553 3241 596 3303 qui
605 3240 695 3288 civium
705 3257 816 3291 romauo·
859 3269 895 3279 -
907 3245 948 3290 Me
963 3255 1059 3308 aperite.
1075 3245 1117 3293 Me
1128 3246 1229 3293 Verrem
1243 3257 1370 3295 aorunuta

303 3337 359 3370 rum
368 3318 503 3366 libertatern
515 3318 605 3367 violare
617 3333 668 3365 non
678 3320 773 3369 audeat.
859 3323 1042 3388 perduellionis.
1051 3351 1086 3365 ·-
1094 3324 1149 3375 Suis
1161 3324 1296 3395 suffragiis.
1306 3328 1370 3375 Nan

342 3399 367 3447 5.
375 3396 436 3445 Satis
444 3396 542 3443 liaberet.
549 3394 816 3462 Delendieuim‚quan·
857 3403 977 3464 judicium
987 3403 1018 3451 tle
1026 3404 1193 3469 perduellione
1202 3406 1305 3455 comitile
1313 3421 1370 3454 een·

305 3491 358 3528 tum
370 3478 397 3525 in
410 3493 449 3524 me
460 3476 725 3537 fuit‚eauaauaeirium
737 3494 817 3528 roma·
860 3482 955 3530 turiatia
985 3482 1053 3545 apud
1083 3482 1204 3548 populum
1232 3484 1371 3533 unit-ereum

304 3574 408 3614 norum
417 3572 492 3620 eaque
503 3557 550 3622 ipai
560 3554 698 3604 defensione
707 3560 816 3607 contenti
860 3559 1027 3621 exercebatur,
1045 3577 1077 3609 ex
1095 3561 1148 3627 lega
1162 3566 1214 3615 ΧΠ
1227 3564 1372 3615 tabularum.

306 3652 381 3699 aunt3
403 3636 494 3701 reliqua
508 3652 523 3684 a
536 3635 607 3682 vobit
623 3647 817 3700 exspectant.-
860 3639 945 3688 Cieero
960 3638 991 3689 de
1010 3642 1067 3706 Lep.
1078 3641 1123 3692 lib.
1138 3645 1191 3703 ΙΙΙ,
1207 3661 1263 3708 cap.
1282 3645 1306 3692 5.
1317 3647 1373 3692 Par-

306 3716 333 3764 Si
342 3733 379 3765 res
390 3716 462 3764 aliter
473 3713 599 3762 acciderit.
612 3712 758 3763 subaudae
771 3716 815 3765 de·
860 3716 950 3766 duellio
967 3720 1031 3767 enim
1049 3722 1140 3769 crimen
1158 3735 1209 3773 erat
1220 3723 1338 3788 ospitale,
1350 3733 1374 3772 et

306 3794 370 3855 beat,
379 3795 406 3842 id
417 3805 468 3857 est,
477 3796 497 3842 si
506 3796 606 3845 Verrem
618 3794 817 3844 absolveritis—
859 3798 966 3863 populus
978 3799 1045 3848 solua
1057 3813 1136 3849 morte
1145 3802 1272 3852 multabat.
1282 3802 1371 3867 Polyb.

308 3873 365 3919 Plus
385 3871 505 3921 iubebunt
525 3872 638 3934 fortasse.
661 3875 756 3923 Iudicat
777 3876 816 3923 hia
860 3877 911 3933 vt,
933 3893 973 3928 ta.
991 3901 1024 3912 -
1044 3881 1211 3946 Recuperabit.
1225 3882 1308 3930 Verria
1327 3880 1374 3928 ‹le-

308 3948 387 3996 rerbia
405 3961 487 3998 orator
505 3952 573 4015 quod
593 3969 657 4016 arepe
675 3955 725 4013 iam
744 3969 817 4017 aupra
860 3957 993 4006 muatione.

306 4025 452 4091 significavit
466 4030 588 4091 apertius,
600 4046 687 4093 nempe
700 4032 720 4078 si
729 4034 817 4079 Verres
898 4052 920 4096 7.
933 4040 980 4099 Ac,
988 4037 1011 4084 ti
1023 4036 1116 4089 demea
1125 4040 1216 4106 gloria.
1229 3992 1255 4091 Sl
1266 4039 1373 4105 queritis
