3200 4768
314 358 382 458 176
701 361 986 432 excursus

312 481 479 549 Gronovio
498 479 565 545 sic:
580 480 627 545 As
645 478 680 543 in
696 496 804 569 partes
824 480 1002 563 secabatur,
1016 478 1083 545 sive
1098 480 1228 566 undas,
1249 481 1377 550 duode-

309 589 383 654 cim.
398 587 543 652 Semissis
554 599 622 650 erat
632 585 710 650 assis
724 585 858 651 dimidia
869 608 962 675 pars3
974 585 1092 670 triens,
1104 604 1173 653 erat
1186 589 1278 655 tertia
1288 613 1376 679 pars3

308 696 364 760 bic
388 707 539 782 quatuor,
557 690 611 755 ille
631 713 687 756 sex
710 692 841 775 uncias,
864 691 1036 783 capiebat:
1058 692 1243 777 conjuncti,
1264 694 1376 761 decem

308 800 421 883 undas
432 794 768 887 comprehendebant,
780 813 813 861 et
824 796 1022 879 decuncem,
1035 818 1093 863 seu
1105 797 1288 865 dextantem
1301 824 1378 866 con·

309 905 468 971 ficiebant.
481 907 549 969 Cur
561 917 669 967 autem
681 903 845 969 Gracchus
859 902 1026 968 semissem
1039 921 1072 968 et
1085 905 1236 971 trientem
1247 909 1376 997 potius,

307 1037 405 1103 quam
420 1011 625 1094 dextantem,
641 1009 699 1098 qui
712 1009 798 1074 idem
812 1024 878 1092 est,
892 1010 1125 1093 nominaverit,
1145 1027 1177 1075 et
1188 1035 1249 1077 cur
1261 1014 1315 1077 illa
1326 1015 1377 1079 uti

217 1184 223 1189 ,
306 1117 498 1184 circuitione
525 1114 692 1195 maluerit,
716 1136 813 1179 causa
831 1129 900 1197 est,
917 1114 1003 1202 ,quia
1026 1115 1166 1179 semissis
1192 1133 1226 1180 et
1250 1116 1376 1182 trientis

306 1226 418 1289 formae
439 1218 577 1311 publicae
599 1220 880 1309 percutiebantur;
904 1219 1064 1285 dextantis
1084 1244 1162 1285 vcro
1186 1221 1282 1286 nullm
1304 1221 1379 1287 fue·

306 1345 394 1395 runt.
425 1327 569 1393 Gronov.
606 1324 648 1391 de
680 1326 802 1391 Pecun.
837 1342 900 1391 vet.
928 1327 986 1408 lv,
1023 1349 1073 1392 ra.
1105 1328 1140 1392 Si
1175 1328 1301 1394 Graerio
1334 1326 1376 1393 ad

306 1437 408 1501 Cicer.
427 1434 493 1498 loc.
520 1432 575 1496 cit.
597 1430 722 1515 credis,
757 1431 827 1497 haec
846 1454 921 1497 vera
945 1448 996 1499 est
1021 1447 1054 1497 et
1081 1432 1179 1499 unica
1200 1434 1376 1499 locutionis

306 1537 400 1601 istius
426 1535 536 1600 ratio:
558 1556 630 1622 quae
659 1549 767 1599 tamen
794 1530 880 1599 illius'
908 1535 1116 1601 insolentiam
1144 1558 1212 1600 non
1235 1553 1375 1602 excusat.

309 1641 411 1728 Quasi
428 1640 501 1729 quis
518 1638 617 1706 hodie
633 1640 712 1705 velit
727 1641 842 1731 viginu
861 1657 1003 1729 quatuor
1023 1658 1056 1706 et
1074 1640 1250 1707 duodecim
1273 1664 1375 1725 asses,

307 1749 528 1839 potiusquam
544 1769 601 1813 sex
612 1761 645 1812 et
656 1747 789 1836 triginta
801 1768 887 1811 asses
902 1747 949 1810 rei
959 1747 1065 1810 venali
1081 1747 1220 1836 cuipiam
1234 1749 1376 1835 pretium

307 1872 468 1936 statuere,
484 1852 529 1917 ob
543 1851 578 1916 id
590 1852 745 1917 nimirum
757 1849 849 1938 quod
861 1850 976 1939 viginti
987 1867 1139 1938 quatuor,
1153 1866 1186 1916 et
1201 1849 1376 1918 duodecim

307 1961 428 2027 assium
443 1958 571 2023 nummi
584 1955 672 2045 apud
687 1978 749 2021 nos
764 1954 951 2038 ambuleut3
967 1955 1097 2045 triginta
1113 1976 1190 2020 vero
1208 1972 1241 2021 et
1256 1978 1313 2021 sex
1327 1979 1376 2021 as·

308 2067 392 2132 sium
408 2063 490 2130 nulli
506 2063 582 2128 sint.

349 2174 420 2238 Jam
437 2169 479 2235 ad
495 2169 636 2257 pretium
651 2168 722 2258 lege
739 2166 876 2232 Gracchi
892 2156 1111 2231 constitutum
1126 2165 1161 2230 in
1177 2163 1323 2230 modios:
1341 2187 1375 2231 as

305 2299 461 2344 romanus
484 2275 662 2365 respondet
685 2296 804 2339 novem
822 2272 993 2339 denariolis
1012 2273 1211 2338 nostratibus
1233 2289 1267 2336 et
1285 2271 1376 2361 quod

306 2382 458 2448 excurrit.
474 2381 670 2445 Dextantem
687 2396 835 2468 oequant,
848 2378 1061 2445 semidenario
1075 2377 1204 2461 addito,
1216 2394 1376 2444 nostrates

306 2490 430 2576 septem
453 2483 586 2549 denarii.
607 2484 680 2550 Hoc
703 2503 772 2552 erat
786 2485 858 2576 lege
878 2486 1068 2575 Sempronia
1086 2484 1229 2575 pretium
1247 2484 1282 2547 iu
1304 2485 1375 2547 fru-

305 2591 409 2659 menti
424 2587 573 2671 modios,
589 2589 676 2678 plebi
694 2590 892 2656 levissimum
909 2613 1005 2674 sane,
1024 2590 1083 2656 sed
1097 2590 1210 2656 aerario
1227 2589 1376 2680 gravissi·

304 2721 418 2780 mum,
436 2694 529 2785 quod
545 2710 636 2761 tanto
655 2697 756 2786 magis
779 2697 1003 2785 premebatur,
1026 2712 1151 2785 quanto
1174 2695 1275 2784 magis
1292 2696 1377 2760 leva·

304 2807 402 2871 batur
425 2802 528 2893 plebis
553 2803 672 2892 inopia.
697 2804 811 2890 Itaque
834 2803 899 2891 legi
925 2818 1057 2867 senatus
1081 2801 1139 2866 diu
1167 2801 1375 2890 multumque

304 2911 492 2977 adversatus
512 2925 578 2992 eet,
596 2940 610 2967 ι
623 2908 713 2998 quod
729 2925 762 2973 et
777 2908 819 2972 ab
835 2908 996 2974 industria
1014 2909 1144 2998 piebem
1162 2905 1204 2972 ad
1219 2906 1375 2973 desidiam

302 3017 430 3083 avocari
458 3015 612 3105 putabat3
648 3031 684 3081 et
713 3014 862 3079 aerarium
878 3013 1050 3087 exhauriri
1068 3013 1274 3081 ridebatur».
1310 3013 1376 3078 Pro

303 3123 425 3205 Sestio,
439 3143 509 3209 cap.
525 3119 587 3203 483
605 3119 647 3185 de
666 3119 761 3186 Offic.
777 3122 830 3203 11,
848 3143 918 3210 cap.
936 3143 967 3185 a.

346 3229 415 3291 Lex
438 3224 650 3289 nihilominus
672 3226 793 3312 perlata
813 3226 885 3291 fuit.
908 3228 989 3291 Eam
1015 3226 1141 3291 stetisse
1164 3222 1205 3288 ad
1228 3239 1375 3310 tempora

304 3330 400 3397 Sullas
412 3329 540 3418 Lipsius
552 3327 730 3414 existimat3
748 3346 846 3420 negat
858 3329 955 3396 Vinc.
974 3330 1198 3409 Contarenus3
1214 3343 1262 3408 et,
1277 3325 1376 3391 Grae·

305 3437 369 3502 cho
388 3435 578 3517 interfecto,
597 3436 705 3500 atatim
723 3436 910 3526 abrogatam
929 3434 1028 3499 fuisse
1049 3429 1230 3497 contendit.
1249 3431 1376 3496 Neuter

303 3559 402 3609 recte.
422 3541 617 3630 Abrogatam
627 3543 733 3632 legem
744 3559 820 3609 ante
836 3541 966 3606 Sullana
982 3553 1131 3627 tempora
1146 3537 1244 3601 fuisse
1260 3553 1376 3602 contra

304 3649 449 3740 Lipsium
476 3646 655 3713 ostendunt
677 3648 764 3740 leges
790 3646 926 3737 Apuleia
953 3660 987 3708 et
1012 3644 1118 3727 Liria,
1145 3644 1265 3733 quibus
1283 3643 1376 3708 Sem·

303 3755 419 3842 pronia
434 3753 562 3844 largitio
577 3769 758 3819 revocatur.
780 3751 857 3816 Non
878 3765 987 3814 autent
1010 3749 1118 3813 statim
1142 3748 1183 3813 ab
1203 3748 1374 3813 interfecto

266 3874 271 3885 ·
305 3857 453 3923 Graccho
477 3860 683 3950 abrogatam,
709 3857 767 3924 sed
793 3857 925 3921 Octavia
949 3855 1020 3945 lege
1042 3869 1252 3942 temperatam
1274 3851 1373 3917 nune

304 3981 418 4027 contra
436 3967 658 4031 Contarenum
684 3966 799 4030 Cicero
826 3979 962 4028 testatur
981 3962 1023 4028 de
1046 3960 1143 4041 offic.
1158 3962 1209 4043 11,
1243 3983 1311 4049 cap.
1333 3984 1372 4044 a,

306 4066 356 4131 his
364 4066 499 4164 jerbis,
515 4100 528 4126 ι
539 4066 669 4135 Modica
688 4068 733 4132 Μ.
756 4068 880 4134 Octavii
902 4067 1050 4157 largitio,
1073 4082 1107 4131 et
1122 4065 1307 4155 reipublice
1320 4082 1373 4131 to·

1582 1228 1587 1319 i
