3200 4768
406 394 461 464 IN
486 392 700 464 VERREM
725 393 828 463 act.
853 393 910 478 II,
935 395 1032 463 LIB.
1059 396 1123 464 IV.
1224 391 1294 466 263

236 512 367 587 neficio
392 518 553 612 positum
581 513 812 585 simulacrum
838 516 1027 603 Mercurii,
1055 518 1297 613 pulcherrime

237 622 572 713 factum,sustulisti
582 625 599 709 l
607 628 652 695 At
664 622 1051 722 quemadmodum,dii
1062 628 1296 701 immortales!

238 759 346 830 quam
370 732 552 808 audacter!
570 759 680 832 quam
697 731 905 807 libidinose!
923 760 1031 832 quam
1047 737 1296 835 impudenter!

237 846 395 917 Audistis
413 871 530 944 nuper
550 846 670 918 dicere
689 846 823 943 legatos
838 844 1117 942 Tyndaritanos,
1133 847 1300 922 homines

238 953 509 1028 honestissimos
524 981 565 1028 ac
585 957 767 1055 principes
785 957 955 1045 civitatis,
976 960 1217 1046 Mercurium,
1235 962 1300 1056 qui

237 1069 345 1137 sacris
371 1068 643 1138 anniversariis²
672 1064 769 1165 apud
799 1090 861 1137 eos
887 1090 929 1136 ac
958 1089 1098 1137 summa
1125 1066 1300 1162 religione

238 1175 427 1263 coleretur,
441 1200 552 1273 quem
566 1181 602 1247 P.
619 1174 825 1265 Africanus,
843 1162 1058 1273 Carthagine
1074 1191 1193 1273 capta,
1207 1180 1301 1274 Tyn·

238 1285 407 1356 daritanis
426 1306 503 1356 uon
524 1285 642 1357 solum
665 1311 736 1358 suae
753 1288 931 1374 victoriae,
949 1283 1013 1357 sed
1031 1287 1137 1357 etiam
1155 1286 1301 1357 illorum

237 1391 323 1464 fidei
346 1395 598 1490 societatisque
617 1409 897 1465 monumentum
918 1410 1027 1492 atque
1046 1395 1221 1467 indicium
1240 1395 1301 1467 de·

239 1498 367 1588 disset,
388 1502 498 1597 hujus
515 1506 569 1588 vi,
590 1503 745 1592 scelere,
767 1505 994 1603 imperioque
1008 1531 1085 1578 esse
1101 1505 1300 1578 sublatum:

241 1614 304 1707 qui
325 1627 367 1682 ut
385 1615 542 1709 primum
560 1616 599 1683 in
619 1612 707 1683 illud
726 1613 903 1711 oppidum
922 1617 1037 1703 venit,
1060 1620 1199 1703 statim,
1216 1632 1302 1689 tam·

240 1744 352 1817 quam
380 1722 428 1791 ita
456 1721 533 1793 fieri
559 1747 636 1793 non
661 1722 778 1794 solum
805 1739 1008 1822 oporteret,
1027 1726 1091 1797 sed
1114 1729 1220 1826 etiarn
1238 1753 1302 1799 ne-

240 1854 337 1902 cesse
360 1847 469 1921 esset3
493 1848 676 1930 tamquam
696 1833 768 1905 hoc
787 1849 932 1906 senatus
946 1836 1169 1925 mandasset,
1188 1862 1303 1936 popu-

239 1940 370 2037 lusque
397 1967 569 2014 romanus
593 1943 771 2039 jussisset,
800 1946 850 2016 ita
877 1950 1073 2034 continuo,
1095 1950 1238 2043 signum
1262 1963 1304 2019 ut

209 2050 513 2141 demolirentur,
531 2069 568 2126 et
590 2052 812 2126 Messanam³
831 2055 1085 2153 deportarent,
1102 2059 1302 2154 imperavit.

288 2161 397 2253 Quod
420 2188 535 2260 quum
553 2164 639 2252 illis,
658 2168 722 2261 qui
740 2164 905 2253 aderant,
927 2164 1137 2263 indignum,
1156 2168 1220 2263 qui
1239 2192 1302 2238 au·

241 2271 406 2360 diebant,
420 2272 629 2345 incredibile
641 2273 844 2363 videretur;
861 2301 935 2347 non
953 2291 1007 2348 est
1019 2275 1066 2347 ab
1078 2279 1168 2361 isto,
1185 2280 1303 2376 primo

240 2382 304 2454 illo
325 2380 506 2471 adventu,
528 2398 816 2480 perseveratumz
835 2384 1023 2456 discedens
1043 2384 1189 2458 mandat
1205 2410 1306 2482 proa-

241 2494 356 2590 goro‘*
376 2495 548 2590 Sopatro,
567 2494 672 2588 eujus
693 2494 803 2565 verba
826 2492 990 2582 audistis,
1007 2509 1050 2567 ut
1068 2494 1302 2567 demoliatur:

242 2627 357 2698 quum
383 2618 581 2692 recusaret,
607 2604 840 2676 vehementer
871 2609 1032 2677 minatur
1053 2634 1062 2677 ε
1086 2612 1136 2678 ita
1158 2623 1238 2679 tum
1259 2633 1304 2680 ex

241 2711 303 2782 illo
322 2712 460 2810 oppido
479 2712 729 2810 proficiscitur.
746 2710 954 2812 Proagorus'
969 2714 1079 2787 refert
1099 2740 1174 2787 rem
1193 2716 1240 2788 ad
1254 2742 1305 2789 se·

243 2820 391 2891 natum⁵
407 2850 415 2892 z
437 2824 671 2895 vehementer
686 2822 848 2921 undique
865 2825 1089 2895 reclamatur.
1103 2828 1157 2896 Ne
1171 2825 1304 2897 multa:

243 2930 376 3001 iterum
394 2933 460 3002 iste
483 2931 667 3029 aliquanto
685 2948 768 3032 post
783 2933 827 3005 ad
847 2934 927 3006 illos
940 2936 1053 3022 venit,
1072 2937 1200 3032 quaerit
1215 2961 1304 3008 con·

243 3047 347 3115 tinuo
373 3044 419 3115 de
448 3047 560 3143 signo.
585 3048 839 3145 Respondetur
860 3051 914 3137 ei,
937 3063 1102 3121 senatum
1128 3074 1203 3120 non
1222 3073 1306 3147 per·

243 3156 405 3242 mittere;
427 3177 571 3251 poenam
595 3154 743 3253 capitis⁶
766 3163 1016 3248 constitutam,
1035 3161 1065 3231 si
1088 3159 1225 3256 injussu
1247 3185 1329 3233 ser

243 3278 349 3335 natus
374 3263 567 3362 quisquam
591 3266 784 3360 attigisset:
803 3269 909 3339 simul
934 3269 1064 3366 religio
1088 3294 1307 3343 commemo·

279 3514 303 3549 s.
312 3498 393 3548 Sacris
401 3498 581 3550 universatim.
592 3501 753 3562 homatho-
832 3498 856 3546 5.
867 3496 1039 3545 Adseuattmt·
1053 3498 1100 3547 Hic
1111 3499 1171 3546 etin
1184 3500 1308 3563 sequeuti-

242 3595 327 3628 ηοω
339 3579 472 3644 quormis
485 3579 548 3628 diem
560 3580 646 3630 ferm
660 3597 753 3630 mm
794 3575 841 3625 bus
851 3575 1022 3639 intelligendus
1032 3587 1068 3625 eat
1078 3587 1176 3626 senatus
1184 3577 1308 3641 Tyndari·

242 3675 298 3708 oum
307 3657 423 3722 religione
436 3658 598 3709 celebrabant.
796 3665 878 3703 unm.

279 3739 675 3802 3.Mmanam,Qmm-b0nmm
686 3739 752 3787 illm
831 3733 855 3780 6.
876 3736 975 3781 Poenam
995 3732 1082 3796 capitis
1099 3731 1273 3791 constitutam,
1284 3736 1308 3785 si

242 3820 378 3867 naariam
397 3818 444 3867 sibi
462 3830 617 3884 reposuerat,
635 3819 668 3868 ad
687 3820 751 3867 ium
795 3812 962 3876 quitquam...
971 3810 1099 3875 attigisset.
1118 3810 1214 3859 Summa
1226 3811 1308 3876 legum

243 3900 325 3948 onnia
335 3903 441 3948 Romam
455 3896 614 3964 deportanda.
795 3890 922 3941 severitate
942 3890 967 3936 in
986 3905 1030 3937 eor
1042 3898 1141 3938 mutum
1161 3901 1227 3949 erat,
1240 3892 1307 3957 apud

281 3987 305 4035 4,
318 3983 452 4045 ngoro.
466 3981 568 4027 Sumo
580 3976 671 4025 „ilica
684 3979 752 4043 1⁸52.
795 3968 988 4036 Tynmritanos,
999 3967 1042 4030 qui
1059 3967 1200 4018 nonmodo
1219 3969 1309 4031 deum

244 4056 410 4107 &rimnoeum
431 4057 594 4122 mpetratum
615 4072 672 4106 m
689 4056 752 4105 inin
796 4050 839 4100 red
851 4065 905 4113 quie
916 4045 1090 4097 artificiorum
1102 4064 1148 4098 usu
1167 4062 1248 4101 essent
1260 4050 1309 4100 deo

245 4133 285 4181 his
295 4136 375 4184 verbis
387 4146 472 4186 orator
484 4137 570 4185 utitur.
796 4140 936 4182 comma
946 4129 1087 4191 ,violarunt
