3200 4768
386 436 446 510 ‘IN
471 439 696 509 VERREM
721 444 830 511 ACT.
854 442 911 526 ll,
936 444 1033 510 LIB.
1058 445 1124 510 IV.
1221 442 1288 515 235

281 561 345 634 Illa
362 586 449 634 vero
467 558 641 659 optima³,
659 562 778 658 quod,
800 587 915 660 quum
938 560 982 632 ad
1000 564 1211 637 Haluntium
1228 590 1290 636 ve·

234 678 347 744 nisset
363 686 495 770 praetor
507 670 707 744 laboriosus
725 689 761 746 et
778 673 950 770 diligens,
971 676 1097 770 ipsein
1116 678 1291 774 oppidum

234 782 432 855 accederet
460 781 593 870 noluit,
619 782 720 878 quod
745 798 821 854 erat
836 780 971 853 difficili
993 783 1166 854 adscensu
1184 800 1293 883 atque

235 893 349 964 arduo
362 920 372 980 ;
394 889 659 988 Archagathum
672 893 931 978 Haluntinum,
949 891 1136 963 hominem
1149 918 1223 964 non
1236 918 1294 964 so·

234 1004 309 1074 lum
332 1002 431 1073 domi
452 1024 545 1087 suae,
574 1000 637 1073 sed
667 1017 740 1073 tota
766 1002 889 1074 Sicilia
909 1006 947 1072 in
973 1003 1097 1099 primis
1113 1002 1295 1090 nobilem,

235 1116 354 1185 vocari
365 1113 472 1207 jussit
482 1136 492 1180 :
502 1112 535 1182 ei
545 1113 730 1209 negotium
744 1110 861 1199 dedit,
877 1125 937 1199 ut,
950 1106 1129 1207 quidquid
1139 1111 1296 1182 Haluntii

234 1238 327 1295 esset
352 1221 490 1318 argenti
507 1219 637 1308 caelati,
657 1237 718 1292 aut
732 1225 760 1292 si
780 1222 868 1318 quid
887 1223 993 1292 etiam
1009 1221 1298 1309 Corinthiorum,

234 1334 270 1404 id
298 1357 406 1403 omne
432 1330 551 1403 statim
577 1331 623 1402 ad
651 1356 750 1401 mure
784 1357 828 1402 ex
861 1331 999 1429 oppido
1032 1331 1294 1428 deportaretur.

234 1440 466 1513 Eseendit⁵in
482 1441 655 1539 oppidum
666 1442 923 1537 Archagathus.
939 1447 1057 1513 Homo
1072 1441 1223 1528 nobilis,
1234 1444 1298 1538 qui

234 1576 256 1621 a
273 1553 347 1622 suis
365 1566 402 1621 et
419 1554 531 1622 amari
549 1565 586 1621 et
601 1550 699 1646 diligi
722 1551 844 1636 vellet,
864 1551 1000 1623 serebat
1023 1555 1176 1650 graviter
1200 1550 1297 1623 illam

235 1659 304 1731 sibi
320 1658 366 1730 ab
380 1664 450 1732 isto
467 1662 687 1758 provinciam
706 1660 845 1749 datam3
865 1686 949 1749 nec,
961 1662 1048 1759 quid
1064 1661 1214 1751 faceret,
1236 1663 1297 1732 ha-

234 1769 356 1842 bebat.
379 1776 615 1859 Pmnuntiat,
636 1770 726 1867 quid
744 1770 812 1842 sibi
833 1773 1048 1868 imperatum
1063 1789 1176 1844 esset:
1194 1771 1298 1867 jubet

236 1905 362 1951 omnes
379 1880 559 1979 proferre,
586 1904 665 1978 quae
685 1879 871 1952 haberent.
887 1885 1005 1952 Metus
1023 1896 1098 1952 erat
1115 1906 1297 1953 summus:

235 1992 312 2088 ipse
329 1995 426 2062 enim
438 2007 611 2088 tyrannus
624 2016 699 2062 non
714 1989 918 2062 discedebat
939 1991 1098 2090 longius;
1120 1991 1298 2087 Archaga-

234 2100 359 2188 thum,
380 2117 416 2173 et
428 2116 637 2199 argentum,
653 2105 691 2171 in
707 2102 831 2172 lectica
849 2099 1021 2188 cubans⁶,
1033 2100 1079 2171 ad
1091 2124 1190 2171 mare
1206 2099 1300 2172 infra

234 2208 412 2307 oppidum
431 2209 669 2308 exspectabat.

126 2317 128 2321 ’
283 2323 402 2411 Quem
421 2328 638 2392 concursum
653 2322 691 2391 in
708 2320 844 2418 oppido
863 2317 996 2391 factum
1012 2322 1171 2417 putatis?
1189 2342 1299 2418 quern

237 2427 457 2500 clamorem?
479 2450 587 2525 quem
614 2454 724 2527 porro
742 2429 869 2501 fletum
886 2422 1101 2501 mulierum?
1118 2433 1182 2531 qui
1199 2432 1300 2503 ude-

234 2550 358 2622 rent7,
378 2563 513 2636 equum
528 2539 710 2635 trojanum
728 2539 995 2626 introductum,
1015 2540 1143 2611 urbem
1158 2557 1299 2641 captam

236 2673 312 2719 esse
322 2648 494 2721 dicerent.
512 2648 641 2721 Efferri
654 2653 731 2722 sine
747 2645 883 2723 thecis⁸
897 2668 997 2738 vasa,
1012 2653 1220 2747 extorqueri
1233 2651 1300 2722 alia

237 2755 281 2826 de
297 2760 464 2833 manibus
483 2763 696 2849 mulierum,
721 2760 865 2857 effringi
886 2761 1085 2832 multorum
1108 2760 1221 2849 fores,
1241 2787 1299 2833 re·

164 2968 170 2973 “
271 2980 298 3027 a.
315 2979 364 3027 rua
382 2995 443 3028 vm
455 2984 554 3046 optata.
565 2984 613 3032 1110
628 2985 741 3030 nouom.
787 2993 892 3045 pretor,
905 2980 991 3027 imre·
1006 2991 1128 3044 umnam
1143 2981 1302 3041 murmur,

228 3054 399 3122 'subintelligit
411 3059 501 3108 indicia
521 3073 594 3126 atque
606 3072 744 3125 argumenta
788 3059 820 3106 ad
832 3060 983 3122 provinciam
997 3058 1169 3122 peragrandam
1183 3069 1298 3108 uteretur.

237 3139 311 3200 liniue
333 3137 495 3201 improbitatis
519 3152 596 3198 πως
615 3140 746 3187 lambiunt
825 3154 848 3199 7.
863 3137 1037 3200 (tetenderant.
1047 3140 1078 3186 H.
1088 3152 1110 3188 e.
1124 3139 1166 3201 qni
1175 3138 1300 3187 vidissent.

234 3216 361 3280 jndicinet
373 3216 490 3281 exempla.
503 3217 697 3281 Neuterarreqni
707 3219 744 3265 ri-
756 3256 773 3295 4
788 3218 923 3281 -Equttm
937 3215 1066 3280 tmjamrm.
1076 3217 1234 3265 Prttrerblntn
1247 3230 1299 3281 qno

236 3295 309 3343 detur
318 3308 393 3357 genam
406 3293 469 3341 lllnd
481 3296 567 3344 ironia
579 3295 648 3359 qnod
659 3295 744 3343 nettli-
787 3295 890 3343 maxim·
910 3295 1032 3342 orlrtnitrt
1054 3294 1184 3343 iudicetur.
1198 3297 1299 3344 Vemm

235 3390 275 3421 me
287 3372 343 3438 gall.
352 3372 455 3421 verbum
464 3374 541 3423 verbo
550 3373 656 3423 reddent
668 3384 746 3421 rorte-
787 3373 828 3420 ln'e
849 3373 941 3437 optime
965 3374 1059 3421 confert
1080 3384 1164 3422 orator
1179 3375 1298 3423 curn‘illo

236 3450 745 3519 rit:mar'svoicr'letrar'tleplusadmr'radle.
788 3452 872 3516 ligneo
885 3464 963 3516 equo,
973 3454 1016 3516 qni
1039 3453 1133 3512 trojana
1151 3455 1239 3501 noenia
1261 3470 1300 3502 er·

272 3539 296 3587 l.
307 3531 435 3583 Accedere.
446 3532 529 3580 bamb.
536 3532 645 3597 reposuit
657 3547 745 3579 ascen·
788 3541 856 3579 nato
870 3530 947 3578 milite
958 3530 1105 3595 complerit;
1120 3546 1175 3578 num
1190 3542 1297 3595 praetor,

235 3608 308 3664 dne,-
320 3608 388 3671 quod
399 3609 475 3673 megi·
486 3610 561 3658 lirino
572 3606 746 3658 sermonieon'·
788 3620 911 3671 tunquam
923 3609 1062 3673 pausillo,
1074 3610 1240 3672 Centuripinis
1258 3611 1297 3655 ln·

235 3696 377 3734 rentrneum
390 3685 498 3745 ridetur,
508 3689 551 3737 red
567 3688 659 3738 nullam
672 3687 746 3736 hebet
789 3685 890 3747 cubuit,
906 3687 1038 3749 urbemque
1059 3696 1133 3733 totam
1152 3697 1252 3749 stupore
1270 3702 1300 3734 nc
1385 3674 1388 3683 ¹

235 3764 465 3813 blflrnetoritetem.
787 3766 858 3817 luctu
870 3765 973 3812 mimir.
984 3765 1234 3828 Sicinorationepm
1241 3767 1299 3813 Mn·

272 3844 296 3893 t.
309 3845 351 3892 sto
362 3844 444 3891 (ἔην.
458 3860 473 3890 e
485 3844 532 3892 MS
548 3858 600 3907 reg.
613 3844 677 3904 Alii,
690 3843 743 3891 Ad·
787 3856 844 3892 rena
857 3844 1102 3900 uectorem-tntu,
1118 3843 1184 3890 intur
1197 3854 1248 3904 ert,
1262 3845 1300 3892 in·

236 3921 407 3970 scandiam.
419 3925 445 3969 L.
788 3921 1097 3988 qurm‚equnetrojrnua,t
1109 3936 1159 3985 qun
1168 3934 1300 3987 nunqnam

272 4002 297 4048 6.
309 4000 406 4047 Lectica
425 4001 526 4049 cubus.
539 4001 634 4049 Modus
644 4001 746 4051 liceret
789 4018 828 4051 me
837 4001 937 4050 contule
947 4000 1095 4049 dormiente·
1102 4002 1298 4067 opprimemini».

238 4078 323 4126 lectica
336 4079 429 4129 utendi.
442 4079 491 4127 Sed
502 4080 601 4129 videtur
611 4081 654 4129 blc
663 4093 747 4130 orator
827 4084 851 4131 0.
864 4081 922 4129 diue
941 4079 1023 4129 theris.
1038 4081 1084 4128 MS
1096 4083 1190 4131 uellerri
1210 4083 1241 4133 de
1258 4101 1304 4149 gy-

239 4156 310 4202 Verri
322 4157 481 4221 exprobrare,
495 4158 564 4222 quod
581 4160 667 4224 populi
683 4176 745 4209 roni.
792 4163 880 4209 naereir
894 4177 948 4209 mr
960 4182 982 4207 ι.
