3054 4772
311 445 383 519 660
633 447 683 515 Μ.
709 448 749 514 Τ.
774 440 1054 518 CICERONIS

263 573 271 583 '
309 586 352 642 ut
365 567 482 640 solent
495 566 537 649 ii,
555 567 620 662 qui
634 563 753 638 allecti
770 565 911 661 injuriis
926 566 972 636 ad
986 591 1094 665 opem
1108 567 1273 662 judicum
1289 582 1383 670 sup·

310 680 419 777 plices
445 674 708 774 inferioresque
736 674 974 773 confugiunt?
999 677 1099 749 Nihil
1124 704 1212 751 vero
1241 683 1380 755 minus.

310 796 355 861 Hi
370 803 495 861 contra
509 801 685 883 vagantur
703 786 772 857 laeti
783 801 893 882 atque
909 790 1017 857 erecti
1036 789 1166 886 passim
1182 804 1260 861 toto
1276 789 1380 880 loro,

310 926 392 973 cum
409 895 627 997 quibusdam
642 897 765 982 minis,
788 911 826 967 et
842 893 999 967 barbaro
1015 912 1124 995 atque
1138 899 1287 970 immani
1301 915 1379 972 ter·

309 1036 392 1082 rore
412 1005 657 1079 verborum²:
680 1005 781 1103 quod
800 1029 866 1102 ego
889 1004 1055 1104 profecto
1076 1033 1152 1079 non
1168 1009 1379 1098 crederem,

310 1123 379 1191 nisi
397 1117 587 1215 aliquoties
605 1140 651 1187 ex
666 1116 752 1213 ipsis
767 1113 1038 1187 accusatoribus
1049 1115 1236 1189 vobiscum
1248 1119 1378 1206 simul,

306 1230 461 1324 judices,
489 1224 686 1312 audissem,
709 1249 824 1322 quum
847 1226 1105 1323 praeciperent,
1124 1240 1167 1297 ut
1184 1230 1376 1318 caveretis,

309 1364 376 1425 ne,
403 1338 475 1407 hoc
499 1334 685 1423 absoluto,
710 1359 849 1405 novum
875 1333 1022 1432 aliquod
1042 1333 1178 1407 bellum
1200 1337 1377 1410 Gallicum

309 1448 560 1520 concitaretur.
580 1446 617 1515 Si
632 1443 690 1513 Μ’.
710 1444 926 1530 Fonteium,
942 1443 1100 1539 judices,
1116 1448 1154 1516 in
1170 1470 1276 1519 causa
1289 1447 1379 1520 defi·

309 1570 433 1628 cerent
450 1553 590 1637 omnia;
609 1553 640 1623 si
661 1552 759 1652 turpi
775 1551 1032 1642 adolescentia,
1052 1555 1124 1625 vita
1137 1554 1282 1644 infami,
1299 1583 1379 1631 ma-

210 1700 218 1715 ·
310 1664 532 1764 gistratibus,
550 1685 644 1758 quos
655 1687 700 1733 an
707 1677 742 1733 te
753 1660 879 1733 oculos
892 1678 1033 1736 vestros
1046 1669 1175 1761 gessit,
1191 1670 1379 1740 convictus

310 1778 470 1845 virorum
482 1770 668 1843 bonorum
683 1773 898 1843 testimoniis
908 1768 937 1862 ³,
953 1775 1089 1845 invisus
1103 1778 1175 1847 suis
1187 1777 1377 1867 omnibns,

311 1889 348 1956 in
375 1881 552 1979 judicium
580 1896 789 1968 vocaretur3
815 1884 845 1951 si
869 1886 908 1952 in
931 1906 976 1954 eo
999 1883 1136 1979 judicio
1162 1886 1377 1960 colonorum

313 1993 439 2092 populi
457 1993 598 2063 romani
615 1989 926 2080 Narbonensium,
947 1991 1243 2069 fidelissimorum
1265 2002 1379 2069 socio-

312 2131 394 2177 rum
405 2103 696 2189 Massiliensium,
708 2104 839 2173 civium
852 2126 1086 2176 romanorum
1101 2110 1266 2179 omnium
1278 2109 1379 2180 testi·

311 2214 443 2286 moniis
471 2210 675 2309 tabulisque
707 2228 968 2309 premeretur:
1003 2230 1122 2288 tamen
1152 2233 1248 2290 esset
1273 2218 1377 2292 vobis

313 2346 533 2421 magnopere
557 2321 840 2419 providendum,
868 2348 933 2412 ne,
962 2349 1055 2421 quos
1080 2330 1130 2398 ita
1154 2326 1375 2401 afflictosta

270 2530 274 2537 .
313 2435 440 2507 restris
461 2429 624 2530 patribus
644 2431 917 2528 majoribusque
936 2438 1177 2533 accepissetis,
1193 2454 1236 2509 ut
1256 2454 1375 2511 conte-

313 2542 462 2615 mnendi
475 2556 613 2629 essent,
623 2566 686 2614 eos
699 2544 944 2640 pertimuisse,
957 2560 993 2616 et
1007 2570 1133 2618 eorum
1147 2550 1256 2620 minis
1265 2563 1375 2621 etten-

313 2676 397 2724 rore
415 2651 587 2722 commoti
607 2674 683 2722 esse
698 2651 922 2724 videremini.
941 2657 1049 2727 Nunc
1063 2682 1169 2747 vem,
1188 2650 1303 2756 quuin
1316 2660 1374 2730 la-

313 2760 400 2835 dat⁵
421 2785 531 2833 nemo
554 2758 694 2849 bonus,
716 2761 864 2834 laudent
885 2790 1011 2837 omnes
1024 2770 1134 2839 vestri
1153 2773 1251 2842 cives
1270 2785 1373 2867 atque

312 2875 417 2967 socii3
432 2882 648 2971 oppugnent
660 2873 706 2959 ii,
723 2874 787 2968 qui
800 2874 990 2970 sepissime
1005 2876 1100 2947 hanc
1111 2875 1242 2949 urbem
1257 2894 1293 2951 et
1306 2878 1373 2949 hoc

312 2982 505 3080 imperium
519 2995 793 3078 oppugnarunt3
806 3006 996 3080 quumque
1011 2986 1149 3057 inimici
1160 2988 1221 3058 Μ’.
1239 2988 1373 3059 Fonteii

313 3093 416 3165 vobis
434 3115 475 3162 ac
492 3089 630 3188 populo
645 3116 797 3163 romano
819 3093 1020 3184 minentur3
1041 3099 1147 3168 amici
1166 3122 1209 3169 ac
1226 3100 1374 3197 propin·

312 3267 404 3327 Togata
413 3277 487 3320 vero,
496 3258 636 3324 Cisalpina,
649 3261 692 3310 ubi
702 3261 781 3325 togis,
795 3271 825 3308 nt
869 3256 1006 3304 describens
1018 3254 1172 3306 :metuende
1181 3274 1256 3307 vocer
1268 3257 1374 3323 complu·

312 3341 438 3398 Romani,
453 3337 590 3387 utebantur.
611 3339 702 3388 Confer
718 3340 823 3388 Diodor.
867 3335 1338 3401 riumetminaces,plrca10rumjuxra
1351 3346 1374 3384 ct

313 3422 373 3480 v‚3
384 3418 464 3478 3Plin.
478 3418 544 3466 ilict.
558 3416 616 3467 Nat.
626 3420 678 3477 111,
692 3427 722 3477 43
735 3421 822 3483 Pomp.
865 3415 1047 3464 nascentium.

312 3499 393 3561 Mela,
408 3500 446 3557 11,
458 3499 485 3555 5,
498 3506 545 3545 cto.
904 3493 1116 3542 almuuderunt
1126 3492 1222 3557 aliquot
1232 3494 1374 3542 verbane

350 3579 487 3627 Menon
495 3574 634 3623 verborum.
642 3574 720 3623 Certis
727 3571 825 3638 quilius·
866 3571 980 3620 habiliter
1000 3571 1094 3619 addunt
1115 3572 1200 3631 multi,
1219 3572 1374 3638 legationibus

314 3659 370 3708 dam
382 3656 468 3715 minis,
480 3664 504 3701 et
515 3655 658 3719 importuno
670 3669 699 3701 ac
708 3654 760 3701 lero
769 3669 824 3700 ver-
858 3650 988 3717 flagr'tiose
1000 3650 1079 3698 obitas.
1090 3650 1140 3698 Alii
1150 3651 1229 3700 aliter.
1239 3654 1264 3701 J.
1272 3654 1303 3700 V.
1311 3653 1374 3699 L.-

311 3737 400 3784 bomm
412 3750 490 3792 sono,
507 3731 585 3795 qualis
596 3733 729 3796 exspectari
741 3727 823 3794 potest
866 3726 966 3777 Schiitz.
977 3728 1034 3776 loco
1043 3729 1132 3776 «suir-
1141 3731 1248 3778 correxit
1257 3730 1372 3797 «meilis.

312 3816 343 3862 ab
351 3812 492 3863 hominibus
503 3810 612 3858 barbaris
623 3811 737 3874 nulleque
750 3809 823 3858 discl-
903 3815 927 3863 d.
938 3807 1004 3868 Quor
1010 3808 1044 3853 ita
1052 3803 1212 3874 affirmallo
1219 3808 1276 3855 istos
1285 3806 1374 3854 timum·

312 3893 377 3956 plina
393 3892 503 3942 excultis.
516 3889 557 3938 Sic
575 3889 665 3939 dicitur
677 3889 754 3938 stoica
766 3905 823 3937 sen·
867 3902 894 3934 re
914 3886 1057 3948 videamini,
1069 3902 1131 3950 quor
1144 3887 1178 3935 itn
1192 3887 1374 3937 debilitavemnt

312 3971 399 4027 tentio,
417 3985 473 4033 quo
485 3968 595 4018 dolorem
608 3970 699 4018 mulum
710 3985 761 4018 esse
778 3984 823 4017 nc·
867 3968 941 4016 vestri
952 3971 1070 4032 majores,
1082 3981 1110 4018 ur
1117 3972 1168 4032 jam
1181 3980 1236 4018 tuto
1251 3969 1307 4018 illos
1319 3982 1375 4017 ron·

312 4060 365 4112 gat,
375 4047 527 4095 «immaniter
540 4047 704 4107 verborum»,
724 4047 755 4096 de
768 4048 821 4097 nn.
867 4057 973 4096 temnere
981 4048 1089 4112 possitis.

312 4131 357 4187 IV,
371 4125 415 4175 ubi
432 4124 485 4172 heo
498 4124 573 4173 lectio
590 4124 653 4174 bena
668 4127 823 4176 aGoerenrio
903 4129 929 4175 5.
943 4125 1041 4173 Ladae.
1055 4126 1196 4191 Vimperet3
1208 4141 1259 4189 quo
1272 4126 1374 4174 insensu

310 4202 823 4268 deandim.amm.uiam‚xv,n,calloa
866 4207 954 4270 sapius
966 4204 1074 4269 ponitur.
