3142 4774
305 456 353 538 [10
620 452 666 518 M.
693 454 730 518 T.
759 453 1052 522 ClCERONlS

306 575 430 644 cuuias
452 574 593 670 ceperit.
612 569 779 659 Docebo,
803 572 937 669 cepisse
960 571 1146 657 maximas,
1169 597 1367 670 omnesque

306 708 366 755 eas
395 682 622 779 iniquitates,
654 678 699 750 de
726 679 860 777 quibus
885 696 990 752 antea
1017 679 1107 767 dixi,
1132 683 1189 752 sui
1213 698 1368 780 quastus

305 817 412 864 causa
430 791 679 863 constituisse²
698 787 875 877 vincam³‚
896 791 926 861 si
942 792 1042 887 peius
1056 790 1146 861 illud
1162 815 1367 891 propugna-

306 902 449 989 culum,
469 925 545 998 quo
567 913 692 970 contra
710 924 837 970 omnes
857 924 957 970 meos
979 902 1136 997 impetus
1160 924 1312 971 usurum
1328 926 1367 973 se

305 1010 428 1112 putat',
453 1037 496 1082 ex
523 1008 732 1080 defensione
756 1010 834 1104 ejus
855 1009 1032 1104 dejecero.
1058 1014 1208 1107 Magno,
1228 1013 1367 1108 inquit,

306 1121 475 1194 decumas
498 1118 680 1190 vendidit.
702 1119 800 1209 Quid
818 1121 892 1190 ais?
910 1145 957 1190 an
978 1133 1019 1190 tu
1043 1118 1232 1207 decumas,
1255 1120 1366 1193 homo

305 1230 537 1303 audacissime
555 1244 663 1325 atque
679 1231 938 1318 amentissime,
955 1228 1169 1303 vendidisti?
1190 1246 1231 1301 tu
1249 1246 1367 1329 partes

304 1365 379 1426 eas,
400 1364 490 1435 quas
512 1354 547 1410 te
566 1353 709 1410 senatus
730 1339 959 1437 populusque
975 1364 1150 1411 romanus
1170 1341 1302 1431 voluit,
1321 1368 1367 1414 an

302 1448 443 1520 fructus
467 1452 647 1545 integros,
667 1463 776 1545 atque
799 1448 888 1520 adeo
910 1447 1008 1520 bona
1031 1448 1269 1547 fortunasque
1288 1477 1367 1523 ara·

304 1573 426 1628 torum
452 1581 576 1628 omnes
598 1556 813 1628 vendidisti?
837 1559 874 1631 Si
896 1558 1014 1656 palam
1036 1584 1155 1657 praeco
1179 1562 1281 1657 jussu
1303 1577 1367 1633 tuo

305 1667 546 1766 praedicasset,
562 1692 637 1738 non
652 1660 824 1738 decumas
842 1666 1034 1759 frumenti,
1051 1669 1114 1742 sed
1130 1671 1296 1746 dimidias
1311 1698 1368 1745 ve·

305 1779 382 1848 nire
398 1793 536 1875 partes,
556 1794 592 1849 et
615 1781 664 1848 ita
682 1791 862 1875 emptores
878 1781 1124 1866 accessissent,
1142 1795 1184 1850 ut
1199 1781 1245 1852 ad
1262 1782 1367 1852 dimi·

306 1887 382 1960 dias
404 1903 523 1986 partes
546 1886 739 1959 emendas:
759 1889 789 1957 si
813 1888 925 1984 pluris
950 1888 1173 1961 vendidisses
1198 1905 1238 1961 tu
1262 1889 1366 1960 dimi·

305 1998 402 2087 dias,
418 2021 527 2095 quam
543 1997 652 2067 ceteri
663 1995 848 2083 decumas,
862 1998 1003 2067 cuinam
1017 2000 1152 2068 mirum
1168 1997 1368 2069 videretur?

305 2106 403 2200 Quid
424 2132 532 2195 vero,
550 2110 580 2178 si
599 2130 717 2204 praeco
740 2105 908 2178 decumas
926 2109 1191 2203 pronuntiavit3
1209 2132 1249 2179 re
1264 2132 1366 2191 vera,

305 2217 378 2289 hoc
402 2233 476 2307 est,
494 2216 591 2316 lege,
610 2216 748 2304 edicto,
766 2217 976 2288 conditione
998 2218 1081 2315 plus
1105 2220 1232 2306 etiam,
1258 2242 1368 2315 quam

307 2326 461 2398 dimidiae
486 2328 703 2399 venierunt?
724 2341 844 2398 tamen
874 2327 945 2398 hoc
971 2327 1038 2399 tibi
1066 2329 1277 2426 praeclarum
1299 2353 1367 2427 pu·

307 2435 419 2523 tabis,
444 2450 481 2507 te
506 2437 641 2533 pluris,
671 2437 773 2532 quod
800 2461 876 2507 non
900 2435 1053 2523 licebat,
1080 2461 1190 2533 quam
1212 2450 1368 2523 ceteros,

306 2544 408 2642 quod
424 2545 634 2643 oportebat,
649 2544 873 2617 vendidisse?
886 2546 1002 2617 Pluris
1020 2544 1166 2616 vendidi
1181 2545 1367 2629 decumas,

307 2681 417 2753 quam
442 2657 560 2727 ceteri.
587 2654 731 2748 Quibus
753 2654 861 2727 rebus
882 2655 921 2727 id
946 2669 1160 2751 assequutus
1178 2655 1240 2725 es?
1256 2659 1368 2725 Inno-

307 2765 446 2837 centis?
458 2766 601 2865 adspice
619 2767 730 2838 aedem
750 2762 946 2854 Castoris⁵;
961 2764 1110 2853 deinde,
1126 2767 1156 2836 si
1169 2764 1296 2852 audes,
1313 2763 1368 2834 fac

305 2879 528 2948 mentionem
545 2878 767 2948 iunocentiae.
786 2875 1003 2971 Diligentia?
1023 2874 1157 2947 codicis
1173 2875 1299 2947 lituras
1315 2877 1368 2947 tui

274 3040 278 3047 -
307 2989 552 3087 contemplare
574 2989 612 3057 in
634 2984 792 3058 Sthenii⁶
811 2986 1032 3058 Thermitani
1055 2987 1222 3075 nomine3
1239 2985 1369 3058 deiude
1470 2994 1475 2999 ’

343 3220 368 3252 a.
385 3202 550 3251 Constituisse.
564 3203 630 3251 Olim
648 3202 785 3266 «irrupisse
793 3226 814 3253 ιι.
859 3219 930 3268 gnam
945 3205 993 3252 vim
1007 3205 1042 3252 eis
1055 3206 1178 3254 Verresin
1192 3215 1314 3253 aratorum
1323 3202 1369 3250 bo-

306 3272 816 3346 (tosptsoe'nepsrtsse-ndmtsttstdme
858 3298 889 3331 us
899 3285 1052 3347 permiserat,
1069 3282 1248 3347 quamplurimo
1256 3281 1369 3329 decumas

305 3360 460 3426 posAEMSS
468 3360 579 3424 pluribus
586 3371 611 3409 et
617 3371 676 3409 vett„
681 3360 737 3410 edd.
743 3377 815 3410 «oon-
858 3374 979 3422 emerant3
988 3360 1055 3424 quod
1064 3361 1120 3422 quis
1129 3358 1160 3407 sd
1167 3359 1245 3406 assui
1255 3374 1368 3406 commo·

306 3441 428 3489 stifltissea
439 3450 599 3504 reposuerunt
611 3441 695 3491 Lsmb.
707 3445 813 3493 etGrut.
859 3440 918 3488 dum
930 3442 1032 3488 maxime
1044 3437 1192 3501 pertinebat,
1206 3437 1239 3485 ob
1252 3453 1304 3485 um
1318 3452 1369 3485 sem

306 3519 455 3571 &eninm
468 3519 607 3583 iniquitates
618 3519 682 3567 idem
695 3530 733 3569 est
745 3520 813 3584 quod
858 3523 947 3568 Verres
959 3534 985 3565 se
995 3515 1155 3580 populicum.
1176 3518 1277 3579 gretiam
1286 3515 1369 3564 conci·

305 3600 408 3648 istorum
418 3593 559 3662 iniquorum
575 3598 742 3659 decretorum,
758 3616 813 3665 qun
856 3598 915 3645 liare
927 3596 1030 3644 maxime
1039 3610 1111 3658 posse
1123 3594 1245 3659 sperabat.

304 3678 399 3740 injuriis
422 3676 525 3726 infinitis
543 3676 680 3728 efficiebant
693 3690 811 3740 emtores,
892 3675 918 3725 5.
931 3675 1020 3723 AEdem
1037 3674 1150 3722 essens.
1162 3677 1191 3721 In
1204 3674 1274 3734 cuius
1295 3676 1366 3724 sertis

304 3767 428 3806 auctorem
438 3773 497 3806 esse.
856 3753 981 3820 exigendis
993 3751 1083 3801 nefarie
1092 3752 1213 3817 praedatus
1223 3763 1261 3801 est
1269 3756 1366 3802 Verres.

340 3836 364 3883 3.
381 3837 457 3900 Vulg.
484 3836 633 3886 censtbcans.
658 3839 725 3887 Leet.
749 3837 812 3885 MSS
856 3832 989 3882 Vid.Verr.
1001 3834 1026 3889 1,
1042 3841 1090 3893 49,
1099 3847 1156 3895 sqq.

303 3912 400 3961 Gruter·
414 3917 579 3979 prestulfmuu
597 3915 725 3980 quodiam
739 3914 812 3962 mulsi
891 3913 953 3959 uls
961 3910 1118 3967 Sthenir',etc.
1129 3910 1205 3970 Cuius
1214 3908 1320 3958 mustis
1328 3925 1370 3958 uo·

301 4001 359 4038 ente
370 3985 653 4043 auctoramentum
667 3995 739 4042 mam
750 3990 811 4039 vin·
855 3990 1032 4039 :sendelenus
1054 4004 1106 4036 esse
1122 3989 1251 4052 scripserat
1264 3991 1369 4053 primum

300 4085 358 4117 eam
372 4069 423 4116 dno
437 4070 511 4121 codd.
520 4072 588 4136 regii.
599 4075 666 4121 LV.
676 4074 704 4118 L.
854 4073 959 4128 νικας
973 4069 1016 4119 sed
1027 4078 1111 4133 postes
1130 4068 1193 4116 illud
1211 4070 1329 4127 conexit,
1344 4080 1369 4118 et

338 4158 362 4208 4.
384 4147 494 4197 Vendidi.
518 4150 663 4207 Deeurnsni,
677 4148 745 4212 quod
757 4166 807 4197 ms·
853 4149 979 4198 Sthenium
985 4147 1206 4212 presentemfuisse
1218 4160 1369 4205 secuntum,
