3016 4774
336 361 406 459 590
647 353 932 424 EXCURSUS
955 354 1083 425 XVII.

332 480 459 570 Ulpiani
485 475 645 542 sententia
667 492 734 557 est,
756 473 814 540 sed
832 475 1033 565 Pomponius
1049 475 1111 559 ait,
1129 475 1226 539 «vim
1243 477 1330 542 siue
1349 502 1425 545 oon

331 586 435 676 porali
453 584 487 648 ri
503 584 614 647 locum
633 603 702 645 non
723 580 843 644 habere
850 611 875 644 ι.
894 583 1149 645 Controversiam
1167 604 1252 672 ergo
1276 584 1355 649 boe
1367 587 1422 666 jes

235 706 242 711 '
331 696 394 760 fuit
410 691 498 782 apud
513 691 585 756 illos
600 688 794 753 recentiores
806 687 1064 768 jurisoonsnltos.
1078 688 1215 754 Passus.

376 801 540 887 Sequums
569 817 643 860 sum
668 816 744 859 cum
771 795 898 876 Fabro,
924 795 961 859 P.
970 795 1125 879 Victorii,
1144 797 1203 883 qm
1226 798 1419 863 castissime

332 920 477 969 versatus
493 899 589 966 estin
601 898 709 964 Tullio
721 897 940 981 recensendo,
959 898 1154 982 editionem,
1167 902 1327 966 rescissis
1341 927 1419 991 pnn-

332 1011 401 1091 nis,
415 1008 472 1098 qni
482 1005 591 1071 adsuti
607 1021 719 1069 sunta
734 1004 961 1095 mangonibus.
983 1005 1065 1088 Quo
1079 1006 1188 1069 attulit
1204 1006 1417 1073 Hostomn·

331 1138 395 1182 nus
413 1138 454 1179 ex
467 1113 568 1194 MSS,
586 1113 794 1202 reperiuntur
809 1112 906 1176 etiarn
925 1111 958 1175 in
975 1112 1097 1179 Erfurt.
1113 1113 1148 1176 P.
1161 1113 1299 1178 Francii
1319 1116 1362 1181 V.
1381 1117 1415 1179 G

236 1286 238 1291 .
331 1224 366 1287 in
385 1221 462 1285 Pall.
479 1235 513 1282 et
535 1217 610 1282 edd.
635 1217 758 1306 primis.
777 1215 873 1282 Unde
890 1215 980 1282 rides
1004 1241 1103 1306 quam
1126 1218 1359 1307 interpolatus
1377 1222 1415 1285 sit

331 1430 529 1521 interpositis
545 1427 712 1516 repetitur,
730 1443 771 1491 ut
784 1426 857 1510 hio,
873 1427 950 1492 dein
969 1428 1046 1515 «qui
1063 1428 1253 1516 prohibitus
1271 1431 1324 1494 sit
1340 1431 1412 1495 libi·

331 1539 451 1604 dinis-s
467 1552 556 1599 mm:
576 1535 776 1624 «plurimum
787 1537 893 1600 valere
903 1535 1085 1601 libidinis-2
1099 1553 1138 1602 ut
1153 1556 1317 1627 appareat
1327 1540 1413 1604 hane

329 1666 443 1709 vooem
460 1641 624 1730 irrepsisse
644 1664 684 1706 ex
701 1644 855 1733 margine.
873 1643 980 1709 Gur.

372 1746 544 1836 Repetitur
575 1746 654 1811 item
685 1747 732 1811 sio
762 1747 797 1810 in
828 1745 915 1811 binis
937 1747 1020 1812 Vsu.
1044 1747 1198 1835 antiquis.
1235 1749 1411 1839 Corrupto

328 1854 464 1920 omnino
482 1867 557 1916 ante
572 1851 774 1940 Naugerium
791 1873 923 1933 omnes,
940 1852 998 1939 qui
1015 1868 1124 1917 tamen
1140 1852 1232 1917 dedit
1247 1867 1409 1920 stamme-

327 1962 382 2042 εἰσ,
399 1980 467 2022 non
491 1957 677 2021 statueritis.
691 1955 789 2018 Hune
810 1956 932 2020 fatetur
953 1956 1087 2045 quidem
1111 1959 1324 2026 Camerarius
1345 1961 1410 2026 edi·

326 2065 413 2131 disse
428 2059 654 2143 commodius,
678 2059 736 2126 sed
751 2060 854 2125 vereri
870 2084 905 2125 se
920 2062 980 2144 ait,
997 2085 1039 2126 ne
1062 2064 1154 2127 locus
1175 2064 1218 2128 ab
1240 2089 1285 2130 eo
1302 2069 1407 2133 fuerit

326 2192 465 2262 persona
478 2167 617 2257 quedam
630 2167 780 2233 inlectus.
790 2167 891 2250 Quod
903 2167 1056 2258 Naugerii
1071 2170 1310 2238 obtrectatores
1328 2175 1405 2238 orri-

327 2280 419 2369 pient
436 2275 664 2366 cupidissime:
681 2272 738 2363 qui
754 2276 783 2340 si
796 2276 929 2341 meliora
940 2278 1232 2367 proferent,atque
1247 2282 1402 2364 oertiors,

329 2400 453 2474 gratam
470 2381 624 2446 omnibus
643 2400 712 2443 rem
731 2380 868 2463 facient,
883 2381 939 2470 qni
954 2382 986 2446 N
987 2384 1169 2471 sugerianis
1185 2385 1312 2453 intem
1328 2410 1403 2453 oon·

327 2492 409 2555 tenti
423 2503 510 2552 sunt.
525 2488 688 2550 Cametas.
699 2483 803 2550 edidit
815 2488 968 2552 statuetis.
983 2488 1106 2555 Ganan.

372 2593 451 2659 Non
467 2594 503 2655 in
519 2593 635 2655 ammo.
653 2590 743 2655 Libri
761 2592 888 2682 antiqui
909 2609 948 2658 ut
971 2609 1005 2659 et
1021 2593 1102 2660 editi
1116 2595 1284 2684 plerique:
1302 2622 1399 2663 «non

327 2700 362 2764 in
381 2697 492 2764 animo
509 2694 694 2780 libidinis»;
711 2698 817 2764 forte:
834 2720 924 2763 «non
940 2700 975 2764 in
996 2701 1107 2765 animo
1125 2723 1162 2766 ac
1185 2702 1397 2771 formidine».

327 2806 502 2897 superno·
527 2803 620 2870 avim
642 2804 753 2869 afferri
775 2821 809 2869 et
831 2805 960 2894 oor'pori
988 2823 1021 2872 et
1042 2807 1153 2873 animo
1168 2838 1192 2873 ι.
1216 2808 1331 2877 Caedes
1358 2811 1398 2877 ad

286 2931 291 2939 ·
327 2932 468 3002 corpus,
483 2926 590 2977 rnetns
606 2908 648 2974 ad
664 2911 810 2974 animum
823 2910 974 2978 refertur.
993 2912 1084 2979 Pasa.

262 3022 270 3041 ³
369 3018 447 3084 Nisi
459 3037 554 3082 eruor
569 3030 741 3105 appareat,
758 3018 826 3080 vtio
845 3040 910 3082 non
927 3038 991 3083 esse
1003 3016 1147 3104 fastam.
1162 3019 1265 3104 Quod
1281 3040 1398 3088 contra

269 3164 275 3173 ι
323 3124 395 3207 jure
409 3122 493 3187 cirili
507 3124 724 3187 constitutum
740 3139 807 3206 est,
824 3125 908 3189 utsi
934 3126 1008 3213 quis
1028 3126 1170 3215 aliquem
1186 3126 1342 3208 dejecerit
1357 3154 1398 3195 ex

324 3251 403 3319 agro
419 3249 497 3308 suo,
513 3227 703 3293 bominibus
720 3230 815 3294 etiam
832 3230 904 3295 sine
916 3231 1014 3296 armis
1030 3234 1247 3322 congregatis,
1260 3234 1309 3297 ris
1328 3237 1397 3323 pri·

324 3348 404 3397 vatae
420 3331 577 3421 postulari
592 3333 711 3420 possit,
728 3334 750 3397 l.
765 3333 792 3397 si
811 3333 899 3422 quis,
918 3336 958 3399 D.
972 3334 1014 3401 de
1028 3337 1060 3401 vi
1076 3336 1215 3425 privata,
1233 3353 1266 3401 et
1281 3337 1302 3401 l.
1318 3362 1395 3427 pen.
1465 3342 1466 3347 ’

323 3439 375 3504 Tu
395 3437 461 3501 rim
484 3453 578 3525 putas
605 3458 675 3503 esse
695 3438 819 3523 solum,
844 3440 871 3504 si
897 3440 1048 3506 homines
1075 3443 1312 3507 vulnerentur?
1337 3446 1394 3510 Vis

324 3544 413 3608 enim
428 3557 478 3608 est
496 3558 529 3606 et
544 3557 643 3625 tuno,
663 3543 791 3631 quoties
817 3545 889 3632 quis
912 3545 946 3609 id
964 3545 1055 3634 qnod
1073 3547 1135 3610 sibi
1158 3547 1268 3612 deberi
1285 3566 1392 3637 putat,

325 3672 393 3713 non
413 3673 473 3739 per
493 3646 636 3728 judicem
666 3650 814 3737 reposcit.
842 3649 908 3714 sed
937 3650 998 3716 bac
1025 3651 1217 3717 defensione
1239 3655 1393 3721 utebatur

323 3750 495 3834 AEbutius,
510 3752 544 3815 in
554 3750 723 3816 retinendi
736 3752 941 3840 possessione
952 3754 1020 3818 vim
1034 3755 1151 3820 laetam
1165 3777 1234 3820 non
1246 3756 1389 3848 intelligi,

326 3853 365 3933 si,
384 3855 441 3939 qui
459 3853 644 3943 prohibitus
660 3870 730 3937 est,
754 3877 822 3920 non
841 3852 1035 3943 possidebat.
1053 3855 1153 3939 Quod
1173 3856 1201 3920 si
1221 3857 1312 3921 aliter
1326 3859 1390 3924 rint

323 3960 442 4021 laetam
458 3981 528 4023 esse
543 3958 772 4039 contenderet,
787 3983 862 4047 qum
880 3975 938 4025 aut
958 3961 1150 4042 injminrum
1166 3963 1313 4046 actione,
1333 3983 1389 4031 aut

321 4060 449 4151 publica
463 4064 640 4147 questione
652 4066 693 4128 de
702 4065 733 4128 vi
747 4064 876 4152 publica
889 4083 946 4130 ant
957 4068 1080 4155 privata
1088 4061 1280 4134 vindicanda
1293 4089 1387 4157 esset,
