3200 4768
322 404 394 476 260
642 404 690 475 M.
717 336 756 475 Ti
783 405 1064 479 CICERONIS

319 529 442 612 nium,
464 550 526 613 mc,
549 550 627 599 non
647 527 764 599 solum
789 528 894 600 silere
917 529 963 600 de
984 530 1113 602 vestris
1138 532 1384 609 monumentis

317 637 521 734 oportebit,
538 634 723 708 sedetiam
738 637 867 727 laetari,
883 643 920 710 P.
938 635 1096 710 Africani
1113 642 1293 737 ejusmodi
1307 669 1384 717 esse

318 744 481 818 fortunas
502 747 655 831 mortui,
676 761 717 816 ut
733 744 811 841 ejus
830 747 948 818 honos
966 745 1011 817 ab
1028 748 1092 836 iis,
1111 752 1176 847 qui
1194 776 1240 822 ex
1257 754 1382 825 eadem

316 855 449 929 familia
472 872 574 944 sunt,
595 854 823 944 defendatur,
842 882 964 954 neque
982 856 1096 929 ullum
1120 859 1383 934 adventitium³

317 970 523 1066 requiratur
544 965 729 1038 auxilium.
753 967 815 1037 Sin
840 967 942 1037 istius
962 968 1115 1038 amicitia
1133 981 1169 1039 te
1187 970 1382 1067 impediet3

315 1082 345 1151 si
361 1080 453 1165 hoc,
468 1074 570 1175 quod
587 1074 652 1147 abs
668 1090 704 1146 te
722 1075 887 1172 postulo,
904 1079 1027 1149 minus
1040 1075 1085 1148 ad
1098 1075 1260 1149 officium
1276 1094 1382 1151 tuum

314 1192 497 1289 pertinere
525 1183 767 1271 arbitrabere,
795 1184 986 1257 succedam
1018 1210 1086 1284 ego
1110 1188 1288 1258 vicarius⁴
1314 1202 1381 1259 tuo

312 1300 474 1383 muneri;
493 1296 686 1393 suscipiam
705 1307 843 1390 partes,
865 1318 954 1391 quas
976 1294 1109 1367 alienas
1130 1318 1205 1366 esse
1226 1294 1380 1366 arbitra·

310 1408 398 1479 bar:
418 1431 463 1476 ne
480 1407 546 1475 ista
566 1400 753 1502 praeclara⁵
772 1402 941 1475 nobilitas
957 1402 1098 1477 desinat
1113 1406 1237 1501 queri,
1257 1429 1379 1503 popu·

312 1518 388 1589 lum
415 1538 608 1587 romanum
633 1512 843 1585 hominibus
865 1515 969 1585 novis
996 1529 1106 1611 atque
1128 1513 1314 1587 industriis
1335 1516 1379 1587 li·

311 1627 442 1698 benter
463 1623 622 1718 honores
639 1621 829 1710 mandare,
847 1647 1064 1722 semperque
1079 1622 1281 1696 mandasse.
1296 1628 1380 1698 Non

312 1752 365 1811 est
384 1734 631 1833 querendum,
646 1735 685 1804 in
706 1758 747 1805 ea
765 1735 925 1821 civitate,
943 1757 1024 1830 quaa
1041 1747 1194 1831 propter
1211 1735 1382 1805 virtutem

311 1844 482 1917 clunibus
514 1841 721 1915 nationibus
761 1845 940 1938 imperat,
973 1843 1145 1913 virtutem
1181 1841 1381 1940 plurimum

311 1981 428 2057 posse.
455 1959 508 2027 Sit
534 1950 632 2052 apud
659 1948 774 2024 alios6
795 1955 914 2047 imago
937 1955 975 2022 P.
1004 1948 1182 2037 Africani3
1203 1967 1382 2024 ornentur

311 2068 370 2139 alii
390 2067 525 2138 mortui
545 2069 678 2136 virtute
699 2087 741 2134 ac
762 2064 936 2133 nomine:
957 2059 1036 2131 talis
1062 2059 1121 2131 ille
1148 2061 1204 2130 vir
1224 2058 1312 2147 fuit,
1330 2062 1381 2133 ita

311 2177 356 2249 de
383 2176 521 2277 populo
543 2199 697 2265 romano
716 2174 868 2244 meritus
887 2184 959 2259 est,
980 2184 1023 2240 ut
1043 2193 1120 2240 non
1138 2172 1203 2239 uui
1219 2166 1380 2259 familiae,

311 2288 378 2359 sed
397 2288 572 2359 universae
596 2286 731 2356 civitati
758 2279 1032 2356 commendatus
1054 2303 1133 2349 esse
1156 2277 1294 2350 debeat.
1317 2284 1382 2352 Est

312 2397 433 2491 aliqua
461 2418 541 2464 mea
568 2404 672 2491 pars⁷
701 2391 833 2480 virilis,
862 2388 963 2487 quod
989 2388 1068 2485 ejus
1101 2388 1251 2459 civitatis
1274 2412 1378 2481 sum,

349 2554 374 2603 3.
383 2550 556 2603 Adveurirr'urn
565 2553 771 2610 Extemom,non
780 2551 822 2600 do
864 2560 958 2607 minum
970 2557 1055 2606 virtuti
1066 2555 1213 2605 mandentur
1223 2556 1342 2618 honores,
1350 2560 1379 2607 in

312 2632 446 2683 naricum.
865 2637 1000 2686 ucivitsts
1013 2651 1069 2700 quae
1081 2647 1182 2701 propter
1194 2638 1309 2685 virtutem
1321 2652 1377 2684 om-

347 2723 371 2770 4.
390 2709 512 2760 Victorius.
526 2708 624 2759 Dicitur
635 2708 708 2774 isqui
716 2708 822 2758 vioesal·
864 2715 937 2764 nibus
946 2714 1088 2763 nationibus
1101 2715 1212 2779 imperat.

251 2778 262 2799 '
309 2796 385 2843 terius
403 2790 483 2851 subit,
496 2788 540 2855 qui
556 2788 656 2838 literius
672 2803 760 2835 mmm
775 2788 821 2835 lm·
900 2793 1379 2859 6.Sirapudalros.1lxprobntiosm·

310 2874 369 2939 plet.
864 2873 922 2922 rior.
937 2873 1032 2920 Etenim
1051 2874 1087 2922 rit
1104 2883 1188 2920 orator
1199 2886 1206 2920 :
1217 2873 1244 2921 si
1256 2890 1334 2938 usqne
1347 2890 1377 2922 eo

347 2955 371 3003 5.
380 2953 420 3000 Ns
428 2950 474 2998 isra
479 2949 614 3015 pmclara.
620 2942 716 2996 ironico
724 2956 820 2995 eticor-
864 2950 991 3015 Scipiones
1001 2952 1120 3013 mejomm
1129 2967 1230 3000 snorum
1240 2953 1342 3016 glortsn
1353 2963 1391 3001 et·

308 3033 341 3081 lte
352 3033 378 3079 iu
388 3030 527 3094 Scipionem
538 3037 563 3074 et
576 3037 670 3074 eeteros
679 3025 763 3073 Verrio
775 3024 819 3073 de·
863 3031 1004 3078 memoriam
1021 3041 1195 3095 uper-nentur,
1208 3041 1236 3078 ut
1248 3048 1301 3079 nm
1316 3032 1378 3080 meri

309 3112 416 3159 tonsores
425 3108 525 3156 dietum.
537 3106 625 3152 Sem
633 3115 669 3153 0⁸¹
679 3105 819 3168 θῐῑίωῑῑκθ
862 3110 986 3174 negligant
994 3144 1002 3170 ‚
1010 3121 1078 3159 esto:
1086 3110 1131 3157 erit
1143 3109 1210 3175 apud
1220 3125 1264 3158 eos
1277 3111 1376 3175 quidam

310 3188 418 3236 bominis
430 3185 512 3250 ignsvi
524 3194 550 3232 et
558 3183 641 3231 inertis
650 3218 658 3242 ,
667 3183 758 3248 quique
767 3199 817 3231 non
861 3190 925 3238 nusi
934 3189 982 3238 viri
992 3189 1087 3253 imgo,
1097 3188 1140 3237 ssd
1152 3187 1201 3236 hoo
1210 3190 1310 3238 nomin,
1322 3200 1377 3239 m.

309 3262 628 3328 modorempuhlicsm,sed
637 3264 818 3326 etpstrism,fn·
861 3280 915 3318 tum
923 3270 999 3318 ethre
1009 3268 1117 3317 defuncti
1124 3268 1214 3316 virtuts
1226 3268 1378 3317 decorabun-

309 3360 373 3394 snsm
379 3341 705 3406 monumentaquemsjorum
710 3342 819 3407 negligit,
862 3360 910 3398 sm,
919 3349 973 3398 Nos
980 3363 1037 3396 mo
1042 3383 1051 3411 ‚
1063 3348 1106 3410 qui
1113 3347 1235 3411 scipionis
1243 3348 1269 3394 in
1278 3345 1325 3394 luc
1334 3346 1375 3395 dis

308 3436 389 3492 partes
398 3421 632 3471 subibol’stronom
639 3421 763 3470 inclaudis
770 3424 820 3471 sci·
861 3427 1027 3492 pssrocinium
1046 3426 1207 3488 suscepimus,
1228 3419 1272 3490 qni
1283 3424 1376 3473 ulturos

308 3507 411 3572 pionurn
430 3499 580 3567 profitebor,
599 3497 677 3547 scelus
690 3515 819 3565 persequer
862 3506 904 3554 his
915 3506 983 3552 ismae
996 3515 1022 3551 et
1038 3502 1117 3551 lsudn
1134 3505 1186 3566 ejus
1200 3504 1327 3565 sedemus,
1346 3504 1374 3552 in

307 3598 333 3636 et
351 3579 634 3650 immolaremus
653 3578 683 3626 de
694 3580 820 3644 republics
863 3581 991 3646 qnsmdsm
1001 3592 1075 3630 tsntae
1093 3583 1176 3646 gloriae
1191 3596 1285 3650 purtem
1297 3584 1374 3633 sthe-

308 3666 371 3714 beos
383 3662 504 3720 merebor,
515 3672 545 3709 ut
556 3657 706 3723 quotidiesd
717 3658 820 3725 lsrgien·
863 3661 989 3711 rediissem
1017 3662 1202 3725 quodammodo
1232 3666 1375 3724 veniemus,

308 3747 353 3793 dos
365 3745 473 3793 honores
487 3740 548 3790 milri
560 3736 668 3805 populus
679 3740 814 3798 excitorum
862 3740 955 3805 quippe
967 3740 1010 3803 qui
1022 3742 1074 3803 ejus
1087 3743 1236 3802 imitarores,
1249 3744 1302 3804 ejus
1310 3759 1373 3808 quo·

308 3837 332 3871 er
343 3824 377 3871 its
386 3839 436 3870 non
450 3822 546 3870 desinst
552 3818 641 3868 lubere
649 3818 764 3883 proeclsrs
772 3820 817 3866 ists
862 3835 909 3882 qus
923 3819 995 3869 lsuds
1005 3822 1152 3870 ornabimur.

308 3901 434 3957 nobilitas,
445 3901 514 3965 qnod
526 3910 650 3965 queratur,
660 3896 818 3946 iscdslromi·
898 3917 922 3960 7⁸
935 3900 1074 3967 Erralr'qua
1088 3918 1142 3949 mea
1153 3917 1223 3965 pars.
1231 3898 1326 3962 Singuli
1337 3899 1373 3946 ci·

308 3995 350 4025 nes
361 3994 439 4027 noros
453 3991 478 4027 et
487 3978 634 4034 industrios,
647 3975 764 4041 spopulo
776 3990 816 4021 ro·
861 3994 916 4037 res,
931 3980 966 4026 sit
976 3981 1077 4039 Cicero,
1091 3997 1162 4028 suum
1173 3981 1256 4045 grstia
1268 3977 1372 4041 vectigal

305 4056 494 4103 manchonores
506 4055 814 4109 obrueravmmtsmen,
859 4057 969 4120 Scipioni
989 4058 1098 4116 demut,
1115 4059 1183 4123 quod
1200 4059 1262 4107 hmo
1284 4056 1370 4104 urbem

305 4150 357 4185 uon
369 4132 459 4182 dsbent
470 4133 540 4196 queri
557 4131 755 4195 qoodnovorum
770 4128 815 4178 ho·
858 4135 993 4201 smplsmet
1003 4136 1300 4201 magnilicsmrirturesus
1309 4152 1371 4202 prn-
