3054 4772
438 386 717 487 Excndsus
741 416 884 486 xxrx„
1119 414 1211 514 6171

130 538 248 628 quoin
260 556 377 627 genere
386 558 458 601 mos
469 535 556 625 apud
572 560 626 627 eos
638 538 725 627 viget
735 536 830 602 laude
841 552 874 602 et
884 538 1194 604 commemoratione

131 668 208 710 eum
231 644 344 733 primis
364 641 503 731 dignus3
523 645 580 731 qui
602 667 674 708 mos
695 644 809 732 capitis
829 644 984 708 accusatis
1000 660 1193 731 potestatem

132 750 224 831 iacit,
240 748 319 814 dum
337 749 482 837 ipsorum
489 748 670 813 celebratur
682 748 1008 831 judicium,abeundi
1023 749 1145 837 pelam,
1159 766 1197 815 et

132 854 168 918 in
179 860 399 942 'spontaneum
414 852 584 923 secedendi
601 855 748 918 exsilium
767 878 776 920 z
792 856 869 919 licet
888 877 908 918 e
927 855 1098 937 tribubus,
1121 878 1196 943 qum

132 957 173 1022 ad
189 957 407 1048 peragendum
422 957 581 1039 judicium
598 977 838 1042 convenerunt,
855 982 922 1035 una
942 961 1120 1024 etiamnum
1136 983 1193 1024 ex-

133 1077 210 1144 stet,
224 1086 296 1150 quse
308 1063 459 1153 suffragia
470 1064 610 1129 necdum
623 1063 744 1130 tulerit.
755 1065 928 1130 Exsulibus
939 1082 1048 1130 autem
1059 1065 1195 1154 impune

134 1166 250 1257 degere
263 1168 338 1233 lieet
353 1168 507 1256 Neapoli,
525 1170 702 1252 Praeneste,
720 1170 860 1253 Tibure,
874 1171 953 1235 item
970 1170 1040 1234 aliis
1052 1170 1088 1234 in
1103 1170 1196 1235 urbi·

132 1273 218 1355 bus,
231 1273 350 1361 quibus
366 1273 430 1337 hoe
437 1274 511 1354 jure
525 1275 630 1341 foedus
646 1274 816 1341 intercedit
832 1299 909 1341 oum
922 1277 1109 1341 Romanis».
1120 1278 1197 1343 Huc

133 1381 231 1444 etiam
249 1378 331 1444 illud
353 1380 509 1444 lactantii
531 1382 686 1469 pertinet,
705 1383 817 1447 exlib.
840 1382 882 1448 de
897 1385 987 1472 Orig.
1006 1384 1124 1449 erroris
1145 1384 1196 1463 11,

134 1507 205 1573 cap.
224 1506 263 1549 ro
278 1507 286 1548 :
298 1485 493 1550 «Exsulibus
508 1508 640 1574 quoque
655 1488 738 1576 ignis
749 1505 784 1552 et
798 1511 880 1577 aqua
895 1488 1044 1554 interdici
1059 1488 1200 1572 solebat3

135 1589 244 1655 adhuc
259 1590 347 1654 enim
360 1588 532 1654 ridebatur
545 1591 651 1668 nefas,
669 1594 815 1679 quamvis
830 1595 948 1677 malos,
964 1611 1072 1659 tamen
1088 1594 1198 1658 homi·

137 1715 195 1757 nes
202 1693 361 1782 supplicio
368 1693 482 1781 eapitis
491 1692 618 1758 allicere
625 1695 902 1761 ».Hoa·r.—-Tusc.
911 1697 1159 1779 Vanxsilium,
1171 1697 1201 1761 si

134 1820 245 1862 rerum
261 1814 425 1880 naturam,
436 1820 504 1863 non
520 1799 730 1888 ignominiam
744 1799 886 1864 nominis
899 1803 1084 1889 qtraerirnus,
1100 1824 1204 1891 quan·

134 1919 207 1967 tum
218 1926 238 1967 a
252 1919 407 1993 perpetua
423 1905 679 1994 peregrinatione
695 1905 823 1988 differt,
839 1907 874 1970 in
891 1930 954 1994 qua
967 1923 1091 1975 aetatem
1106 1930 1198 1972 suam

136 2008 329 2076 nobilissimi
337 2009 522 2098 philosophi
535 2027 840 2099 consumpserunt».
853 2012 895 2077 Et
907 2013 941 2076 in
953 2012 1064 2077 Parad.
1078 2011 1204 2076 «Terri-

135 2112 202 2177 bile
223 2115 371 2181 exsilium
398 2115 453 2197 iis,
482 2117 601 2204 quibus
631 2116 723 2204 quasi
746 2118 1006 2206 circumscriptus
1030 2115 1200 2181 habitandi

135 2218 244 2301 locus,
262 2243 329 2285 non
346 2221 402 2303 iis,
420 2222 477 2310 qui
497 2245 630 2288 omnem
648 2221 762 2286 orbem
785 2236 943 2291 terrarum
961 2246 1061 2288 unam
1081 2223 1197 2290 urbem
1327 2309 1329 2312 Α

137 2346 207 2390 esse
223 2325 336 2392 dicunt
346 2357 359 2384 ι
375 2329 509 2394 Prssun.

269 2723 783 2849 'EXCURSUS
828 2731 1040 2848 XXX

217 2956 282 3025 AD
307 2956 581 3026 ORATIONEM
604 2958 694 3027 PRO
719 2957 916 3042 CAECINA,
940 2958 1036 3028 CAP.
1059 2954 1118 3029 35.

551 3129 789 3154 --—-

184 3263 374 3353 Derels'uquo
383 3266 459 3351 jam
475 3285 671 3328 eonununem
687 3284 831 3328 causam.
855 3264 961 3328 Loetu
976 3280 1087 3351 aperte
1104 3264 1203 3328 muti·

140 3370 249 3433 latus:
272 3370 336 3433 hoc
360 3369 498 3458 amplius
519 3384 642 3433 veteres
665 3367 756 3451 libri,
782 3390 844 3457 pro
867 3391 1120 3434 «communem»
1139 3392 1205 3433 om·

141 3498 222 3539 uem.
236 3475 340 3539 Hora.

74 3566 76 3571 ¹
184 3580 372 3668 Derelrirquo
376 3579 452 3668 jam
466 3601 660 3644 communem
678 3601 819 3644 causam.
839 3580 879 3643 ln
896 3579 986 3644 libris
1005 3578 1140 3669 vulgatis
1159 3579 1203 3643 le-

141 3686 240 3774 gitur,
261 3707 497 3750 «communem
520 3708 690 3767 oaumm»,
714 3685 748 3748 iu
766 3685 922 3772 antiquis,
946 3707 1105 3749 comnem
1127 3706 1205 3749 eau-

142 3813 210 3855 sam
218 3823 241 3856 ·.
249 3791 416 3857 Existimat
427 3792 684 3873 Hottomannus,
698 3807 773 3856 ante
784 3792 853 3857 lraec
866 3786 979 3873 verba,
988 3789 1204 3878 postverbunr

21 3990 22 3997 ἵ
142 3900 304 3980 concessi,
332 3897 454 3987 aliquid
475 3886 607 3981 deesse,
631 3896 722 3986 quod
747 3897 826 3962 item
847 3896 926 3960 mibi
950 3894 1089 3961 videtur.
1115 3896 1205 3981 Quid

143 4002 227 4066 desit
252 4020 377 4085 autem,
404 4005 575 4069 incertum.
600 4006 825 4068 Hottomanno
853 4000 981 4066 videtur
1010 4001 1120 4066 deesse
1145 4003 1205 4067 tale

143 4105 340 4192 quiddam,«
352 4133 440 4175 nune
462 4111 495 4173 in
519 4109 653 4174 civitatis
677 4108 931 4174 controversiam
951 4124 1121 4189 vocatur·;
1137 4106 1207 4171 aliis¹
