<?xml version="1.0" encoding="UTF-8"?>
<!DOCTYPE html PUBLIC "-//W3C//DTD XHTML 1.0 Transitional//EN"
    "http://www.w3.org/TR/xhtml1/DTD/xhtml1-transitional.dtd">
<html xmlns="http://www.w3.org/1999/xhtml" xml:lang="en" lang="en">
 <head>
  <title>
</title>
<meta http-equiv="Content-Type" content="text/html;charset=utf-8" />
  <meta name='ocr-system' content='tesseract 3.04.00' />
  <meta name='ocr-capabilities' content='ocr_page ocr_carea ocr_par ocr_line ocrx_word'/>
</head>
<body>
  <div class='ocr_page' id='page_1' title='image "./mtciceronisquae00bouigoog/mtciceronisquae00bouigoog_0323.png"; bbox 0 0 3186 4772; ppageno 0'>
   <div class='ocr_carea' id='block_1_1' title="bbox 295 333 1033 420">
    <p class='ocr_par' dir='ltr' id='par_1_1' title="bbox 295 333 1033 420">
     <span class='ocr_line' id='line_1_1' title="bbox 295 333 1033 420; baseline 0 -13"><span class='ocrx_word' id='word_1_1' title='bbox 295 335 366 420; x_wconf 75' lang='lat'>304</span> <span class='ocrx_word' id='word_1_2' title='bbox 616 333 666 403; x_wconf 89' lang='lat' dir='ltr'>M.</span> <span class='ocrx_word' id='word_1_3' title='bbox 690 336 728 402; x_wconf 92' lang='lat' dir='ltr'>T.</span> <span class='ocrx_word' id='word_1_4' title='bbox 756 333 1033 407; x_wconf 86' lang='lat' dir='ltr'>CICERONIS</span> 
     </span>
    </p>
   </div>
   <div class='ocr_carea' id='block_1_2' title="bbox 186 454 1365 2523">
    <p class='ocr_par' dir='ltr' id='par_1_2' title="bbox 186 454 1361 1324">
     <span class='ocr_line' id='line_1_2' title="bbox 186 454 1358 556; baseline 0.007 -28"><span class='ocrx_word' id='word_1_5' title='bbox 186 523 189 528; x_wconf 89' lang='lat'><em>.</em></span> <span class='ocrx_word' id='word_1_6' title='bbox 293 460 364 531; x_wconf 92' lang='lat' dir='ltr'>hoc</span> <span class='ocrx_word' id='word_1_7' title='bbox 378 471 414 529; x_wconf 88' lang='lat' dir='ltr'>et</span> <span class='ocrx_word' id='word_1_8' title='bbox 427 455 516 528; x_wconf 93' lang='lat' dir='ltr'>illud</span> <span class='ocrx_word' id='word_1_9' title='bbox 533 454 693 542; x_wconf 86' lang='lat' dir='ltr'>abesset,</span> <span class='ocrx_word' id='word_1_10' title='bbox 714 456 816 554; x_wconf 91' lang='lat' dir='ltr'>quod</span> <span class='ocrx_word' id='word_1_11' title='bbox 832 482 878 529; x_wconf 87' lang='lat' dir='ltr'>ex</span> <span class='ocrx_word' id='word_1_12' title='bbox 890 457 964 529; x_wconf 86' lang='lat' dir='ltr'>aede</span> <span class='ocrx_word' id='word_1_13' title='bbox 978 460 1091 546; x_wconf 84' lang='lat' dir='ltr'>Jovis,</span> <span class='ocrx_word' id='word_1_14' title='bbox 1106 458 1207 556; x_wconf 91' lang='lat' dir='ltr'>quod</span> <span class='ocrx_word' id='word_1_15' title='bbox 1222 484 1268 535; x_wconf 83' lang='lat' dir='ltr'>ex</span> <span class='ocrx_word' id='word_1_16' title='bbox 1282 462 1358 536; x_wconf 81' lang='lat' dir='ltr'>tede</span> 
     </span>
     <span class='ocr_line' id='line_1_3' title="bbox 292 565 1358 662; baseline 0.005 -24"><span class='ocrx_word' id='word_1_17' title='bbox 292 567 414 638; x_wconf 82' lang='lat' dir='ltr'>Liberi</span> <span class='ocrx_word' id='word_1_18' title='bbox 428 591 471 633; x_wconf 77' lang='lat' dir='ltr'>a:</span> <span class='ocrx_word' id='word_1_19' title='bbox 493 579 534 635; x_wconf 91' lang='lat' dir='ltr'>ut</span> <span class='ocrx_word' id='word_1_20' title='bbox 553 568 736 662; x_wconf 66' lang='lat' dir='ltr'>quisquet</span> <span class='ocrx_word' id='word_1_21' title='bbox 763 569 813 637; x_wconf 90' lang='lat' dir='ltr'>eis</span> <span class='ocrx_word' id='word_1_22' title='bbox 835 565 947 639; x_wconf 87' lang='lat' dir='ltr'>rebus</span> <span class='ocrx_word' id='word_1_23' title='bbox 970 567 1118 641; x_wconf 86' lang='lat' dir='ltr'>tuendis</span> <span class='ocrx_word' id='word_1_24' title='bbox 1140 593 1358 643; x_wconf 88' lang='lat' dir='ltr'>conservan-</span> 
     </span>
     <span class='ocr_line' id='line_1_4' title="bbox 294 673 1359 777; baseline 0.007 -30"><span class='ocrx_word' id='word_1_25' title='bbox 294 676 423 774; x_wconf 89' lang='lat' dir='ltr'><strong>disque</strong></span> <span class='ocrx_word' id='word_1_26' title='bbox 445 673 655 774; x_wconf 82' lang='lat' dir='ltr'>praefnerat,</span> <span class='ocrx_word' id='word_1_27' title='bbox 673 677 723 745; x_wconf 89' lang='lat' dir='ltr'>ita</span> <span class='ocrx_word' id='word_1_28' title='bbox 740 678 979 775; x_wconf 88' lang='lat' dir='ltr'>perscriptum</span> <span class='ocrx_word' id='word_1_29' title='bbox 994 691 1091 767; x_wconf 83' lang='lat' dir='ltr'>erat,</span> <span class='ocrx_word' id='word_1_30' title='bbox 1114 704 1230 777; x_wconf 90' lang='lat' dir='ltr'>quum</span> <span class='ocrx_word' id='word_1_31' title='bbox 1249 683 1359 754; x_wconf 88' lang='lat' dir='ltr'>ratio·</span> 
     </span>
     <span class='ocr_line' id='line_1_5' title="bbox 293 776 1361 886; baseline 0.006 -29"><span class='ocrx_word' id='word_1_32' title='bbox 293 776 380 858; x_wconf 84' lang='lat' dir='ltr'>nem</span> <span class='ocrx_word' id='word_1_33' title='bbox 410 809 455 856; x_wconf 82' lang='lat' dir='ltr'>ex</span> <span class='ocrx_word' id='word_1_34' title='bbox 485 785 564 882; x_wconf 84' lang='lat' dir='ltr'>lege</span> <span class='ocrx_word' id='word_1_35' title='bbox 591 783 775 871; x_wconf 83' lang='lat' dir='ltr'>redderet,</span> <span class='ocrx_word' id='word_1_36' title='bbox 802 801 839 858; x_wconf 88' lang='lat' dir='ltr'>et</span> <span class='ocrx_word' id='word_1_37' title='bbox 870 811 952 884; x_wconf 86' lang='lat' dir='ltr'>quae</span> <span class='ocrx_word' id='word_1_38' title='bbox 976 804 1185 886; x_wconf 85' lang='lat' dir='ltr'>acceperat,</span> <span class='ocrx_word' id='word_1_39' title='bbox 1211 789 1361 864; x_wconf 85' lang='lat' dir='ltr'>deberet</span> 
     </span>
     <span class='ocr_line' id='line_1_6' title="bbox 294 892 1361 999; baseline 0.006 -32"><span class='ocrx_word' id='word_1_40' title='bbox 294 895 457 984; x_wconf 80' lang='lat' dir='ltr'>tradere,</span> <span class='ocrx_word' id='word_1_41' title='bbox 472 898 622 993; x_wconf 85' lang='lat' dir='ltr'>petisse,</span> <span class='ocrx_word' id='word_1_42' title='bbox 639 910 682 966; x_wconf 95' lang='lat' dir='ltr'>ut</span> <span class='ocrx_word' id='word_1_43' title='bbox 693 894 783 983; x_wconf 81' lang='lat' dir='ltr'>sibi,</span> <span class='ocrx_word' id='word_1_44' title='bbox 799 897 898 993; x_wconf 89' lang='lat' dir='ltr'>quod</span> <span class='ocrx_word' id='word_1_45' title='bbox 916 896 970 968; x_wconf 86' lang='lat' dir='ltr'>hae</span> <span class='ocrx_word' id='word_1_46' title='bbox 986 922 1044 997; x_wconf 81' lang='lat' dir='ltr'>res</span> <span class='ocrx_word' id='word_1_47' title='bbox 1058 897 1241 991; x_wconf 87' lang='lat' dir='ltr'>abessent,</span> <span class='ocrx_word' id='word_1_48' title='bbox 1258 892 1361 999; x_wconf 84' lang='lat' dir='ltr'>iguo·</span> 
     </span>
     <span class='ocr_line' id='line_1_7' title="bbox 294 1004 1360 1101; baseline 0.003 -22"><span class='ocrx_word' id='word_1_49' title='bbox 294 1019 476 1092; x_wconf 59' lang='lat' dir='ltr'>secretum</span> <span class='ocrx_word' id='word_1_50' title='bbox 489 1007 613 1101; x_wconf 86' lang='lat' dir='ltr'>itaque</span> <span class='ocrx_word' id='word_1_51' title='bbox 636 1029 763 1076; x_wconf 88' lang='lat' dir='ltr'>omnes</span> <span class='ocrx_word' id='word_1_52' title='bbox 788 1004 958 1078; x_wconf 87' lang='lat' dir='ltr'>liberatos</span> <span class='ocrx_word' id='word_1_53' title='bbox 983 1006 1204 1097; x_wconf 85' lang='lat' dir='ltr'>discessisse,</span> <span class='ocrx_word' id='word_1_54' title='bbox 1227 1024 1264 1081; x_wconf 90' lang='lat' dir='ltr'>et</span> <span class='ocrx_word' id='word_1_55' title='bbox 1283 1035 1360 1082; x_wconf 87' lang='lat' dir='ltr'>esse</span> 
     </span>
     <span class='ocr_line' id='line_1_8' title="bbox 294 1113 1357 1218; baseline 0.002 -29"><span class='ocrx_word' id='word_1_56' title='bbox 294 1119 458 1215; x_wconf 84' lang='lat' dir='ltr'>ignotum</span> <span class='ocrx_word' id='word_1_57' title='bbox 485 1113 667 1188; x_wconf 79' lang='lat' dir='ltr'>omnibus</span> <span class='ocrx_word' id='word_1_58' title='bbox 688 1118 785 1206; x_wconf 88' lang='lat' dir='ltr'>Quas</span> <span class='ocrx_word' id='word_1_59' title='bbox 803 1141 871 1213; x_wconf 84' lang='lat' dir='ltr'>ego</span> <span class='ocrx_word' id='word_1_60' title='bbox 892 1116 1013 1188; x_wconf 84' lang='lat' dir='ltr'>literas</span> <span class='ocrx_word' id='word_1_61' title='bbox 1034 1116 1272 1216; x_wconf 75' lang='lat' dir='ltr'>&#39;obsignandas</span> <span class='ocrx_word' id='word_1_62' title='bbox 1288 1144 1357 1218; x_wconf 92' lang='lat' dir='ltr'>pu·</span> 
     </span>
     <span class='ocr_line' id='line_1_9' title="bbox 293 1223 1015 1324; baseline 0.001 -26"><span class='ocrx_word' id='word_1_63' title='bbox 293 1226 390 1298; x_wconf 89' lang='lat' dir='ltr'>blico</span> <span class='ocrx_word' id='word_1_64' title='bbox 407 1229 509 1322; x_wconf 85' lang='lat' dir='ltr'>signo</span> <span class='ocrx_word' id='word_1_65' title='bbox 519 1279 534 1313; x_wconf 74' lang='lat'>,</span> <span class='ocrx_word' id='word_1_66' title='bbox 546 1223 863 1324; x_wconf 81' lang='lat' dir='ltr'>deportandasque</span> <span class='ocrx_word' id='word_1_67' title='bbox 881 1227 1015 1299; x_wconf 78' lang='lat' dir='ltr'>curavi.</span> 
     </span>
    </p>

    <p class='ocr_par' dir='ltr' id='par_1_3' title="bbox 201 1330 1365 2523">
     <span class='ocr_line' id='line_1_10' title="bbox 344 1330 1357 1439; baseline 0.006 -33"><span class='ocrx_word' id='word_1_68' title='bbox 344 1340 399 1406; x_wconf 91' lang='lat' dir='ltr'>De</span> <span class='ocrx_word' id='word_1_69' title='bbox 420 1330 653 1405; x_wconf 80' lang='lat' dir='ltr'>laudatione⁵</span> <span class='ocrx_word' id='word_1_70' title='bbox 677 1347 798 1405; x_wconf 89' lang='lat' dir='ltr'>autem</span> <span class='ocrx_word' id='word_1_71' title='bbox 822 1337 914 1431; x_wconf 80' lang='lat' dir='ltr'>ratio</span> <span class='ocrx_word' id='word_1_72' title='bbox 940 1338 990 1408; x_wconf 89' lang='lat' dir='ltr'>sio</span> <span class='ocrx_word' id='word_1_73' title='bbox 1013 1337 1153 1410; x_wconf 88' lang='lat' dir='ltr'>reddita</span> <span class='ocrx_word' id='word_1_74' title='bbox 1176 1354 1256 1411; x_wconf 86' lang='lat' dir='ltr'>est:</span> <span class='ocrx_word' id='word_1_75' title='bbox 1282 1342 1357 1439; x_wconf 90' lang='lat' dir='ltr'>pri·</span> 
     </span>
     <span class='ocr_line' id='line_1_11' title="bbox 294 1445 1359 1543; baseline 0.006 -27"><span class='ocrx_word' id='word_1_76' title='bbox 294 1470 416 1531; x_wconf 91' lang='lat' dir='ltr'>mum,</span> <span class='ocrx_word' id='word_1_77' title='bbox 431 1468 546 1541; x_wconf 89' lang='lat' dir='ltr'>quum</span> <span class='ocrx_word' id='word_1_78' title='bbox 563 1466 584 1514; x_wconf 89' lang='lat' dir='ltr'>a</span> <span class='ocrx_word' id='word_1_79' title='bbox 601 1446 714 1516; x_wconf 88' lang='lat' dir='ltr'>Verre</span> <span class='ocrx_word' id='word_1_80' title='bbox 731 1445 842 1515; x_wconf 72' lang='lat' dir='ltr'>literae</span> <span class='ocrx_word' id='word_1_81' title='bbox 858 1445 1043 1543; x_wconf 89' lang='lat' dir='ltr'>aliquanto</span> <span class='ocrx_word' id='word_1_82' title='bbox 1062 1462 1145 1520; x_wconf 91' lang='lat' dir='ltr'>ante</span> <span class='ocrx_word' id='word_1_83' title='bbox 1166 1449 1359 1523; x_wconf 86' lang='lat' dir='ltr'>adventum</span> 
     </span>
     <span class='ocr_line' id='line_1_12' title="bbox 295 1552 1360 1652; baseline 0.007 -26"><span class='ocrx_word' id='word_1_84' title='bbox 295 1580 418 1627; x_wconf 89' lang='lat' dir='ltr'>meum</span> <span class='ocrx_word' id='word_1_85' title='bbox 437 1554 482 1625; x_wconf 89' lang='lat' dir='ltr'>de</span> <span class='ocrx_word' id='word_1_86' title='bbox 501 1552 704 1625; x_wconf 80' lang='lat' dir='ltr'>laudatione</span> <span class='ocrx_word' id='word_1_87' title='bbox 722 1557 925 1645; x_wconf 87' lang='lat' dir='ltr'>venissent,</span> <span class='ocrx_word' id='word_1_88' title='bbox 944 1554 1035 1627; x_wconf 89' lang='lat' dir='ltr'>nihil</span> <span class='ocrx_word' id='word_1_89' title='bbox 1058 1583 1135 1631; x_wconf 88' lang='lat' dir='ltr'>esse</span> <span class='ocrx_word' id='word_1_90' title='bbox 1153 1558 1360 1652; x_wconf 67' lang='lat' dir='ltr'>decretum</span> 
     </span>
     <span class='ocr_line' id='line_1_13' title="bbox 296 1661 1363 1759; baseline 0.007 -23"><span class='ocrx_word' id='word_1_91' title='bbox 296 1663 444 1750; x_wconf 87' lang='lat' dir='ltr'>deinde,</span> <span class='ocrx_word' id='word_1_92' title='bbox 470 1686 585 1759; x_wconf 91' lang='lat' dir='ltr'>quum</span> <span class='ocrx_word' id='word_1_93' title='bbox 609 1661 759 1759; x_wconf 88' lang='lat' dir='ltr'>quidam</span> <span class='ocrx_word' id='word_1_94' title='bbox 774 1688 819 1735; x_wconf 84' lang='lat' dir='ltr'>ex</span> <span class='ocrx_word' id='word_1_95' title='bbox 834 1664 928 1736; x_wconf 89' lang='lat' dir='ltr'>illius</span> <span class='ocrx_word' id='word_1_96' title='bbox 947 1668 1069 1739; x_wconf 92' lang='lat' dir='ltr'>amicis</span> <span class='ocrx_word' id='word_1_97' title='bbox 1086 1686 1363 1744; x_wconf 87' lang='lat' dir='ltr'>commonerent</span> 
     </span>
     <span class='ocr_line' id='line_1_14' title="bbox 295 1770 1362 1873; baseline 0.007 -28"><span class='ocrx_word' id='word_1_98' title='bbox 295 1787 464 1873; x_wconf 82' lang='lat' dir='ltr'>oportere</span> <span class='ocrx_word' id='word_1_99' title='bbox 486 1770 654 1858; x_wconf 89' lang='lat' dir='ltr'>decerni,</span> <span class='ocrx_word' id='word_1_100' title='bbox 678 1775 836 1844; x_wconf 81' lang='lat' dir='ltr'>maximo</span> <span class='ocrx_word' id='word_1_101' title='bbox 857 1798 936 1845; x_wconf 86' lang='lat' dir='ltr'>esse</span> <span class='ocrx_word' id='word_1_102' title='bbox 961 1774 1118 1848; x_wconf 89' lang='lat' dir='ltr'>clamore</span> <span class='ocrx_word' id='word_1_103' title='bbox 1139 1793 1176 1850; x_wconf 89' lang='lat' dir='ltr'>et</span> <span class='ocrx_word' id='word_1_104' title='bbox 1196 1783 1362 1853; x_wconf 86' lang='lat' dir='ltr'>convicio</span> 
     </span>
     <span class='ocr_line' id='line_1_15' title="bbox 295 1882 1362 1988; baseline 0.006 -33"><span class='ocrx_word' id='word_1_105' title='bbox 295 1882 528 1981; x_wconf 80' lang='lat' dir='ltr'>repudiatos3</span> <span class='ocrx_word' id='word_1_106' title='bbox 556 1895 792 1977; x_wconf 81' lang='lat' dir='ltr'>posteaquam</span> <span class='ocrx_word' id='word_1_107' title='bbox 826 1906 928 1955; x_wconf 90' lang='lat' dir='ltr'>meus</span> <span class='ocrx_word' id='word_1_108' title='bbox 959 1884 1133 1961; x_wconf 84' lang='lat' dir='ltr'>adventus</span> <span class='ocrx_word' id='word_1_109' title='bbox 1165 1894 1362 1988; x_wconf 88' lang='lat' dir='ltr'>appropin-</span> 
     </span>
     <span class='ocr_line' id='line_1_16' title="bbox 297 1993 1362 2096; baseline 0.005 -32"><span class='ocrx_word' id='word_1_110' title='bbox 297 1997 436 2094; x_wconf 90' lang='lat' dir='ltr'>quarit,</span> <span class='ocrx_word' id='word_1_111' title='bbox 463 1994 658 2088; x_wconf 90' lang='lat' dir='ltr'>imperasse</span> <span class='ocrx_word' id='word_1_112' title='bbox 685 2014 790 2079; x_wconf 91' lang='lat' dir='ltr'>eum,</span> <span class='ocrx_word' id='word_1_113' title='bbox 821 1993 886 2088; x_wconf 93' lang='lat' dir='ltr'>qui</span> <span class='ocrx_word' id='word_1_114' title='bbox 916 1993 1120 2066; x_wconf 75' lang='lat' dir='ltr'>summam⁶</span> <span class='ocrx_word' id='word_1_115' title='bbox 1147 2013 1362 2096; x_wconf 83' lang='lat' dir='ltr'>potestatem</span> 
     </span>
     <span class='ocr_line' id='line_1_17' title="bbox 297 2097 1361 2192; baseline 0.001 -16"><span class='ocrx_word' id='word_1_116' title='bbox 297 2103 466 2189; x_wconf 88' lang='lat' dir='ltr'>haberet,</span> <span class='ocrx_word' id='word_1_117' title='bbox 485 2114 527 2170; x_wconf 90' lang='lat' dir='ltr'>ut</span> <span class='ocrx_word' id='word_1_118' title='bbox 541 2097 797 2187; x_wconf 83' lang='lat' dir='ltr'>decernerent3</span> <span class='ocrx_word' id='word_1_119' title='bbox 814 2101 999 2185; x_wconf 78' lang='lat' dir='ltr'>decretum</span> <span class='ocrx_word' id='word_1_120' title='bbox 1016 2105 1066 2175; x_wconf 90' lang='lat' dir='ltr'>ita</span> <span class='ocrx_word' id='word_1_121' title='bbox 1084 2130 1176 2192; x_wconf 88' lang='lat' dir='ltr'>esse,</span> <span class='ocrx_word' id='word_1_122' title='bbox 1191 2121 1232 2177; x_wconf 93' lang='lat' dir='ltr'>ut</span> <span class='ocrx_word' id='word_1_123' title='bbox 1244 2108 1361 2178; x_wconf 91' lang='lat' dir='ltr'>multo</span> 
     </span>
     <span class='ocr_line' id='line_1_18' title="bbox 299 2206 1364 2312; baseline 0.007 -29"><span class='ocrx_word' id='word_1_124' title='bbox 299 2213 380 2310; x_wconf 90' lang='lat' dir='ltr'>plus</span> <span class='ocrx_word' id='word_1_125' title='bbox 397 2211 457 2282; x_wconf 88' lang='lat' dir='ltr'>illa</span> <span class='ocrx_word' id='word_1_126' title='bbox 480 2206 638 2280; x_wconf 88' lang='lat' dir='ltr'>laudatio</span> <span class='ocrx_word' id='word_1_127' title='bbox 658 2208 762 2295; x_wconf 88' lang='lat' dir='ltr'>mali,</span> <span class='ocrx_word' id='word_1_128' title='bbox 787 2234 897 2305; x_wconf 92' lang='lat' dir='ltr'>quam</span> <span class='ocrx_word' id='word_1_129' title='bbox 918 2211 1007 2285; x_wconf 90' lang='lat' dir='ltr'>boni</span> <span class='ocrx_word' id='word_1_130' title='bbox 1028 2217 1140 2312; x_wconf 91' lang='lat' dir='ltr'>possit</span> <span class='ocrx_word' id='word_1_131' title='bbox 1160 2216 1299 2290; x_wconf 80' lang='lat' dir='ltr'>afferre.</span> <span class='ocrx_word' id='word_1_132' title='bbox 1322 2216 1364 2290; x_wconf 90' lang='lat' dir='ltr'>ld</span> 
     </span>
     <span class='ocr_line' id='line_1_19' title="bbox 201 2317 1365 2416; baseline 0.005 -22"><span class='ocrx_word' id='word_1_133' title='bbox 201 2350 208 2359; x_wconf 81' lang='lat'><em>·</em></span> <span class='ocrx_word' id='word_1_134' title='bbox 299 2322 410 2409; x_wconf 91' lang='lat' dir='ltr'>adeo,</span> <span class='ocrx_word' id='word_1_135' title='bbox 426 2319 585 2416; x_wconf 87' lang='lat' dir='ltr'>jndices,</span> <span class='ocrx_word' id='word_1_136' title='bbox 602 2333 643 2388; x_wconf 87' lang='lat' dir='ltr'>ut</span> <span class='ocrx_word' id='word_1_137' title='bbox 660 2318 750 2388; x_wconf 92' lang='lat' dir='ltr'>mihi</span> <span class='ocrx_word' id='word_1_138' title='bbox 763 2317 810 2389; x_wconf 86' lang='lat' dir='ltr'>ab</span> <span class='ocrx_word' id='word_1_139' title='bbox 829 2319 899 2392; x_wconf 88' lang='lat' dir='ltr'>illis</span> <span class='ocrx_word' id='word_1_140' title='bbox 918 2319 1205 2396; x_wconf 86' lang='lat' dir='ltr'>demonstratum</span> <span class='ocrx_word' id='word_1_141' title='bbox 1224 2340 1295 2415; x_wconf 87' lang='lat' dir='ltr'>est,</span> <span class='ocrx_word' id='word_1_142' title='bbox 1313 2328 1365 2400; x_wconf 86' lang='lat' dir='ltr'>sic</span> 
     </span>
     <span class='ocr_line' id='line_1_20' title="bbox 300 2428 735 2523; baseline -0.014 -21"><span class='ocrx_word' id='word_1_143' title='bbox 300 2457 364 2502; x_wconf 89' lang='lat' dir='ltr'>vos</span> <span class='ocrx_word' id='word_1_144' title='bbox 380 2455 426 2501; x_wconf 84' lang='lat' dir='ltr'>ex</span> <span class='ocrx_word' id='word_1_145' title='bbox 440 2453 499 2499; x_wconf 90' lang='lat' dir='ltr'>me</span> <span class='ocrx_word' id='word_1_146' title='bbox 518 2428 735 2523; x_wconf 85' lang='lat' dir='ltr'>cognoscite.</span> 
     </span>
    </p>
   </div>
   <div class='ocr_carea' id='block_1_3' title="bbox 259 2538 1362 2643">
    <p class='ocr_par' dir='ltr' id='par_1_4' title="bbox 259 2538 1362 2643">
     <span class='ocr_line' id='line_1_21' title="bbox 259 2538 1362 2643; baseline 0.012 -37"><span class='ocrx_word' id='word_1_147' title='bbox 259 2560 263 2570; x_wconf 90' lang='lat'><em>·</em></span> <span class='ocrx_word' id='word_1_148' title='bbox 345 2541 470 2609; x_wconf 83' lang='lat' dir='ltr'><strong>LXIV.</strong></span> <span class='ocrx_word' id='word_1_149' title='bbox 489 2539 570 2606; x_wconf 90' lang='lat' dir='ltr'>Mos</span> <span class='ocrx_word' id='word_1_150' title='bbox 590 2549 645 2607; x_wconf 88' lang='lat' dir='ltr'>est</span> <span class='ocrx_word' id='word_1_151' title='bbox 662 2538 844 2632; x_wconf 82' lang='lat' dir='ltr'>Syracusis</span> <span class='ocrx_word' id='word_1_152' title='bbox 856 2550 882 2629; x_wconf 63' lang='lat'>¹³,</span> <span class='ocrx_word' id='word_1_153' title='bbox 902 2557 964 2631; x_wconf 90' lang='lat' dir='ltr'>ut,</span> <span class='ocrx_word' id='word_1_154' title='bbox 980 2547 1010 2615; x_wconf 90' lang='lat' dir='ltr'>si</span> <span class='ocrx_word' id='word_1_155' title='bbox 1029 2570 1102 2643; x_wconf 90' lang='lat' dir='ltr'>qna</span> <span class='ocrx_word' id='word_1_156' title='bbox 1119 2543 1164 2617; x_wconf 89' lang='lat' dir='ltr'>de</span> <span class='ocrx_word' id='word_1_157' title='bbox 1181 2571 1221 2619; x_wconf 90' lang='lat' dir='ltr'>re</span> <span class='ocrx_word' id='word_1_158' title='bbox 1240 2546 1285 2618; x_wconf 87' lang='lat' dir='ltr'>ad</span> <span class='ocrx_word' id='word_1_159' title='bbox 1307 2571 1362 2619; x_wconf 90' lang='lat' dir='ltr'>se·</span> 
     </span>
    </p>
   </div>
   <div class='ocr_carea' id='block_1_4' title="bbox 298 2711 1422 4123">
    <p class='ocr_par' dir='ltr' id='par_1_5' title="bbox 298 2711 1422 4123">
     <span class='ocr_line' id='line_1_22' title="bbox 298 2711 1422 2782; baseline -0.001 -15"><span class='ocrx_word' id='word_1_160' title='bbox 298 2711 811 2767; x_wconf 61' lang='lat' dir='ltr'>similitudinemrrmetushibernara-</span> <span class='ocrx_word' id='word_1_161' title='bbox 854 2720 981 2776; x_wconf 88' lang='lat' dir='ltr'>tur‚qnam</span> <span class='ocrx_word' id='word_1_162' title='bbox 990 2730 1087 2779; x_wconf 87' lang='lat' dir='ltr'>quoque</span> <span class='ocrx_word' id='word_1_163' title='bbox 1097 2715 1191 2763; x_wconf 76' lang='lat' dir='ltr'>manem</span> <span class='ocrx_word' id='word_1_164' title='bbox 1199 2715 1287 2780; x_wconf 74' lang='lat' dir='ltr'>arguit,</span> <span class='ocrx_word' id='word_1_165' title='bbox 1295 2716 1364 2782; x_wconf 88' lang='lat' dir='ltr'>quod</span> <span class='ocrx_word' id='word_1_166' title='bbox 1415 2760 1422 2773; x_wconf 80' lang='grc'>,</span> 
     </span>
     <span class='ocr_line' id='line_1_23' title="bbox 299 2792 1336 2859; baseline -0.003 -12"><span class='ocrx_word' id='word_1_167' title='bbox 299 2799 337 2847; x_wconf 89' lang='lat' dir='ltr'>rio</span> <span class='ocrx_word' id='word_1_168' title='bbox 347 2797 478 2845; x_wconf 85' lang='lat' dir='ltr'>secretiore</span> <span class='ocrx_word' id='word_1_169' title='bbox 491 2792 603 2840; x_wconf 85' lang='lat' dir='ltr'>conditae</span> <span class='ocrx_word' id='word_1_170' title='bbox 612 2813 636 2842; x_wconf 71' lang='grc' dir='ltr'>ι.</span> <span class='ocrx_word' id='word_1_171' title='bbox 854 2801 921 2839; x_wconf 85' lang='lat' dir='ltr'>metu</span> <span class='ocrx_word' id='word_1_172' title='bbox 934 2792 1008 2857; x_wconf 82' lang='lat' dir='ltr'>rique</span> <span class='ocrx_word' id='word_1_173' title='bbox 1020 2793 1052 2841; x_wconf 84' lang='lat' dir='ltr'>eit</span> <span class='ocrx_word' id='word_1_174' title='bbox 1064 2795 1220 2859; x_wconf 77' lang='lat' dir='ltr'>Syracusanis</span> <span class='ocrx_word' id='word_1_175' title='bbox 1233 2806 1336 2845; x_wconf 82' lang='lat' dir='ltr'>extorta.</span> 
     </span>
     <span class='ocr_line' id='line_1_24' title="bbox 335 2871 1365 2940; baseline 0.002 -17"><span class='ocrx_word' id='word_1_176' title='bbox 335 2885 361 2933; x_wconf 69' lang='lat' dir='ltr'>a.</span> <span class='ocrx_word' id='word_1_177' title='bbox 375 2877 408 2923; x_wconf 80' lang='lat' dir='ltr'>Ue</span> <span class='ocrx_word' id='word_1_178' title='bbox 421 2872 531 2939; x_wconf 84' lang='lat' dir='ltr'>quisque.</span> <span class='ocrx_word' id='word_1_179' title='bbox 544 2873 566 2920; x_wconf 88' lang='lat' dir='ltr'>Ii</span> <span class='ocrx_word' id='word_1_180' title='bbox 576 2886 659 2920; x_wconf 85' lang='lat' dir='ltr'>omnes</span> <span class='ocrx_word' id='word_1_181' title='bbox 672 2871 762 2935; x_wconf 87' lang='lat' dir='ltr'>quibus</span> <span class='ocrx_word' id='word_1_182' title='bbox 770 2888 811 2920; x_wconf 90' lang='lat' dir='ltr'>re·</span> <span class='ocrx_word' id='word_1_183' title='bbox 891 2871 916 2919; x_wconf 86' lang='grc'>6.</span> <span class='ocrx_word' id='word_1_184' title='bbox 932 2872 981 2935; x_wconf 82' lang='lat' dir='ltr'>Qui</span> <span class='ocrx_word' id='word_1_185' title='bbox 996 2890 1114 2921; x_wconf 75' lang='lat' dir='ltr'>summm</span> <span class='ocrx_word' id='word_1_186' title='bbox 1128 2886 1283 2940; x_wconf 80' lang='lat' dir='ltr'>potestatem.</span> <span class='ocrx_word' id='word_1_187' title='bbox 1297 2877 1365 2925; x_wconf 79' lang='lat' dir='ltr'>tnr-</span> 
     </span>
     <span class='ocr_line' id='line_1_25' title="bbox 300 2947 1366 3021; baseline -0.004 -15"><span class='ocrx_word' id='word_1_188' title='bbox 300 2973 355 3006; x_wconf 89' lang='lat' dir='ltr'>rum</span> <span class='ocrx_word' id='word_1_189' title='bbox 366 2969 489 3003; x_wconf 86' lang='lat' dir='ltr'>sacrarum</span> <span class='ocrx_word' id='word_1_190' title='bbox 509 2950 620 3021; x_wconf 86' lang='lat' dir='ltr'>custodia</span> <span class='ocrx_word' id='word_1_191' title='bbox 642 2950 721 2998; x_wconf 83' lang='lat' dir='ltr'>fuerat</span> <span class='ocrx_word' id='word_1_192' title='bbox 740 2967 812 3000; x_wconf 87' lang='lat' dir='ltr'>eom·</span> <span class='ocrx_word' id='word_1_193' title='bbox 856 2947 932 2998; x_wconf 84' lang='lat' dir='ltr'>ocllue</span> <span class='ocrx_word' id='word_1_194' title='bbox 942 2951 1046 3010; x_wconf 79' lang='lat' dir='ltr'>scilicet,</span> <span class='ocrx_word' id='word_1_195' title='bbox 1055 2969 1128 3017; x_wconf 86' lang='lat' dir='ltr'>quem</span> <span class='ocrx_word' id='word_1_196' title='bbox 1136 2971 1188 3004; x_wconf 89' lang='lat' dir='ltr'>non</span> <span class='ocrx_word' id='word_1_197' title='bbox 1198 2955 1272 3003; x_wconf 83' lang='lat' dir='ltr'>semel</span> <span class='ocrx_word' id='word_1_198' title='bbox 1283 2965 1366 3003; x_wconf 84' lang='lat' dir='ltr'>orator</span> 
     </span>
     <span class='ocr_line' id='line_1_26' title="bbox 300 3028 1366 3097; baseline 0.003 -18"><span class='ocrx_word' id='word_1_199' title='bbox 300 3032 481 3097; x_wconf 75' lang='lat' dir='ltr'>niara,qualee</span> <span class='ocrx_word' id='word_1_200' title='bbox 492 3030 576 3079; x_wconf 76' lang='lat' dir='ltr'>aeditui</span> <span class='ocrx_word' id='word_1_201' title='bbox 585 3038 643 3078; x_wconf 84' lang='lat' dir='ltr'>sunt</span> <span class='ocrx_word' id='word_1_202' title='bbox 653 3039 678 3081; x_wconf 84' lang='lat' dir='ltr'>et</span> <span class='ocrx_word' id='word_1_203' title='bbox 687 3030 814 3090; x_wconf 79' lang='lat' dir='ltr'>custodes,</span> <span class='ocrx_word' id='word_1_204' title='bbox 856 3028 884 3076; x_wconf 85' lang='lat' dir='ltr'>iu</span> <span class='ocrx_word' id='word_1_205' title='bbox 907 3029 953 3077; x_wconf 83' lang='lat' dir='ltr'>lrao</span> <span class='ocrx_word' id='word_1_206' title='bbox 975 3041 1060 3078; x_wconf 82' lang='lat' dir='ltr'>oontn</span> <span class='ocrx_word' id='word_1_207' title='bbox 1081 3034 1184 3081; x_wconf 83' lang='lat' dir='ltr'>Verrem</span> <span class='ocrx_word' id='word_1_208' title='bbox 1210 3035 1366 3084; x_wconf 73' lang='lat' dir='ltr'>accusatione</span> 
     </span>
     <span class='ocr_line' id='line_1_27' title="bbox 299 3107 1044 3178; baseline -0.003 -19"><span class='ocrx_word' id='word_1_209' title='bbox 299 3108 527 3178; x_wconf 74' lang='lat' dir='ltr'>peneripaerautad</span> <span class='ocrx_word' id='word_1_210' title='bbox 536 3109 669 3173; x_wconf 71' lang='lat' dir='ltr'>marginem</span> <span class='ocrx_word' id='word_1_211' title='bbox 677 3108 814 3161; x_wconf 81' lang='lat' dir='ltr'>tabularum</span> <span class='ocrx_word' id='word_1_212' title='bbox 856 3107 944 3172; x_wconf 77' lang='lat' dir='ltr'>pnngit</span> <span class='ocrx_word' id='word_1_213' title='bbox 955 3109 1044 3157; x_wconf 85' lang='lat' dir='ltr'>obiter.</span> 
     </span>
     <span class='ocr_line' id='line_1_28' title="bbox 300 3186 1366 3253; baseline 0 -13"><span class='ocrx_word' id='word_1_214' title='bbox 300 3208 326 3240; x_wconf 86' lang='lat' dir='ltr'>se</span> <span class='ocrx_word' id='word_1_215' title='bbox 339 3206 390 3239; x_wconf 89' lang='lat' dir='ltr'>nou</span> <span class='ocrx_word' id='word_1_216' title='bbox 401 3203 472 3253; x_wconf 83' lang='lat' dir='ltr'>posse</span> <span class='ocrx_word' id='word_1_217' title='bbox 481 3186 600 3234; x_wconf 87' lang='lat' dir='ltr'>rationem</span> <span class='ocrx_word' id='word_1_218' title='bbox 611 3187 722 3235; x_wconf 87' lang='lat' dir='ltr'>omnium</span> <span class='ocrx_word' id='word_1_219' title='bbox 732 3205 814 3237; x_wconf 86' lang='lat' dir='ltr'>rerum</span> <span class='ocrx_word' id='word_1_220' title='bbox 892 3188 981 3237; x_wconf 75' lang='lat' dir='ltr'>mv.</span> <span class='ocrx_word' id='word_1_221' title='bbox 1000 3204 1023 3237; x_wconf 89' lang='lat'>1.</span> <span class='ocrx_word' id='word_1_222' title='bbox 1034 3189 1089 3236; x_wconf 71' lang='lat' dir='ltr'>Hos</span> <span class='ocrx_word' id='word_1_223' title='bbox 1100 3199 1137 3236; x_wconf 81' lang='lat' dir='ltr'>est</span> <span class='ocrx_word' id='word_1_224' title='bbox 1149 3190 1283 3251; x_wconf 82' lang='lat' dir='ltr'>Syracusis.</span> <span class='ocrx_word' id='word_1_225' title='bbox 1301 3189 1366 3239; x_wconf 82' lang='lat' dir='ltr'>Illud</span> 
     </span>
     <span class='ocr_line' id='line_1_29' title="bbox 301 3262 1366 3331; baseline 0.004 -16"><span class='ocrx_word' id='word_1_226' title='bbox 301 3269 438 3319; x_wconf 83' lang='lat' dir='ltr'>divinarum</span> <span class='ocrx_word' id='word_1_227' title='bbox 460 3262 579 3323; x_wconf 87' lang='lat' dir='ltr'>reddere,</span> <span class='ocrx_word' id='word_1_228' title='bbox 598 3282 677 3330; x_wconf 87' lang='lat' dir='ltr'>quum</span> <span class='ocrx_word' id='word_1_229' title='bbox 701 3283 716 3314; x_wconf 87' lang='lat' dir='ltr'>a</span> <span class='ocrx_word' id='word_1_230' title='bbox 737 3270 814 3316; x_wconf 75' lang='lat' dir='ltr'>Verre</span> <span class='ocrx_word' id='word_1_231' title='bbox 858 3266 1066 3327; x_wconf 86' lang='lat' dir='ltr'>oratoradnotat,</span> <span class='ocrx_word' id='word_1_232' title='bbox 1079 3267 1366 3331; x_wconf 71' lang='lat' dir='ltr'>quisaliuaeratllomas</span> 
     </span>
     <span class='ocr_line' id='line_1_30' title="bbox 302 3345 1366 3411; baseline 0.002 -14"><span class='ocrx_word' id='word_1_233' title='bbox 302 3347 388 3397; x_wconf 78' lang='lat' dir='ltr'>ablatae</span> <span class='ocrx_word' id='word_1_234' title='bbox 402 3345 513 3392; x_wconf 79' lang='lat' dir='ltr'>tuissent.</span> <span class='ocrx_word' id='word_1_235' title='bbox 857 3345 920 3394; x_wconf 91' lang='lat' dir='ltr'>ordo</span> <span class='ocrx_word' id='word_1_236' title='bbox 928 3347 1070 3411; x_wconf 76' lang='lat' dir='ltr'>proferendi</span> <span class='ocrx_word' id='word_1_237' title='bbox 1080 3348 1221 3395; x_wconf 70' lang='lat' dir='ltr'>mnteutiam</span> <span class='ocrx_word' id='word_1_238' title='bbox 1234 3349 1259 3397; x_wconf 88' lang='lat' dir='ltr'>in</span> <span class='ocrx_word' id='word_1_239' title='bbox 1271 3358 1366 3400; x_wconf 82' lang='lat' dir='ltr'>senatu.</span> 
     </span>
     <span class='ocr_line' id='line_1_31' title="bbox 339 3421 1367 3489; baseline 0 -14"><span class='ocrx_word' id='word_1_240' title='bbox 339 3426 363 3475; x_wconf 76' lang='lat'>5.</span> <span class='ocrx_word' id='word_1_241' title='bbox 376 3426 414 3473; x_wconf 86' lang='lat' dir='ltr'>De</span> <span class='ocrx_word' id='word_1_242' title='bbox 425 3421 579 3471; x_wconf 73' lang='lat' dir='ltr'>laudasione.</span> <span class='ocrx_word' id='word_1_243' title='bbox 591 3421 731 3471; x_wconf 80' lang='lat' dir='ltr'>Mamertini</span> <span class='ocrx_word' id='word_1_244' title='bbox 744 3424 815 3488; x_wconf 77' lang='lat' dir='ltr'>Syra-</span> <span class='ocrx_word' id='word_1_245' title='bbox 857 3424 921 3473; x_wconf 81' lang='lat' dir='ltr'>Nam</span> <span class='ocrx_word' id='word_1_246' title='bbox 929 3436 985 3489; x_wconf 81' lang='lat' dir='ltr'>poet</span> <span class='ocrx_word' id='word_1_247' title='bbox 994 3424 1129 3477; x_wconf 78' lang='lat' dir='ltr'>consularia</span> <span class='ocrx_word' id='word_1_248' title='bbox 1138 3427 1248 3485; x_wconf 87' lang='lat' dir='ltr'>comitia,</span> <span class='ocrx_word' id='word_1_249' title='bbox 1256 3427 1367 3475; x_wconf 82' lang='lat' dir='ltr'>romulea</span> 
     </span>
     <span class='ocr_line' id='line_1_32' title="bbox 303 3499 1367 3570; baseline 0.002 -19"><span class='ocrx_word' id='word_1_250' title='bbox 303 3505 433 3568; x_wconf 65' lang='lat' dir='ltr'>munique</span> <span class='ocrx_word' id='word_1_251' title='bbox 451 3501 495 3550; x_wconf 88' lang='lat' dir='ltr'>nui</span> <span class='ocrx_word' id='word_1_252' title='bbox 514 3499 677 3549; x_wconf 80' lang='lat' dir='ltr'>laudationem</span> <span class='ocrx_word' id='word_1_253' title='bbox 691 3501 814 3566; x_wconf 87' lang='lat' dir='ltr'>publicam</span> <span class='ocrx_word' id='word_1_254' title='bbox 858 3503 974 3567; x_wconf 73' lang='lat' dir='ltr'>designati</span> <span class='ocrx_word' id='word_1_255' title='bbox 982 3504 1053 3566; x_wconf 87' lang='lat' dir='ltr'>primi</span> <span class='ocrx_word' id='word_1_256' title='bbox 1060 3505 1202 3553; x_wconf 79' lang='lat' dir='ltr'>seutentiam</span> <span class='ocrx_word' id='word_1_257' title='bbox 1209 3506 1367 3570; x_wconf 73' lang='lat' dir='ltr'>rogabantur3</span> 
     </span>
     <span class='ocr_line' id='line_1_33' title="bbox 302 3580 1368 3647; baseline 0 -14"><span class='ocrx_word' id='word_1_258' title='bbox 302 3587 375 3637; x_wconf 84' lang='lat' dir='ltr'>Verri</span> <span class='ocrx_word' id='word_1_259' title='bbox 387 3584 554 3633; x_wconf 75' lang='lat' dir='ltr'>decreverant.</span> <span class='ocrx_word' id='word_1_260' title='bbox 571 3580 663 3643; x_wconf 83' lang='lat' dir='ltr'>Saepius</span> <span class='ocrx_word' id='word_1_261' title='bbox 677 3591 761 3629; x_wconf 84' lang='lat' dir='ltr'>orator</span> <span class='ocrx_word' id='word_1_262' title='bbox 773 3582 816 3630; x_wconf 91' lang='lat' dir='ltr'>de·</span> <span class='ocrx_word' id='word_1_263' title='bbox 858 3591 882 3628; x_wconf 84' lang='lat' dir='ltr'>et</span> <span class='ocrx_word' id='word_1_264' title='bbox 892 3596 975 3628; x_wconf 91' lang='lat' dir='ltr'>eorum</span> <span class='ocrx_word' id='word_1_265' title='bbox 984 3581 1005 3627; x_wconf 89' lang='lat' dir='ltr'>is</span> <span class='ocrx_word' id='word_1_266' title='bbox 1012 3581 1139 3647; x_wconf 74' lang='lat' dir='ltr'>prior-,qui</span> <span class='ocrx_word' id='word_1_267' title='bbox 1151 3584 1233 3647; x_wconf 85' lang='lat' dir='ltr'>priore</span> <span class='ocrx_word' id='word_1_268' title='bbox 1241 3585 1298 3633; x_wconf 85' lang='lat' dir='ltr'>loeo</span> <span class='ocrx_word' id='word_1_269' title='bbox 1306 3593 1368 3632; x_wconf 85' lang='lat' dir='ltr'>esset</span> 
     </span>
     <span class='ocr_line' id='line_1_34' title="bbox 303 3658 1370 3728; baseline -0.005 -10"><span class='ocrx_word' id='word_1_270' title='bbox 303 3664 458 3719; x_wconf 82' lang='lat' dir='ltr'>monstrarit,</span> <span class='ocrx_word' id='word_1_271' title='bbox 472 3677 546 3724; x_wconf 86' lang='lat' dir='ltr'>quam</span> <span class='ocrx_word' id='word_1_272' title='bbox 567 3658 635 3723; x_wconf 84' lang='lat' dir='ltr'>parvi</span> <span class='ocrx_word' id='word_1_273' title='bbox 654 3660 686 3708; x_wconf 86' lang='lat' dir='ltr'>ait</span> <span class='ocrx_word' id='word_1_274' title='bbox 700 3661 815 3724; x_wconf 78' lang='lat' dir='ltr'>ponderis</span> <span class='ocrx_word' id='word_1_275' title='bbox 859 3658 1000 3710; x_wconf 80' lang='lat' dir='ltr'>declaratus.</span> <span class='ocrx_word' id='word_1_276' title='bbox 1011 3663 1077 3710; x_wconf 76' lang='lat' dir='ltr'>Ante</span> <span class='ocrx_word' id='word_1_277' title='bbox 1090 3663 1203 3725; x_wconf 85' lang='lat' dir='ltr'>comitia,</span> <span class='ocrx_word' id='word_1_278' title='bbox 1212 3665 1233 3710; x_wconf 84' lang='lat' dir='ltr'>ie</span> <span class='ocrx_word' id='word_1_279' title='bbox 1243 3665 1370 3728; x_wconf 76' lang='lat' dir='ltr'>quieseu-</span> 
     </span>
     <span class='ocr_line' id='line_1_35' title="bbox 303 3736 1369 3805; baseline -0.004 -9"><span class='ocrx_word' id='word_1_280' title='bbox 303 3750 329 3796; x_wconf 90' lang='lat' dir='ltr'>in</span> <span class='ocrx_word' id='word_1_281' title='bbox 340 3755 405 3795; x_wconf 85' lang='lat' dir='ltr'>tanta</span> <span class='ocrx_word' id='word_1_282' title='bbox 424 3758 449 3789; x_wconf 93' lang='lat' dir='ltr'>re</span> <span class='ocrx_word' id='word_1_283' title='bbox 468 3739 674 3788; x_wconf 79' lang='lat' dir='ltr'>Mamertinorum</span> <span class='ocrx_word' id='word_1_284' title='bbox 690 3737 815 3800; x_wconf 87' lang='lat' dir='ltr'>laudatio,</span> <span class='ocrx_word' id='word_1_285' title='bbox 859 3736 953 3785; x_wconf 74' lang='lat' dir='ltr'>toribus</span> <span class='ocrx_word' id='word_1_286' title='bbox 965 3739 1080 3805; x_wconf 79' lang='lat' dir='ltr'>princepe</span> <span class='ocrx_word' id='word_1_287' title='bbox 1097 3753 1195 3790; x_wconf 80' lang='lat' dir='ltr'>senatus</span> <span class='ocrx_word' id='word_1_288' title='bbox 1213 3742 1290 3791; x_wconf 82' lang='lat' dir='ltr'>leetua</span> <span class='ocrx_word' id='word_1_289' title='bbox 1303 3753 1369 3802; x_wconf 81' lang='lat' dir='ltr'>erat3</span> 
     </span>
     <span class='ocr_line' id='line_1_36' title="bbox 302 3815 1370 3889; baseline -0.002 -16"><span class='ocrx_word' id='word_1_290' title='bbox 302 3826 346 3889; x_wconf 88' lang='lat' dir='ltr'>qui</span> <span class='ocrx_word' id='word_1_291' title='bbox 356 3819 589 3872; x_wconf 79' lang='lat' dir='ltr'>furtorumomnium</span> <span class='ocrx_word' id='word_1_292' title='bbox 596 3829 640 3867; x_wconf 87' lang='lat' dir='ltr'>aut</span> <span class='ocrx_word' id='word_1_293' title='bbox 648 3818 763 3880; x_wconf 86' lang='lat' dir='ltr'>ministri,</span> <span class='ocrx_word' id='word_1_294' title='bbox 774 3831 817 3869; x_wconf 89' lang='lat' dir='ltr'>aut</span> <span class='ocrx_word' id='word_1_295' title='bbox 858 3815 976 3866; x_wconf 85' lang='lat' dir='ltr'>iideinde</span> <span class='ocrx_word' id='word_1_296' title='bbox 996 3835 1060 3883; x_wconf 87' lang='lat' dir='ltr'>quoa</span> <span class='ocrx_word' id='word_1_297' title='bbox 1081 3836 1166 3885; x_wconf 70' lang='lat' dir='ltr'>rogare</span> <span class='ocrx_word' id='word_1_298' title='bbox 1179 3821 1318 3871; x_wconf 82' lang='lat' dir='ltr'>consulibus</span> <span class='ocrx_word' id='word_1_299' title='bbox 1331 3822 1370 3870; x_wconf 83' lang='lat' dir='ltr'>vi·</span> 
     </span>
     <span class='ocr_line' id='line_1_37' title="bbox 303 3896 1368 3967; baseline -0.002 -17"><span class='ocrx_word' id='word_1_300' title='bbox 303 3903 446 3967; x_wconf 82' lang='lat' dir='ltr'>participes,</span> <span class='ocrx_word' id='word_1_301' title='bbox 467 3915 495 3947; x_wconf 88' lang='lat' dir='ltr'>ea</span> <span class='ocrx_word' id='word_1_302' title='bbox 507 3899 619 3948; x_wconf 84' lang='lat' dir='ltr'>laudibus</span> <span class='ocrx_word' id='word_1_303' title='bbox 632 3899 683 3947; x_wconf 88' lang='lat' dir='ltr'>suis</span> <span class='ocrx_word' id='word_1_304' title='bbox 694 3899 757 3947; x_wconf 81' lang='lat' dir='ltr'>furta</span> <span class='ocrx_word' id='word_1_305' title='bbox 777 3914 817 3947; x_wconf 86' lang='lat' dir='ltr'>oe·</span> <span class='ocrx_word' id='word_1_306' title='bbox 859 3896 973 3956; x_wconf 87' lang='lat' dir='ltr'>debatur,</span> <span class='ocrx_word' id='word_1_307' title='bbox 985 3898 1019 3946; x_wconf 86' lang='lat' dir='ltr'>ita</span> <span class='ocrx_word' id='word_1_308' title='bbox 1038 3909 1128 3957; x_wconf 87' lang='lat' dir='ltr'>tamen,</span> <span class='ocrx_word' id='word_1_309' title='bbox 1139 3911 1167 3949; x_wconf 89' lang='lat' dir='ltr'>ut</span> <span class='ocrx_word' id='word_1_310' title='bbox 1183 3916 1215 3948; x_wconf 88' lang='lat' dir='ltr'>ue</span> <span class='ocrx_word' id='word_1_311' title='bbox 1228 3900 1368 3965; x_wconf 78' lang='lat' dir='ltr'>praetorium</span> 
     </span>
     <span class='ocr_line' id='line_1_38' title="bbox 301 3975 1369 4044; baseline -0.001 -16"><span class='ocrx_word' id='word_1_312' title='bbox 301 3980 503 4041; x_wconf 81' lang='lat' dir='ltr'>lebrabant‚quae</span> <span class='ocrx_word' id='word_1_313' title='bbox 509 3979 557 4043; x_wconf 81' lang='lat' dir='ltr'>ipsi</span> <span class='ocrx_word' id='word_1_314' title='bbox 566 3980 735 4041; x_wconf 80' lang='lat' dir='ltr'>patraviseent.</span> <span class='ocrx_word' id='word_1_315' title='bbox 741 3977 816 4024; x_wconf 85' lang='lat' dir='ltr'>Nune</span> <span class='ocrx_word' id='word_1_316' title='bbox 859 3975 994 4034; x_wconf 76' lang='lat' dir='ltr'>consulari,</span> <span class='ocrx_word' id='word_1_317' title='bbox 1009 3976 1138 4027; x_wconf 73' lang='lat' dir='ltr'>aedilitium</span> <span class='ocrx_word' id='word_1_318' title='bbox 1149 3981 1279 4044; x_wconf 63' lang='lat' dir='ltr'>penurie,</span> <span class='ocrx_word' id='word_1_319' title='bbox 1289 3978 1369 4027; x_wconf 87' lang='lat' dir='ltr'>tribu·</span> 
     </span>
     <span class='ocr_line' id='line_1_39' title="bbox 298 4053 1370 4123; baseline -0.002 -16"><span class='ocrx_word' id='word_1_320' title='bbox 298 4062 503 4122; x_wconf 74' lang='lat' dir='ltr'>Syracusanorum</span> <span class='ocrx_word' id='word_1_321' title='bbox 518 4057 681 4105; x_wconf 85' lang='lat' dir='ltr'>laudationem</span> <span class='ocrx_word' id='word_1_322' title='bbox 700 4053 814 4118; x_wconf 71' lang='lat' dir='ltr'>aggredi·</span> <span class='ocrx_word' id='word_1_323' title='bbox 859 4054 946 4103; x_wconf 86' lang='lat' dir='ltr'>uitium</span> <span class='ocrx_word' id='word_1_324' title='bbox 953 4056 1054 4105; x_wconf 77' lang='lat' dir='ltr'>aedilitio</span> <span class='ocrx_word' id='word_1_325' title='bbox 1061 4060 1370 4123; x_wconf 73' lang='lat' dir='ltr'>anteferrentluaugnrom</span> 
     </span>
    </p>
   </div>
   <div class='ocr_carea' id='block_1_5' title="bbox 0 0 1612 4772">
    <p class='ocr_par' dir='ltr' id='par_1_6' title="bbox 0 0 1612 4772">
     <span class='ocr_line' id='line_1_40' title="bbox 0 0 1612 4772; baseline 0 0"><span class='ocrx_word' id='word_1_326' title='bbox 0 0 1612 4772; x_wconf 95' lang='lat' dir='ltr'> </span> 
     </span>
    </p>
   </div>
  </div>
 </body>
</html>
