3200 4768
283 408 350 477 190
429 384 664 453 EXCURSUS
688 386 749 451 DE
773 386 832 452 RE
857 387 1190 456 FRUMENTARIA.

277 507 378 595 magis
393 503 435 569 ad
451 506 680 592 imperatorum
701 529 799 593 quam
819 505 861 570 ad
879 507 1062 595 reipublice
1078 524 1224 596 tempora
1237 510 1336 596 perti·

278 625 377 689 nent,
394 606 588 695 supersedeo
607 606 647 670 de
664 630 702 671 ea
717 630 753 671 re
769 607 861 695 plura
876 607 974 696 loqui

320 715 370 776 De
393 712 564 776 medimnis
586 727 620 775 et
643 710 761 775 modiis
784 713 927 775 romania
950 734 1090 798 quorum
1111 712 1234 775 mentio
1254 735 1337 800 saepe

276 819 337 882 hae
348 820 383 881 in
397 816 616 907 disputatione
631 817 714 881 facta
728 834 794 899 est,
814 817 954 883 diximus
968 833 1041 906 post
1053 834 1282 906 argumentum
1296 816 1337 882 ad

276 925 395 987 librum
411 925 542 987 tertium
560 924 594 985 in
610 923 701 986 Verr.

318 1029 443 1093 Addam
465 1027 630 1093 coronidis
652 1029 741 1110 vioe,
762 1030 949 1119 largitiones
970 1051 1038 1092 non
1053 1026 1152 1091 modo
1170 1050 1228 1115 per
1246 1049 1338 1091 sena·

275 1151 347 1197 tum
369 1149 427 1198 aut
450 1133 674 1222 magistratus,
692 1133 750 1198 sed
767 1157 826 1222 per
844 1135 984 1223 privatos
1000 1134 1095 1196 etiam
1113 1131 1260 1196 homines
1277 1133 1336 1195 ali·

274 1239 427 1327 quando,
448 1240 623 1327 presertim
645 1256 858 1321 testamento,
876 1242 974 1305 factas
994 1239 1111 1302 fuisse:
1126 1254 1163 1302 ut
1183 1237 1335 1324 suspicari

274 1344 350 1408 lioet
369 1367 409 1408 ex
427 1344 582 1425 Horatio,
599 1344 665 1409 Sat„
679 1347 728 1426 11,
746 1345 780 1426 3,
798 1345 841 1425 84
855 1362 888 1409 et
903 1367 993 1432 seqq.
1012 1366 1119 1431 neque
1136 1344 1337 1407 frumentum

276 1450 403 1529 solum,
425 1447 481 1512 sed
502 1466 535 1513 et
557 1449 667 1513 oleum
687 1451 783 1514 etiam
804 1452 927 1539 populo
942 1448 1115 1514 'donatum
1138 1448 1339 1512 Memoratnr

276 1554 423 1618 Ciceroni
438 1552 478 1618 de
498 1556 567 1619 Off.
585 1557 638 1636 11,
665 1579 733 1645 cap.
760 1580 810 1644 17,
829 1557 874 1621 M.
896 1556 988 1621 Seius
1002 1554 1101 1619 edilis
1114 1555 1235 1619 eurulis
1251 1578 1338 1619 anno

275 1659 356 1722 Urb.
378 1659 461 1746 679,
480 1660 555 1747 qui,
573 1659 614 1725 ad
634 1662 810 1726 ineundam
830 1686 849 1726 a
867 1661 989 1751 populo
1009 1661 1158 1749 gratiam,
1178 1660 1341 1725 revocavit

275 1765 375 1851 longo
393 1764 559 1829 intervallo
580 1783 721 1831 veterem
740 1791 878 1833 annonae
896 1767 1050 1831 vilitatem
1067 1763 1108 1827 de
1125 1787 1204 1843 su03
1223 1782 1256 1829 et
1271 1787 1340 1829 asse

277 1868 424 1933 modium
438 1871 561 1958 populo
574 1869 674 1936 dedit
693 1871 785 1937 Idem
796 1874 849 1937 ille
860 1874 905 1938 Μ.
919 1872 1008 1936 Seius
1020 1869 1083 1933 olei
1094 1892 1229 1956 quoque
1240 1869 1339 1934 denas
1423 1921 1427 1927 .

277 1974 392 2056 libras,
412 1997 481 2039 rem
503 1976 567 2039 hoo
589 1998 657 2040 evo
679 2000 781 2067 prope
803 1977 1040 2055 incredibilem,
1060 1973 1194 2061 singulis
1214 1975 1338 2041 assibus

276 2082 422 2166 praestitit
435 2082 559 2171 populo
574 2105 730 2166 romano,
748 2107 807 2173 per
818 2102 925 2150 totum
936 2101 1071 2147 annum.
1085 2078 1167 2141 Plin.
1180 2080 1253 2159 XV,
1265 2081 1292 2143 l.

626 2208 631 2215 ·
755 2208 758 2211 ·
1017 2188 1227 2249 Dwinnnrs.
