3054 4772
369 417 557 488 orario
580 418 685 487 ruo
709 414 769 487 Μ’.
795 416 1032 489 rourum.
1161 382 1244 489 653'

168 537 426 614 existimandus
439 553 509 627 est,
527 537 622 636 quid
633 537 722 609 mihi
739 562 833 636 opus
849 555 903 609 est
917 538 1079 635 sapiente
1089 536 1235 633 judice?

167 651 258 751 quid
270 674 375 748 aequo
389 648 697 747 quaesitoreiquid
706 663 849 719 oratore
861 672 936 718 non
948 646 1086 719 stulto?
1097 648 1235 720 Dicunt

168 765 267 835 enim
291 762 383 835 Galli
395 761 421 831 ³.
442 764 579 858 Negare
596 784 672 830 non
687 782 891 857 possumus.
914 758 980 828 Hic
996 760 1026 829 si
1037 759 1234 856 ingeniosi,

168 887 206 944 et
224 872 346 970 periti,
367 884 404 940 et
423 870 517 967 oequi
532 867 665 964 judicis
685 866 749 939 has
768 882 887 965 partes
907 890 984 938 esse
1005 867 1236 956 existimatis,

169 996 228 1068 ut,
249 982 423 1079 quoniam
445 977 594 1078 quidem
614 991 724 1050 testes
742 976 888 1064 dicunt,
910 978 987 1048 sine
1001 976 1074 1049 ulla
1091 976 1238 1049 dubita·

168 1093 267 1162 tione
291 1088 515 1162 credendum
534 1091 599 1179 sit3
625 1088 727 1160 Salus
755 1082 870 1185 ip'sat
900 1088 1060 1159 virorum
1086 1086 1237 1159 sortium

166 1202 412 1272 innocentiam
425 1199 519 1272 tueri
535 1223 610 1269 non
624 1210 744 1296 potest
759 1222 767 1265 ι
788 1198 844 1267 sin
858 1208 978 1267 autem
999 1197 1037 1267 in
1054 1195 1165 1270 rebus
1175 1198 1235 1293 ju-

168 1309 329 1382 dicandis
345 1333 419 1379 non
435 1310 620 1381 minimam
633 1322 774 1406 partem
790 1305 834 1378 ad
850 1330 1236 1404 unamquamquerem

167 1417 773 1514 mstimandam,momentoquesno
788 1415 1080 1515 ponderandam,
1094 1419 1236 1515 sapien·

169 1535 218 1602 tia
249 1529 380 1626 judicis
411 1526 556 1616 tenet⁵,
585 1552 639 1598 nae
671 1527 787 1599 multo
817 1542 943 1600 vestrae
970 1528 1124 1623 majores
1156 1553 1237 1626 gra·

169 1640 358 1739 vioresque
386 1653 506 1738 partes
539 1634 659 1710 sunt6
691 1637 736 1708 ad
764 1636 1020 1734 cogitandum,
1051 1662 1160 1737 quam
1191 1638 1237 1711 ad

171 1749 366 1821 dicendum
383 1770 482 1820 meae.
502 1747 592 1818 Mihi
613 1746 708 1818 enim
732 1769 876 1844 semper
895 1772 1114 1846 unaquaque
1134 1747 1238 1822 dere

170 1860 271 1931 testis
290 1884 364 1929 non
383 1857 501 1930 solum
521 1855 651 1945 semel,
668 1880 796 1927 verum
815 1856 923 1927 etiam
945 1855 1104 1929 breviter
1123 1861 1236 1930 inter·

170 1966 354 2064 rogandus
364 1977 398 2055 ⁷,
419 1980 455 2038 et
470 1991 563 2065 saepe
579 1969 687 2039 etiam
706 1988 784 2036 non
799 1964 1097 2062 interrogandus3
1112 1993 1159 2041 ne
1175 1983 1239 2040 aut

170 2080 261 2149 irato
281 2076 432 2169 facultas
449 2076 494 2148 ad
517 2075 713 2148 dicendum
729 2075 832 2162 data,
850 2089 913 2146 aut
931 2071 1092 2173 cupido⁸
1111 2094 1238 2151 aucto·

170 2193 257 2260 ritas
277 2187 451 2260 attributa
469 2211 546 2260 esse
571 2186 746 2257 videatur.
774 2190 849 2256 Vos
867 2199 904 2256 et
921 2187 1050 2282 saepius
1072 2185 1236 2260 eamdem

170 2323 246 2370 rem
263 2300 389 2371 animis
403 2299 555 2396 agitare,
574 2311 611 2367 et
629 2294 765 2366 diutius
785 2306 891 2366 uno⁹
911 2294 956 2366 de
975 2309 1065 2366 teste
1080 2299 1237 2393 cogitare

170 2411 341 2507 potestis,
374 2422 429 2498 et,
454 2408 484 2478 si
505 2429 615 2504 quem
639 2430 707 2477 nos
729 2407 951 2502 interrogare
984 2406 1237 2497 noluimus¹⁰,

169 2543 252 2616 quae
271 2542 377 2590 causa
400 2517 506 2588 nobis
523 2514 666 2589 tacendi
690 2514 822 2605 suerit,
848 2517 1054 2587 existimare
1081 2516 1233 2591 debetis.

170 2627 438 2721 Quamobrem,
461 2627 490 2699 si
513 2626 585 2698 hoc
609 2624 724 2722 judici
751 2626 1040 2723 praescriptum¹¹
1068 2626 1147 2724 lege
1174 2643 1238 2699 aut

171 2736 292 2809 officio
313 2740 464 2834 putatis,
484 2734 637 2809 testibus
657 2733 804 2807 credere
825 2762 833 2805 :
857 2734 948 2805 nihil
967 2749 1039 2824 est,
1065 2761 1132 2807 cur
1146 2737 1237 2810 alius

171 2848 240 2920 alio
258 2846 380 2943 judice
406 2847 533 2920 melior
552 2860 616 2917 aut
638 2845 836 2943 sapientior
855 2846 1090 2916 existimetur.
1112 2849 1236 2918 Unum

207 3039 231 3085 3.
245 3032 409 3083 Dicnntenim
419 3032 679 3083 GalliSedtamenite
757 3031 782 3078 6.
791 3028 874 3079 lamb.
884 3027 1075 3089 etaliimidete,
1084 3046 1145 3080 ne...
1150 3043 1236 3098 partes

169 3127 305 3179 aquantur
323 3113 386 3163 Gelli
397 3127 405 3163 a
415 3112 522 3175 objectio
540 3123 589 3173 eet,
610 3112 679 3174 eujus
722 3106 780 3157 sint.
791 3110 816 3157 J.
825 3111 857 3157 V.
870 3110 898 3157 L.

170 3195 281 3258 proxime
297 3194 407 3256 eeqnitnr
419 3193 520 3240 solutio.
760 3203 784 3249 7.
798 3186 999 3252 Interrogaudus.
1007 3188 1090 3237 Teetee
1099 3200 1125 3238 et
1135 3190 1167 3238 eb
1174 3191 1236 3257 ipeie

207 3282 232 3331 t.
240 3273 311 3320 Salus
320 3272 381 3336 ipsu⁸
392 3271 540 3335 Intelligitur
548 3270 593 3318 dee
603 3270 681 3330 selue,
723 3266 904 3315 eoeneetoribue
917 3277 942 3315 et
954 3282 968 3313 e
980 3266 1148 3321 defensoribus
1159 3270 1235 3320 inter·

170 3352 239 3417 qnod
250 3350 311 3399 vidit
320 3353 431 3400 nouom.
439 3351 482 3416 qui
492 3359 549 3413 epte
556 3364 682 3414 eompm-
724 3346 805 3410 mgari
812 3346 907 3406 solitos,
912 3346 1235 3411 rerieeimeeutemejudiee,

171 3433 207 3479 vit
222 3430 394 3478 Terentianum
411 3428 474 3477 ittud
489 3428 615 3495 (Adelph.
630 3431 680 3488 IV,
724 3436 846 3473 uotumex
859 3426 960 3473 Asconii
970 3428 1235 3479 communitatem.

172 3529 196 3574 7,
205 3508 268 3570 43),
279 3507 680 3574 «ipee,eicupiet8eius,eervere
722 3503 755 3552 ed
768 3504 826 3552 mle.
837 3505 909 3569 prim.
918 3504 1121 3557 volumlixenre.
1131 3506 1237 3570 deindi-

169 3604 270 3655 promae
287 3602 339 3635 non
358 3596 439 3651 potest
458 3586 524 3635 hane
539 3586 680 3636 familiana.
724 3583 769 3631 eiie
781 3583 895 3647 publicis.

168 3670 255 3729 Etjem
263 3666 329 3714 illem
337 3664 454 3729 loquendi
462 3665 680 3725 sormulem,Verr.
759 3659 785 3710 8.
796 3661 894 3726 Cupido.
907 3663 946 3711 Ne
957 3662 1080 3722 hominia,
1094 3662 1154 3712 odio
1167 3668 1236 3715 etire

168 3749 220 3805 111,
234 3748 277 3809 57,
292 3745 471 3794 adnotavimus.
723 3740 847 3802 irretineti,
861 3741 1001 3790 testimonio
1013 3740 1112 3806 pondua
1122 3742 1234 3795 addatur.

205 3826 232 3875 5.
244 3828 302 3874 Non
315 3818 440 3872 minimam
446 3821 680 3888 partem...sapient.
760 3835 787 3882 9.
805 3819 868 3877 Alii,
880 3836 1032 3885 unoquoque.
1043 3822 1059 3868 J
1062 3855 1068 3868 .
1080 3824 1110 3871 V.
1119 3824 1147 3871 L.

165 3904 245 3969 judic.
256 3916 326 3954 tenet,
337 3907 412 3952 Recte
420 3903 519 3951 verbnm
527 3912 603 3962 unet,
613 3901 682 3966 qnod
763 3912 802 3947 ιο.
816 3898 880 3959 Alii,
892 3898 1012 3947 nolumus.
1025 3900 1042 3948 J
1045 3935 1051 3948 .
1060 3902 1092 3947 V.
1101 3901 1131 3950 L.

170 3983 283 4032 facillime
298 3983 447 4048 explicetur,
461 3981 571 4031 defendit
582 3982 679 4032 Emeet.
763 3992 804 4026 11.
816 3976 844 4024 si
860 3977 921 4037 hoc,
934 3978 1045 4043 judices,
1062 3979 1237 4045 praecriptam.

171 4074 255 4111 eontra
265 4062 348 4112 lamb.
360 4064 401 4111 cui
411 4061 537 4127 piaeebet,
549 4060 679 4120 «conten,
724 4059 783 4106 Duo
794 4057 877 4105 ultime
886 4059 936 4120 jam
950 4075 964 4108 e
976 4059 1120 4110 eoduma
1131 4065 1236 4111 Faernus

171 4159 192 4191 e.
203 4142 267 4191 velet
273 4158 312 4205 ,e.
321 4141 452 4208 pertinet».
725 4146 829 4189 erueret.
841 4138 943 4189 J.v.1..
