3142 4774
356 414 410 483 ΙΝ
434 416 644 483 VERREM
669 415 774 483 ACT.
796 415 854 498 ΙΙ,
878 414 927 481 LI
940 415 976 479 B.
995 414 1069 479 Ill.
1200 407 1243 506 57

188 551 359 636 praetorc,
375 536 588 633 pervaserit:
606 533 733 605 videtis
746 531 904 629 pendere
918 532 1027 603 alios⁷
1044 557 1088 603 ex
1101 531 1246 613 arbore;

187 646 322 745 pulsari
348 660 467 716 autem
491 643 578 715 alios
604 659 638 714 et
660 641 862 729 verberari;
888 664 998 738 porro
1016 641 1157 712 aliosin
1178 663 1248 736 pu-

187 756 286 828 blico
301 752 489 840 custodiri;
504 753 649 825 destitui
663 753 750 823 alios
766 753 801 821 in
817 753 1001 838 convivio;
1018 749 1249 823 condemnari

149 902 152 906 *
191 866 279 936 alios
299 890 318 935 a
336 863 477 935 medico
500 878 536 934 et
559 887 722 961 praeconc
741 848 923 960 praeloris;
943 860 1041 933 bona
1058 876 1178 932 tamen
1195 861 1252 928 in-

193 991 289 1047 terea
308 975 546 1065 nihilominus
564 992 690 1045 eorum
709 972 872 1043 omnium
889 996 933 1042 ex
952 971 1046 1068 agris
1064 969 1196 1041 auferri
1214 991 1254 1038 ac

193 1086 310 1184 diripi.
331 1084 430 1175 Quid
447 1100 501 1156 est
518 1083 613 1154 hoc?
629 1084 755 1182 populi
772 1082 912 1153 romani
933 1084 1123 1178 imperium
1134 1074 1171 1149 ⁸?
1188 1103 1255 1175 po·

193 1196 270 1293 puli
293 1194 435 1266 romani
464 1192 578 1292 leges?
600 1193 757 1289 judicia?
785 1193 873 1263 socii
897 1189 1045 1261 fideles?
1071 1190 1256 1288 provincia

194 1303 428 1376 suburbana?
442 1306 572 1374 Nonne
582 1306 709 1377 ,omnia
722 1306 843 1400 potius
856 1299 1033 1397 ejusmodi
1045 1314 1145 1385 sunt,
1160 1323 1256 1395 quae,

193 1415 224 1485 si
243 1409 400 1485 Athenio
417 1414 557 1483 vicisset
567 1425 595 1495 9,
617 1414 654 1483 in
677 1411 793 1485 Sicilia
809 1437 884 1481 non
903 1408 1066 1481 fecisset?
1086 1413 1189 1496 Non,
1205 1411 1259 1478 in·

195 1546 304 1619 quam
315 1577 325 1608 ‚
338 1521 496 1617 judices,
511 1536 604 1593 esset
617 1521 729 1592 ullam
747 1534 883 1618 partem
903 1521 1003 1591 istius
1020 1520 1188 1617 nequitiae
1204 1515 1259 1588 fu·

196 1633 391 1728 gitivorum
408 1631 599 1701 insolentia
617 1643 850 1726 consequuta.

245 1744 388 1811 XXVII.
417 1740 586 1811 Privatim
615 1738 686 1810 hoc
711 1737 847 1809 modo:
870 1737 983 1835 quid?
1006 1736 1151 1835 publice
1175 1737 1259 1807 civi·

197 1865 287 1922 tates
301 1846 608 1947 quemadmodum
625 1862 781 1919 tractatae
795 1849 903 1918 sunt?
921 1845 1261 1944 audistispermulta

196 1960 326 2031 indicia
338 1973 375 2029 et
383 1961 585 2030 testimonia
598 1959 799 2043 civitatum,
812 1973 849 2028 et
858 1956 1081 2054 reliquarum
1093 1956 1257 2057 audietis.

197 2073 247 2141 Ac
271 2069 430 2166 primum
455 2067 501 2140 de
524 2069 735 2167 Agyrinensi
756 2068 916 2165 populo,
941 2065 1038 2138 fideli
1058 2081 1094 2137 et
1111 2066 1260 2150 illustri,
1289 2104 1292 2112 =

198 2177 357 2250 breviter
374 2181 589 2275 cognoscite.
607 2178 837 2275 Agyrinensis
851 2191 906 2248 est
920 2178 957 2245 in
972 2177 1097 2274 primis
1110 2176 1263 2249 honesta

200 2290 321 2357 civitas
341 2286 483 2375 Siciliae,
506 2285 697 2358 hominum
720 2301 803 2356 ante
827 2285 927 2356 hunc
953 2299 1144 2383 praetorem
1163 2286 1262 2357 locu-

199 2397 350 2494 pletium
369 2418 668 2494 summorumque
686 2410 879 2468 aratorum.
899 2395 984 2491 Ejus
1001 2398 1075 2494 agri
1093 2395 1263 2468 decumas

199 2530 316 2602 quum
336 2509 500 2576 emisset¹
525 2505 621 2577 idem
646 2494 850 2603 Apronium
871 2509 1044 2605 Agyrium
1067 2509 1176 2581 venit.
1191 2509 1262 2596 Qui

200 2641 316 2713 quum
333 2641 376 2687 eo
392 2602 473 2687 cuin
490 2615 772 2713 apparitoribus,
792 2615 830 2686 id
848 2630 920 2697 est,
941 2639 1025 2687 cum
1046 2618 1152 2686 minis
1170 2639 1210 2686 ac
1229 2619 1260 2683 vi

201 2727 375 2809 venisset,
394 2748 543 2823 poscere
566 2730 757 2824 pecuniam
778 2723 949 2822 grandem
974 2727 1104 2821 coepit,
1124 2739 1182 2809 ut,
1204 2747 1263 2795 ac·

204 2850 310 2932 cepto
332 2835 470 2919 lucro²‚
489 2834 711 2907 discederet:
731 2836 828 2907 nolle
851 2860 888 2906 se
910 2835 1046 2931 negotii
1066 2833 1264 2933 quidquam

45 3018 61 3061 ι,
95 2986 103 3001 =
204 2941 340 3014 habere
356 2944 518 3030 dicebat,
540 2947 623 3033 sed,
640 2961 785 3044 accepta
800 2947 972 3042 pecunia,
986 2946 1265 3041 quamprimum

242 3196 267 3237 7.
281 3178 391 3227 Pendere
408 3178 481 3227 alios.
504 3180 582 3243 Supra
602 3196 655 3245 cap.
669 3183 712 3229 23.
756 3196 869 3244 agrorum
889 3180 1001 3228 decumas
1021 3180 1099 3243 plurIs
1116 3180 1266 3228 licitautilsus

208 3257 339 3308 cusanam.
353 3260 414 3321 cap.
425 3267 470 3315 st.
485 3259 595 3306 uestitus.
609 3259 712 3307 Lollium
756 3259 884 3309 vendebat.
904 3261 989 3307 Emere
1008 3259 1189 3324 quamplurimo
1207 3261 1267 3310 sole·

205 3338 331 3402 intelligit,
339 3339 383 3388 25.
395 3337 567 3386 condemnari.
582 3339 643 3404 Cap.
655 3354 696 3387 ar.
756 3339 799 3387 bst
808 3339 949 3403 Apronius,
962 3338 1032 3402 quod
1044 3350 1163 3402 qnantum
1177 3339 1265 3393 vellet,

242 3420 267 3466 8.
279 3417 418 3483 Imperium.
432 3421 502 3466 Anne
519 3429 555 3466 est
571 3418 620 3468 hoc
637 3418 713 3482 impe·
756 3417 932 3466 abactoribus
941 3418 979 3475 vi,
991 3428 1034 3466 aut
1043 3418 1115 3465 minis
1126 3419 1241 3467 auferret.

206 3497 269 3545 dum
278 3498 366 3562 populi
375 3497 486 3546 romani?
503 3499 598 3546 Siccine
611 3498 677 3561 leges
690 3509 714 3545 et
795 3513 820 3544 a.
832 3498 939 3559 Accepto
950 3496 1026 3544 latero.
1036 3499 1103 3545 Loco
1114 3497 1269 3546 decumarum

203 3575 296 3635 judicia
307 3577 451 3625 servantur?
461 3578 500 3624 Sic
511 3587 645 3629 tractantur
656 3576 717 3624 socii
761 3577 792 3624 ab
808 3577 842 3623 eis
855 3576 966 3641 pecuniae
975 3592 1092 3624 sommam
1103 3576 1217 3639 grandem
1226 3592 1270 3638 pe*

206 3651 301 3715 fideles,
312 3655 439 3720 provincia
453 3656 532 3703 vicina
544 3668 569 3703 et
580 3659 650 3719 qussi
663 3657 718 3705 sub-
761 3656 829 3714 tivit,
838 3666 867 3702 nt
876 3654 934 3701 inde
946 3655 1054 3703 lucratus
1063 3656 1089 3703 in
1102 3656 1172 3702 aliam
1186 3652 1271 3701 urbem

205 3732 317 3780 urbana?
761 3744 879 3798 pergeret.
893 3739 998 3783 Lucrum
1006 3768 1014 3793 ‚
1022 3746 1050 3783 ut
1063 3734 1126 3780 infra
1139 3730 1274 3791 constabit,

242 3829 270 3875 9.
284 3812 310 3858 Si
322 3810 429 3859 Athenio
447 3811 552 3859 uicisset.
570 3811 648 3861 Addit
661 3825 718 3877 post
762 3814 871 3877 pecuniae
883 3824 1052 3872 eratsnrnms,
1064 3827 1137 3876 quam
1150 3811 1276 3875 Apronius

207 3891 260 3938 lues
273 3889 319 3938 tria
330 3889 403 3937 verba
414 3890 476 3938 liber
485 3889 642 3951 Nannianns,
657 3908 719 3939 «rex
763 3891 832 3954 quasi
850 3889 1042 3941 additamentum
1064 3889 1183 3953 exigebat.
1209 3889 1274 3937 Gall.

209 3968 393 4033 lugitivorum».
406 3969 481 4030 Quod
494 3969 612 4032 glossema
625 3971 717 4035 impru·
757 3968 911 4034 pot-de-vin.
925 3970 982 4015 Duo
1001 3986 1059 4034 ergo
1080 3968 1209 4033 exigebat:
1223 3969 1274 4034 pai-

211 4047 306 4094 ‹leatior
318 4048 448 4096 Lambinus
461 4047 565 4096 admisit.
582 4051 605 4097 J.
614 4050 644 4098 V.
660 4053 685 4097 1,.
762 4065 827 4096 raum
841 4047 980 4113 pecuniam,
994 4050 1063 4111 eujus
1077 4051 1205 4099 maximam
1215 4064 1273 4113 par·

245 4128 352 4174 xxvlt.
377 4145 396 4174 r.
417 4129 495 4188 Quum
515 4126 618 4177 emisset.
632 4132 718 4175 Verres
762 4128 1273 4193 temllerridaret,deindesibiipsilucrnm·
