3148 4780
340 421 411 506 404
527 480 532 489 .
596 480 599 487 ,
661 414 711 481 M.
735 413 773 479 T.
801 408 1077 479 CICERONIS

340 551 494 611 mortem
509 546 584 605 tota
598 530 716 603 Sicilia
733 529 851 602 clarus
869 543 905 599 et
923 525 1055 598 nobilis
1072 553 1081 596 ε
1100 526 1138 595 in
1158 547 1233 621 quo
1251 521 1405 594 homine

341 663 482 721 tantum
497 644 605 715 animi
620 640 782 731 brinnon
800 639 918 710 solum
929 652 972 708 ut
984 638 1091 708 istum
1106 633 1219 704 libere
1236 628 1404 717 laederet;

341 783 424 831 nam
443 754 481 826 id
499 752 664 853 quidem,
691 752 865 849 quoniam
892 745 1119 821 moriendum
1138 741 1300 830 videbat,
1323 744 1403 812 sine

341 865 502 965 periculo
517 887 556 935 se
574 861 691 932 facere
704 856 927 957 intelligebat
943 885 951 926 :
969 880 1113 942 verum,
1131 868 1246 925 morte
1265 875 1401 949 propo·

330 979 424 1061 sita,
438 998 553 1073 quum
564 973 761 1067 lacrymans
774 971 813 1040 in
827 991 969 1039 carcere
982 982 1095 1037 mater
1108 980 1234 1074 noctes
1251 961 1401 1059 diesque

340 1084 529 1168 assideret,
541 1080 787 1152 defensionem
798 1101 994 1149 causaesuae
1008 1077 1167 1174 scripsit;
1179 1068 1290 1172 quim
1303 1093 1402 1143 nunc

340 1220 449 1267 nemo
468 1209 521 1264 est
541 1196 579 1263 in
597 1191 715 1262 Sicilia
732 1191 823 1287 quin
841 1186 989 1273 habeat,
1011 1189 1101 1284 quin
1115 1185 1223 1283 legat,
1239 1184 1329 1281 quin
1344 1181 1400 1251 tui

338 1306 481 1378 sceleris
503 1317 539 1375 et
560 1300 779 1373 crudelitatis
803 1323 848 1369 ex
868 1296 928 1368 illa
947 1296 1110 1367 oratione
1134 1289 1397 1366 commonebat

339 1421 382 1486 ln
408 1439 481 1512 qua
505 1413 629 1496 docet,
652 1421 743 1506 quot
765 1432 786 1478 a
809 1409 950 1478 civitate
973 1428 1037 1477 sua
1055 1418 1181 1474 nautas
1204 1401 1399 1500 acceperim

339 1540 431 1622 quot
448 1538 484 1595 et
502 1517 651 1620 quanti⁵
671 1542 855 1617 quemque
876 1516 1067 1604 dimiserit,
1085 1528 1178 1611 quot
1196 1535 1318 1585 secum
1335 1510 1399 1582 ha·

337 1634 479 1705 buerit:
494 1635 582 1703 item
598 1631 644 1703 de
660 1635 788 1701 ceteris
801 1626 953 1700 navibus
969 1626 1065 1699 dicit.
1077 1630 1167 1718 Quae
1176 1650 1292 1723 quum
1305 1620 1402 1722 apud

314 1799 318 1809 .
336 1759 372 1816 te
384 1743 537 1831 diceret,
551 1732 659 1839 virgis
672 1740 768 1812 oculi
785 1738 1078 1812 verberabantur.
1089 1736 1172 1824 Ille,
1183 1751 1303 1807 morte
1316 1759 1402 1833 pro·

338 1857 473 1952 posita,
493 1849 596 1922 facile
611 1849 774 1921 dolorem
793 1849 955 1946 corporis
967 1846 1192 1946 patiebatur3
1211 1844 1403 1934 clamabat,

337 1963 374 2034 id
390 1960 490 2061 quod
514 1963 688 2058 scriptum
708 1958 855 2053 reliquit
871 1985 879 2028 :
895 1958 1077 2030 «Facinus
1099 1982 1175 2031 ease
1195 1957 1401 2054 indignum,

335 2073 418 2172 plus
442 2070 731 2170 impudicissimae
752 2062 941 2139 mulieris⁶
968 2068 1066 2166 apud
1080 2082 1117 2139 te
1138 2067 1183 2139 de
1200 2066 1404 2158 Cleomenis

227 2240 230 2245 .
336 2183 468 2271 salute,
499 2204 609 2279 quam
635 2177 680 2250 de
706 2202 771 2249 sua
796 2179 869 2249 vita
897 2176 1070 2275 lacrymas
1098 2179 1222 2250 matris
1247 2178 1401 2250 valere».

338 2291 478 2362 Deinde
496 2294 604 2363 etiam
617 2287 707 2359 illud
724 2285 851 2358 video⁷
867 2310 943 2358 esse
958 2286 1110 2376 dictum,
1125 2286 1245 2385 quod,
1263 2278 1403 2357 sirecte

338 2395 426 2470 νος»8
451 2398 612 2496 populus
632 2419 804 2467 romanus
828 2398 1016 2493 cognovit,
1045 2420 1120 2468 non
1144 2395 1233 2468 falso
1252 2397 1312 2468 ille
1327 2395 1401 2489 jam

337 2510 377 2577 in
396 2511 473 2603 ipsa
492 2519 610 2575 morte
628 2502 673 2575 de
691 2502 794 2575 vobis
807 2503 1037 2602 praedicavit:
1054 2508 1166 2577 «Non
1188 2529 1291 2604 posse
1310 2511 1404 2577 Ver-

338 2640 436 2701 rem,
459 2628 567 2686 testes
585 2614 855 2705 interficiendo,
879 2617 1031 2687 crimina
1049 2641 1112 2688 sua
1126 2618 1401 2711 exstinguer093

340 2727 540 2826 graviorem
565 2722 663 2823 apud
684 2725 863 2821 sapientes
886 2724 1027 2820 judices
1051 2750 1089 2796 se
1112 2724 1188 2797 fore
1208 2721 1253 2795 ab
1276 2719 1402 2795 inferis

341 2851 486 2923 testem,
497 2860 607 2932 quam
619 2835 649 2906 si
661 2838 763 2905 vivus
776 2839 813 2904 in
825 2833 1002 2931 judicium
1011 2833 1290 2932 produceretur3
1304 2845 1399 2915 tum,

340 2947 493 3018 avaritiae
510 2946 647 3030 solum,
668 2946 697 3017 si
713 2944 849 3016 viveret
864 2970 874 3034 ;
896 2969 1012 3033 nnnc,
1035 2969 1149 3042 quum
1166 2948 1215 3016 ita
1233 2957 1327 3016 esset
1342 2966 1402 3012 ne·

340 3072 455 3146 catus,
470 3057 631 3144 sceleris,
645 3054 820 3142 audaciae,
834 3054 1052 3128 crudelitatis
1060 3070 1188 3126 testem
1197 3052 1277 3127 fore
1285 3085 1310 3125 a.
1324 3058 1401 3125 lam

340 3259 401 3307 mire
413 3260 501 3307 nostris
514 3260 592 3308 oculi·
604 3260 746 3308 miserorum
763 3260 849 3325 imagi·
892 3260 924 3312 ad
935 3261 1123 3327 oomplorando·
1134 3259 1270 3310 aeumlao·
1279 3276 1401 3311 consumo·

340 3352 383 3384 nea
396 3348 551 3401 repraesentat
559 3338 659 3395 Cicero,
674 3353 703 3385 ιο
713 3337 778 3386 nulli
791 3339 848 3386 inii-
892 3357 919 3389 ra
929 3342 1051 3391 videatur.

340 3415 414 3467 unda
424 3427 476 3464 ana
488 3417 577 3465 variat!
592 3418 650 3466 Non
660 3417 710 3477 jam
722 3425 815 3480 patrem
824 3430 850 3468 et
927 3422 952 3469 5.
968 3419 1069 3483 Quanti.
1083 3421 1142 3483 Quo
1154 3418 1234 3483 pretio
1246 3435 1260 3467 a
1272 3420 1348 3468 Verre
1358 3418 1402 3467 da·

341 3512 423 3546 aenam
434 3495 545 3544 audimus
558 3496 602 3561 qui
612 3496 790 3543 miserationem
799 3514 849 3547 mo·
891 3496 963 3561 finito
971 3515 1000 3548 ao
1010 3497 1317 3549 concitatu-Dinonis.
1325 3499 1401 3547 Sum

339 3593 396 3631 aare
414 3567 525 3634 studeat}
545 3590 628 3624 verum
651 3572 719 3622 adast
731 3574 769 3622 vir
786 3579 849 3626 mori
891 3578 983 3626 Venis.

340 3654 557 3717 eertunnuuijm
570 3654 606 3702 rei
615 3655 779 3719 pareem,qni
787 3657 849 3703 Var-
927 3657 954 3704 6.
969 3653 1088 3703 Molioni.
1100 3656 1180 3704 Nicen
1192 3655 1260 3704 illan
1280 3655 1401 3718 intellige,

340 3750 390 3783 rem
411 3736 491 3800 dignis
503 3733 622 3784 conulem
640 3733 735 3782 lacessit
751 3747 758 3782 ε
770 3750 849 3798 nequa
892 3733 1028 3782 Geomenir
1038 3748 1149 3783 noman.
1161 3737 1239 3799 Supra
1247 3748 1302 3799 cap.
1316 3732 1358 3783 31.

339 3828 365 3861 aa
374 3830 465 3876 amm,
473 3831 558 3864 varam
568 3814 641 3864 etiarn
650 3824 744 3862 neuros
753 3812 850 3861 nahmi·
928 3830 952 3874 7.
969 3813 1054 3862 Video.
1067 3815 1218 3877 Repedo.-
1226 3815 1288 3861 Esse
1299 3812 1399 3862 darm

339 3894 395 3959 tqtla
409 3897 489 3943 moion
504 3895 533 3943 in
543 3893 594 3942 iun
615 3892 792 3942 commentariis
805 3890 849 3938 de-
892 3893 921 3939 ln
933 3891 1046 3955 apologia
1057 3891 1132 3940 Furii.

340 3967 431 4028 Νι,
448 3974 491 4033 qni
507 3973 590 4021 nereio
602 3971 663 4036 quid
685 3985 801 4034 mgnu-
819 3984 849 4016 ao
928 3969 1233 4019 {isimundus
1242 3966 1383 4033 alloquitur.

338 4042 559 4111 llbumaplnnt3
571 4052 606 4098 ita
614 4061 643 4099 nt
654 4061 752 4108 orator,
762 4050 791 4095 iu
801 4045 849 4096 hro
927 4046 1402 4112 9·Exsui15m.blenorimcelm

340 4122 495 4187 wulpam,
505 4134 580 4173 toturn
586 4126 847 4189 doqnanumavtn
891 4142 991 4177 sumu
1001 4126 1106 4175 moun.
