3186 4772
329 426 400 512 324
641 424 689 490 M.
715 423 753 488 T.
780 420 1076 491 clcnuours

327 547 547 646 provinciam
562 539 716 613 Siciliam
725 541 857 609 virtute
867 539 945 633 ejus
960 552 997 610 et
1009 538 1189 637 vigilantia
1200 540 1394 636 singulari,

328 657 447 730 dubiis
468 650 782 745 formidolosisque
800 646 1043 745 temporibus,
1061 673 1083 719 a
1104 646 1263 746 fugitivis
1282 664 1394 747 atque

327 794 349 840 a
366 765 451 838 belli
474 761 642 862 periculis
658 774 773 829 tutam
795 782 872 830 esse
890 772 1075 831 servatam.

374 873 472 969 Quid
483 897 584 969 agam
594 924 603 957 ,
611 866 774 966 judices?
788 890 864 965 quo
873 868 1109 940 accusationis
1119 892 1205 940 meae
1215 870 1391 944 rationem

327 983 535 1061 conferam?
560 1003 636 1077 quo
662 1001 720 1049 me
747 977 910 1049 vertam?
935 972 988 1048 A‘d
1016 1003 1143 1051 omnes
1168 980 1266 1049 enim
1291 1002 1395 1050 meos

228 1134 231 1141 ·
328 1100 501 1194 impetus,
524 1090 626 1186 quasi
647 1111 773 1158 murus
789 1085 956 1183 quidam,
981 1087 1072 1161 boni
1090 1113 1226 1161 nomen
1242 1091 1396 1188 impera-

327 1209 416 1280 toris
433 1202 641 1301 opponitur.
658 1203 751 1272 Novi
773 1195 937 1285 locum⁵;
955 1196 1061 1272 video
1086 1198 1153 1270 ubi
1179 1223 1218 1271 se
1238 1200 1393 1294 jactatu-

327 1342 391 1389 rus
404 1316 450 1386 sit
458 1310 679 1384 Hortensius.
691 1306 778 1379 Belli
792 1303 987 1405 pericula⁶‚
1001 1323 1165 1408 tempora
1172 1308 1393 1407 reipublime,

328 1430 588 1522 imperatorum
606 1419 796 1516 penuriam
823 1418 1146 1490 commemorabit:
1167 1433 1245 1489 tum
1263 1417 1394 1517 depre-

329 1532 470 1606 cabitur
490 1554 512 1599 a
531 1526 653 1616 vobis,
669 1542 747 1599 tum
761 1531 869 1597 etiam
885 1551 953 1625 pro
971 1554 1038 1601 suo
1055 1529 1160 1624 jure⁷
1180 1529 1394 1617 contendet,

331 1666 376 1713 ue
394 1639 600 1739 patiamini,
620 1636 729 1709 talem
743 1639 999 1735 imperatorem
1018 1639 1157 1737 populo
1172 1664 1324 1712 romano
1340 1642 1394 1709 Si·

328 1751 496 1823 culorum
517 1749 730 1820 testimoniis
746 1748 858 1844 eripi3
876 1772 966 1819 neve
988 1747 1106 1820 obteri
1121 1748 1266 1821 laudern
1278 1750 1393 1849 impe·

330 1861 498 1934 ratoriam
516 1856 726 1929 criminibus
746 1852 923 1927 avaritiae⁸
944 1858 1070 1930 velitis.

376 1976 459 2044 Non
469 1991 616 2067 possum
630 1966 865 2055 dissimulare,
879 1967 1018 2062 judices
1029 1997 1037 2039 :
1048 1971 1178 2059 timeo,
1197 1974 1292 2042 neC.
1304 1973 1395 2042 Ver·

329 2108 404 2171 res,
428 2093 578 2179 propter
595 2075 690 2147 hanc
708 2076 879 2149 virtutem
904 2079 1092 2150 eximiam⁹
1116 2080 1153 2149 in
1173 2103 1213 2151 re
1233 2078 1396 2167 militari,

330 2194 470 2277 omnia,
485 2213 565 2286 quae
583 2185 685 2276 feeit,
701 2189 851 2285 impune
869 2184 1003 2270 lecerit.
1015 2190 1125 2261 Venit
1143 2191 1241 2262 enirn
1255 2189 1344 2260 mihi
1358 2191 1396 2260 in

331 2315 502 2387 mentem,
511 2300 549 2369 in
560 2297 698 2393 judicio
706 2296 765 2367 Μ’.
776 2297 964 2395 Aquillii¹⁰
973 2314 1152 2397 quantum
1165 2301 1396 2388 auctoritatis,

367 2494 561 2545 &Nouiorum
568 2494 728 2542 Communem
739 2491 841 2541 rhetori·
886 2485 950 2536 diem
965 2490 1087 2553 pertinere
1100 2490 1164 2540 hanc
1179 2490 1277 2539 dicendi
1293 2491 1397 2539 formem

332 2589 388 2623 cum
398 2574 442 2637 qui
452 2570 560 2637 prebeat
568 2571 728 2635 exaggerandi
740 2571 841 2621 tseulu·
886 2573 1021 2623 contendit.
1041 2575 1093 2639 Ego
1113 2573 1194 2622 malim
1213 2588 1269 2620 cum
1284 2570 1397 2631 Deejrrd.

331 2664 381 2702 tem
389 2650 529 2701 Hortensio.
885 2651 1023 2715 explicere:
1039 2668 1086 2715 pro
1103 2669 1148 2701 suo
1156 2653 1229 2718 jure,
1244 2648 1270 2697 id
1282 2659 1335 2709 est,
1347 2663 1397 2713 pro

366 2733 392 2781 d.
406 2729 470 2780 Belli
478 2726 601 2795 pericula.
620 2724 745 2792 Significat
759 2739 843 2776 orator
883 2732 938 2790 jure
953 2730 1021 2795 quod
1037 2731 1060 2779 ei
1077 2731 1118 2780 der
1132 2747 1209 2781 cruere
1224 2743 1291 2788 ruse,
1302 2738 1331 2776 ut
1348 2727 1398 2776 sibi

330 2813 394 2863 bella
408 2812 459 2860 duo
478 2807 636 2868 difficillime,
649 2807 843 2857 Mithridaticum
885 2806 969 2873 lingit,
978 2810 1084 2860 bonitas.
1093 2838 1127 2848 ·-
1135 2808 1399 2859 sicalonia-Contem-

332 2905 357 2943 et
381 2891 565 2949 Scantianum,
592 2886 683 2952 quibus
705 2884 843 2951 respublior
884 2889 958 2950 ptim.
972 2888 1002 2938 Id
1017 2902 1068 2954 est,
1081 2890 1283 2956 provincialium,
1298 2898 1324 2937 et
1337 2902 1399 2951 ςτε-

331 2989 362 3022 eo
387 2982 497 3035 tempore
523 2966 691 3016 distinebatur.
724 2965 763 3013 De
782 2964 842 3026 illo,
886 2967 999 3016 culorum
1010 2968 1152 3029 hominnm,
1165 2984 1270 3034 quorum
1281 2967 1342 3015 levis
1352 2981 1396 3013 rn-

331 3051 377 3102 lib.
388 3052 423 3110 lt,
435 3064 490 3111 erp.
502 3047 545 3094 65.
558 3045 655 3094 Dehoc
665 3043 773 3093 infru·-
783 3045 843 3091 Twrr
886 3048 987 3095 otor-ires
1006 3049 1074 3112 apud
1093 3049 1188 3111 jndices
1210 3062 1324 3097 mmrnor
1345 3059 1397 3093 esse

332 3127 508 3193 deprecabitur.
521 3125 552 3172 ld
565 3134 616 3183 est,
628 3135 701 3188 etque
713 3123 752 3171 his
765 3122 844 3170 omni·
887 3124 970 3175 debet.
988 3128 1046 3177 Non
1062 3129 1114 3177 sine
1128 3128 1236 3193 emphasi
1249 3143 1281 3174 ex
1294 3139 1397 3191 perrona

331 3209 379 3256 bus
388 3204 597 3262 commemoratis,
608 3203 690 3250 statim
702 3200 843 3265 deprecobi·
887 3205 1011 3254 Hortensii
1023 3216 1183 3270 opponuntur
1192 3204 1287 3271 populo
1295 3217 1397 3252 romano

332 3299 382 3335 tur.
392 3320 399 3334 .
410 3320 417 3331 .
427 3295 500 3345 atque
512 3282 598 3341 edam,
612 3291 660 3329 etc.
672 3280 788 3330 Notrnds
800 3296 844 3330 oc·
887 3284 976 3344 Siculi,
987 3296 1014 3333 ut
1027 3286 1080 3350 ipse
1089 3286 1176 3336 Cicero
1188 3285 1214 3333 in
1223 3283 1333 3348 sequenti
1342 3296 1397 3329 orr-

332 3364 432 3429 euprtio
440 3361 524 3409 Verris
535 3360 711 3409 defensionum.
887 3366 954 3412 tione
966 3364 1094 3413 Gallorum
1104 3365 1240 3413 testimonia
1253 3360 1366 3410 elevabit.

369 3461 392 3505 7.
407 3446 456 3491 Pro
466 3456 510 3489 suo
515 3440 580 3506 jure.
590 3442 765 3503 Interpretatur
777 3441 842 3488 Hot·
923 3443 949 3489 8.
960 3441 1103 3490 orientius
1111 3443 1230 3491 aramue.
1239 3443 1301 3504 Qun
1310 3437 1398 3487 nullm

332 3537 458 3582 romanus,
470 3536 538 3585 «pro
557 3534 588 3567 eo
606 3518 690 3584 quod,
706 3519 763 3583 quir
782 3519 843 3567 ciris
887 3535 943 3568 eum
959 3520 1031 3567 lende
1044 3522 1212 3584 imperstorir,
1224 3518 1341 3569 momenti
1355 3516 1398 3565 de·

331 3617 383 3664 eet,
392 3603 475 3668 magni
484 3617 528 3649 sna
539 3600 638 3648 interest
649 3598 729 3647 bonor
738 3615 789 3648 esse
797 3601 843 3646 im·
885 3597 946 3647 bent
961 3614 1012 3647 erse
1027 3609 1070 3648 rut
1080 3600 1186 3662 nullius,
1198 3611 1241 3649 ent
1256 3616 1314 3648 sane
1324 3597 1398 3647 levis·

330 3694 455 3750 penteres
474 3682 501 3729 in
521 3679 647 3744 republica
657 3700 681 3728 υ.
701 3679 842 3737 Manutius,
887 3675 951 3725 rimi.

331 3764 362 3811 de
375 3761 541 3812 dominatione
552 3757 678 3807 Hortensii
690 3758 717 3804 in
727 3757 842 3818 judiciis,
922 3771 946 3817 9.
959 3754 1077 3805 Virtutem
1085 3756 1209 3807 eximiam
1221 3758 1327 3815 Μίνως
1335 3755 1399 3804 inira

331 3856 386 3905 quie
392 3840 472 3902 jeruel
480 3839 554 3889 toties
560 3838 657 3900 objecta
663 3847 708 3885 est.
717 3836 842 3893 Gravius,
886 3834 951 3882 enirn
960 3835 1067 3885 ostendit
1077 3838 1198 3886 neminem
1206 3852 1320 3901 umquem
1330 3834 1399 3899 igne·

331 3936 398 3982 ·prn
413 3935 459 3967 suo
474 3919 541 3979 jure,
561 3929 612 3980 est,
625 3917 694 3982 qnod
711 3916 734 3965 ei
747 3915 842 3964 licitum
885 3913 977 3962 rlorun
987 3915 1068 3964 inisse.

330 4008 355 4044 et
367 4012 508 4044 concurram
519 4008 568 4054 est,
580 3997 674 4059 inquit,
685 4004 734 4043 etr
745 3992 843 4042 nemine
923 3994 1102 4061 ro.1rrjndirio
1112 3995 1157 4043 Μ’.
1165 3994 1278 4060 Aquiliii.
1285 3991 1398 4042 Meminit

330 4084 413 4141 potest
432 4074 576 4136 impediris.
597 4072 767 4136 Adstipnlrtur
786 4071 842 4118 Mr-
884 4071 979 4121 Tullius
988 4089 1035 4137 pro
1047 4074 1179 4134 Flroco,c.
1191 4071 1394 4137 38‚l1isrerbis:

331 4151 401 4202 nntio
414 4151 508 4200 Erneoe.
525 4162 551 4198 et
579 4148 611 4196 ed
629 4147 763 4196 numum
778 4148 843 4196 inri-
885 4150 951 4200 Δί’.
965 4151 1099 4217 Aquillium
1114 4163 1197 4218 patres
1217 4152 1297 4202 nostri
1314 4151 1397 4201 multis
