3186 4772
394 422 450 493 IN
474 420 686 490 VERREM
709 420 816 489 ACT.
841 419 896 505 II,
920 421 1016 490 LIB.
1043 423 1084 490 V.
1199 419 1270 514 329

208 561 311 635 runt,
330 542 588 643 proedicaturll
607 566 654 614 an
674 541 775 639 quod
794 545 833 612 in
851 542 967 614 Sicilia
981 545 1053 640 jam
1073 563 1156 620 ante
1177 547 1272 621 bella

210 656 444 755 lugitivorum
459 653 632 727 fuerunt?
650 656 695 724 tt
711 677 753 724 ea
775 657 851 749 ipsa
874 669 1066 743 causaest,
1093 682 1158 729 cur
1178 655 1271 732 ista⁵
1290 692 1292 696 ⁴

211 767 394 866 provincia
410 767 558 836 minimo
572 765 611 841 in
628 762 790 859 periculo
806 766 871 850 sit,
886 777 922 834 et
934 760 1053 836 fuerit.
1069 770 1160 839 Nam
1175 784 1273 866 post·

212 901 361 974 ecquam
373 874 472 945 illinc
485 874 544 944 Μ’.
555 872 733 969 Aquillius
748 871 916 962 decessit,
930 878 1096 946 omnium
1109 879 1273 951 instituta

211 1000 321 1081 atque
339 982 454 1055 edicta
475 997 671 1081 praetorum
690 979 840 1055 luerunt
858 984 1056 1078 ejusmodi,
1076 1001 1176 1059 utne
1191 990 1273 1085 quis
1319 1062 1321 1067 ,

211 1118 296 1167 cum
310 1093 385 1166 telo
406 1118 530 1165 servus
546 1107 650 1164 esset.
663 1094 777 1163 Vetus
793 1107 847 1164 est
863 1093 965 1193 quod
983 1093 1117 1184 dicam,
1134 1112 1171 1171 et
1188 1121 1273 1196 pro·

211 1203 526 1301 pterseveritotem
536 1201 693 1299 exempli
703 1200 1166 1279 neminilortassevestrum
1175 1208 1274 1278 inau-

211 1312 327 1385 ditum
339 1340 347 1383 :
358 1316 398 1383 L.
412 1308 637 1383 Domitium⁶
656 1326 848 1409 praetorem
857 1315 896 1383 in
909 1314 1042 1404 Sicilia,
1058 1339 1174 1412 quum
1188 1339 1276 1414 aper

105 1499 106 1502 Ἴ
210 1423 338 1519 ingens
362 1420 408 1492 ad
435 1444 518 1492 eum
544 1419 673 1491 allatus
698 1435 808 1509 esset,
829 1420 1044 1495 admiratum
1064 1426 1276 1522 requisisse,

212 1532 295 1628 quis
304 1555 389 1601 eum
398 1530 771 1627 percussisset3quum
781 1530 954 1621 audisset,
966 1548 1148 1631 pastorem
1158 1536 1275 1631 cujus·

214 1639 297 1709 dam
315 1636 445 1726 luisse,
463 1662 547 1708 eum
566 1636 673 1709 adse
693 1641 814 1735 vocari
833 1639 1000 1734 jussisse3
1017 1643 1119 1714 illum
1146 1644 1276 1744 cupide

214 1745 259 1818 ad
283 1748 494 1844 praetor'em,
515 1747 618 1844 quasi
641 1746 688 1818 ad
709 1747 851 1820 laudem
870 1764 979 1848 atque
1000 1751 1052 1823 ad.
1067 1759 1277 1851 proemium,

215 1859 430 1944 accurrisse3
452 1857 619 1953 quoesisse
637 1861 857 1951 Domitium,
887 1863 951 1958 qui
969 1876 1105 1935 tantam
1123 1864 1277 1938 bestiam

214 1967 468 2064 percussisset3
498 1966 602 2037 illum
631 1967 882 2065 respondisse,
917 1973 1125 2063 venabulo,
1159 1979 1275 2048 statim

213 2075 346 2147 deinde
356 2078 458 2173 jussu
477 2078 641 2175 praetoris
658 2078 695 2148 in
717 2092 883 2151 crucem⁷
898 2072 976 2154 esse
994 2082 1186 2155 sublatum.
1201 2089 1278 2156 Du·

213 2210 300 2268 rum,
313 2186 386 2259 hoc
407 2186 557 2260 fortasse
574 2185 757 2277 videatur;
779 2214 899 2286 neque
923 2216 989 2288 ego
1007 2192 1118 2262 ullam
1132 2194 1172 2262 in
1194 2217 1278 2291 par-

214 2292 312 2366 tem8
332 2295 479 2393 disputo
499 2323 508 2366 z
525 2310 668 2367 tantum
681 2298 862 2395 intelligo,
880 2300 1065 2372 maluisset
1079 2303 1279 2375 Domitium

215 2404 400 2479 crudelem
412 2409 451 2478 in
461 2406 915 2507 animadvertendo,quam
924 2412 962 2482 in
970 2413 1278 2509 praetermittendo

215 2515 429 2588 dissolutum
449 2516 574 2587 videri.

263 2630 324 2698 IV.
347 2631 443 2725 Ergo
461 2624 517 2696 his
534 2627 707 2698 institutis
729 2630 940 2724 provincio,
959 2632 1146 2726 jamtum,
1163 2657 1279 2729 quum

215 2731 313 2806 hello
327 2734 560 2832 lugitivorum
580 2750 655 2808 tota
665 2736 767 2808 Italia
780 2738 939 2827 arderet,
963 2740 1073 2811 homo
1086 2766 1163 2811 non
1181 2765 1282 2813 acer·

216 2843 348 2928 rimus,
367 2868 434 2915 nec
446 2843 682 2933 fortissimus,
695 2852 732 2920 C.
751 2848 964 2921 Norbanus¹
987 2854 1026 2919 in
1046 2874 1189 2921 summo
1205 2856 1280 2924 otio

100 2966 108 2976 “
217 2949 297 3023 fuit.
316 2951 486 3025 Perfacile
505 2958 604 3026 enim
622 2981 698 3028 sese
718 2958 836 3030 Sicilia
853 2955 1041 3047 tuebatur,
1061 2985 1109 3032 ne
1128 2962 1226 3058 quod
1243 2966 1280 3033 in

254 3113 279 3162 4.
294 3103 455 3152 Proedr'catnr.
473 3106 550 3169 Qmi
562 3122 662 3170 prom
675 3122 728 3157 em
808 3102 833 3148 8.
852 3101 933 3149 Ullam
949 3101 974 3149 t'tt
985 3113 1093 3166 partem.
1109 3106 1143 3152 Ut
1160 3116 1203 3153 tut
1221 3122 1282 3154 con·

217 3184 270 3251 ipse
283 3183 447 3248 prohibueris.
772 3178 883 3228 demncm
889 3191 1028 3246 praetorem,
1036 3182 1282 3233 autabsolvam.tu-

254 3262 349 3311 ὄλπη.
359 3261 729 3327 Sicecodd.lteg.reoepemnt
772 3259 856 3307 daoior
877 3261 994 3310 Cicerone
1014 3262 1126 3311 Valerius
1147 3265 1282 3312 Domitium

218 3343 299 3391 θην.
311 3343 406 3393 Errat.
418 3340 478 3390 ollin
490 3340 552 3406 ipsa.
772 3339 884 3388 ubsolvit.
898 3362 910 3382 ι
917 3342 1044 3400 Ceterum,
1057 3344 1153 3407 inquit,
1166 3343 1229 3391 ntio
1240 3360 1286 3408 pu·

254 3421 282 3470 6.
300 3423 327 3470 t
343 3419 484 3469 Domitium.
503 3420 609 3469 Siciliam
628 3418 730 3469 rortltur
771 3418 831 3467 hllci
839 3419 935 3485 imperii
945 3432 1076 3485 putorem
1088 3424 1161 3471 nimis
1171 3439 1283 3487 nuperum

217 3501 327 3551 obtinuit
339 3518 379 3551 on.
391 3496 526 3551 Urb.655.
772 3499 905 3548 existimari
925 3517 975 3549 non
998 3503 1121 3568 potitur».
1141 3502 1199 3550 Vel.
1216 3506 1283 3550 Mu.

254 3599 279 3644 q.
293 3583 324 3629 In
332 3596 436 3630 eruum.
446 3580 510 3641 Quia
519 3595 574 3628 oum
584 3578 634 3627 telo
643 3578 730 3629 fuisset
772 3578 818 3626 lib.
829 3580 879 3639 vt,
894 3596 915 3629 c.
930 3580 984 3646 3‚§
996 3582 1019 3629 ⁵.
1032 3582 1136 3644 Quoties
1150 3591 1229 3628 nutem
1239 3596 1285 3643 pu-

217 3672 304 3709 contr·
317 3660 425 3717 edietum
437 3659 557 3723 praitoria.
573 3661 652 3707 Porro
667 3674 729 3706 crux
771 3656 843 3706 blica
850 3658 1020 3725 nlntisspecie
1027 3661 1140 3709 atrociter
1148 3672 1228 3707 actum
1236 3666 1285 3710 estl

217 3740 304 3788 servile
317 3740 365 3788 fttt
378 3738 538 3803 supplicium
554 3749 579 3787 et
591 3748 675 3803 pastor
687 3737 729 3786 ille
808 3753 835 3801 9.
843 3738 1033 3787 Maluisse.Non
1041 3738 1289 3802 quincrudelisesset‚

217 3819 370 3878 maloin
382 3835 439 3867 mm
450 3817 627 3882 pascendorum
636 3833 730 3866 trmeo·
772 3816 816 3865 red
833 3817 891 3879 quin
914 3834 945 3866 ex
963 3817 1016 3880 ipn
1034 3817 1160 3865 severitate
1181 3816 1285 3880 pendere

218 3907 299 3946 torum
318 3914 376 3946 cun
394 3897 482 3947 servile
497 3898 544 3946 fuit
559 3896 727 3946 ministerium.
771 3896 908 3960 provincia
920 3896 1073 3944 securitatem
1083 3895 1255 3947 arbitrabatur.

219 3976 728 4043 Hisecpntoribusproeficiebctur‚irquem
807 3977 852 4024 IV.
869 3991 891 4022 1.
907 3974 934 4023 0.
946 3974 1087 4024 Norbanus.
1101 3977 1194 4025 Proetor
1203 3977 1231 4024 in
1244 3978 1284 4025 si·

219 4056 304 4120 pecori
314 4056 472 4121 profectum,
491 4070 517 4109 et
533 4059 630 4124 pecoris
649 4057 729 4124 magi-
773 4053 836 4102 cilia.
849 4057 959 4103 For-rme
970 4056 992 4101 ie
1003 4064 1057 4115 ost,
1070 4057 1113 4120 qui
1123 4072 1180 4105 com
1191 4058 1218 4105 L.
1230 4058 1286 4106 Sci·
1350 4110 1352 4113 ,

219 4144 297 4183 strum
309 4134 429 4185 dicebant.
772 4135 847 4199 piore
857 4135 944 4185 consul
952 4135 999 4203 luit
1009 4152 1074 4188 enno
1085 4137 1146 4199 670.
