3186 4772
382 413 435 483 IN
460 405 679 480 VERREM
702 410 810 478 ACT.
837 411 893 492 ΙΙ,
918 410 1009 480 LIB.
1035 414 1077 480 V.
1184 409 1253 483 353

195 533 251 605 nis
267 555 357 603 voce
378 532 552 602 excitatus
570 553 626 610 es,
650 532 713 626 qui
736 543 771 601 te
796 530 903 600 toties
926 531 1108 602 seniorum
1129 531 1253 626 junio·

195 667 351 740 rumque
368 635 558 713 centuriis³
576 639 639 710 illo
657 638 796 710 honore
815 637 909 710 affici
927 644 1194 736 pronuntiavit,
1212 657 1255 717 ut

196 752 266 822 hoc
279 766 434 848 putares,
448 749 604 846 aliquam
616 747 823 847 reipublicae
837 763 975 847 partem
988 748 1053 820 tibi
1063 749 1256 822 creditam?

194 886 331 932 annum
345 859 411 933 tibi
425 859 527 930 illum
544 883 658 929 unum
670 858 781 930 domo
796 859 991 930 carendum
1008 882 1085 930 esse
1099 863 1255 932 meretri-

196 972 247 1042 cis
259 970 404 1060 i'Quum
418 968 484 1040 tibi
497 982 594 1040 sorte
606 966 829 1065 obtigissetl,
844 983 886 1040 ut
899 970 960 1064 jus
973 968 1128 1057 diceres;
1142 994 1256 1066 quan·

196 1091 274 1148 tum
286 1077 439 1176 negotii,
450 1075 539 1174 quid
552 1078 671 1147 oneris
683 1075 852 1165 haberes,
866 1102 1064 1176 numquam
1075 1080 1254 1175 cogitasti3

196 1213 315 1285 neque
324 1186 414 1259 illud
427 1187 579 1258 rationis
596 1185 771 1273 habuisti,
784 1189 815 1257 si
826 1186 918 1259 forte
935 1185 1206 1286 expergefacere
1220 1204 1256 1261 te

196 1322 331 1396 posses,
344 1321 422 1368 eam
431 1297 653 1394 provinciam
661 1293 688 1383 ⁵,
704 1321 814 1393 quam
826 1299 920 1369 tueri
933 1299 1105 1395 singulari
1120 1300 1256 1396 sapien·

196 1410 244 1478 tia
262 1422 371 1505 atque
390 1407 592 1504 integritate
602 1403 746 1478 difficile
763 1422 874 1494 esset,
891 1407 937 1479 ad
951 1433 1129 1480 summam
1142 1410 1256 1481 stulti·

197 1519 283 1587 tiam
300 1516 572 1613 nequitiamque
593 1516 758 1585 venisse?
770 1520 895 1613 Itaque
916 1543 991 1589 non
1008 1518 1118 1590 modo
1147 1518 1258 1591 domo

199 1640 261 1695 tua
274 1624 509 1697 Chelidonem
524 1625 561 1693 in
572 1637 729 1720 praetura
746 1625 936 1697 extrudere
956 1627 1120 1715 noluisti,
1142 1627 1206 1699 sed
1221 1630 1259 1699 in

200 1735 409 1806 Chelidonis
428 1734 578 1805 domum
597 1747 786 1830 praeturam
808 1750 906 1806 tuam
924 1749 1035 1806 totam
1052 1734 1221 1808 detulisti.

247 1848 406 1941 sequuta
422 1843 607 1941 provincia
632 1840 730 1929 est⁶;
747 1846 786 1913 in
803 1869 876 1941 qua
895 1843 959 1916 tibi
978 1868 1179 1942 numquam
1196 1870 1259 1918 re·

200 1959 255 2025 nit
277 1956 315 2025 in
339 1969 517 2039 mentem,
550 1976 625 2023 non
645 1951 709 2023 tibi
730 1953 867 2027 ideirco
892 1954 1023 2044 fasces,
1047 1970 1085 2027 et
1102 1981 1263 2043 secures,

200 2079 236 2135 et
268 2074 401 2135 tantam
430 2063 573 2161 imperii
601 2063 694 2149 vim,
726 2077 934 2162 tantamque
966 2080 1263 2137 ornamentorum

201 2174 370 2244 omnium·
383 2172 596 2270 dignitatem
610 2169 750 2259 datam,
766 2186 809 2243 ut
824 2198 948 2244 earum
966 2198 1088 2243 rerum
1101 2178 1135 2243 vi
1149 2189 1186 2244 et
1204 2199 1265 2245 au·

173 2356 177 2363 ,
203 2285 366 2355 ctoritate
384 2282 505 2353 omnia
526 2274 695 2378 repagula
710 2282 816 2376 juris,
837 2281 986 2380 pudoris
1004 2296 1039 2352 et
1055 2279 1164 2352 officii
1181 2306 1264 2380 per·

201 2392 398 2488 fringeres3
418 2406 459 2461 ut
477 2391 642 2462 omnium
664 2388 778 2479 bona,
799 2391 958 2489 praedam
975 2406 1076 2462 tuam
1090 2389 1264 2480 duceres;

202 2501 338 2572 nullius
366 2524 424 2570 res
450 2514 547 2587 tuta,
575 2497 710 2571 nullius
736 2498 866 2573 domus
885 2501 1022 2590 clausa,
1041 2500 1176 2573 nullius
1194 2503 1267 2573 vita

203 2626 321 2709 septa,
346 2610 480 2681 nullius
503 2606 674 2708 pudicitia
696 2612 836 2682 munita
858 2627 984 2684 contra
1002 2626 1101 2683 tuam
1125 2611 1266 2709 cupidi·
1339 2606 1341 2619 ’

204 2734 313 2791 tatem
327 2736 365 2792 et
374 2719 558 2791 audaciam
572 2733 693 2816 posset
703 2744 779 2793 esse
790 2750 798 2793 ε
811 2723 849 2792 in
866 2735 992 2818 quatu
1007 2734 1044 2791 te
1053 2722 1101 2791 ita
1114 2724 1266 2815 gessisti,

204 2843 262 2915 ut,
284 2855 400 2925 quum
423 2829 593 2902 omnibus
612 2844 759 2902 teneare
777 2829 905 2919 rebus,
926 2827 971 2901 ad
990 2826 1126 2898 bellum
1145 2825 1267 2925 fugiti-

241 3023 264 3072 3.
285 3020 410 3072 Centurio.
424 3022 530 3089 Majorea
545 3022 711 3085 magistratus,
793 3018 817 3065 5.
827 3016 892 3061 Eam
898 3009 1060 3076 preeuntem.
1075 3010 1134 3057 Eam
1147 3025 1265 3073 procura·

204 3100 231 3148 id
245 3112 294 3160 est,
308 3111 407 3165 pretor,
422 3099 522 3155 consul,
533 3114 626 3157 censor,
642 3114 713 3162 apo·
755 3096 862 3153 tionetn,
876 3107 928 3140 eam
937 3089 998 3151 juris
1012 3087 1263 3148 administrationem,

97 3192 100 3199 ·
205 3180 266 3244 pulo
281 3195 317 3233 ex
336 3194 423 3235 ernam
446 3176 574 3225 ordinibus
593 3187 618 3224 et
644 3185 714 3225 aetate
756 3173 826 3233 onina
839 3168 1175 3231 onnssustinerevixposaet
1186 3166 1263 3216 homo

205 3276 250 3324 per
263 3259 383 3308 centurias
398 3255 537 3319 descripto,
556 3254 714 3314 oreabantnr3
757 3249 865 3300 omnium
878 3246 1066 3312 sapientissimus
1076 3255 1149 3309 atque
1158 3248 1265 3312 integer-

99 3352 124 3407 .'
205 3339 271 3387 nnde
283 3338 381 3388 comitia
394 3336 436 3384 illa
449 3335 581 3383 centuriata
594 3332 714 3399 appellata
757 3330 847 3420 rimus,
859 3327 891 3376 ad
908 3338 932 3377 te
951 3326 1059 3374 omnium
1080 3325 1269 3389 stultissimum,

207 3428 275 3466 annt.
758 3409 977 3472 nequissimumque
986 3406 1130 3471 pervenisse.

242 3505 268 3553 4.
276 3498 345 3545 Sorte
357 3493 488 3560 obtigisset.
504 3491 584 3541 Creatl
596 3506 610 3537 a
620 3489 715 3555 populo
793 3488 819 3536 6.
834 3489 940 3549 Sequuta
951 3482 1074 3548 provinciis
1087 3496 1130 3532 est.
1146 3484 1268 3546 sequutus

207 3588 322 3640 pretores
333 3574 483 3640 provincias,
498 3570 524 3619 id
538 3582 588 3632 est,
600 3584 716 3634 procura·
760 3576 797 3615 est
806 3581 895 3623 annua,
906 3580 956 3628 quo
964 3563 1150 3628 inprovineiam
1161 3561 1267 3609 siettim
1303 3634 1311 3643 ¹

206 3647 716 3715 tiones,intersesortiebantnr.cnijuris·
759 3642 970 3692 administrandam
992 3642 1116 3706 profectus
1138 3655 1177 3699 es,
1200 3640 1269 3703 qnod

207 3733 283 3783 dictio
295 3733 441 3790 obvenerat,
452 3741 546 3796 prator
555 3728 661 3776 urbam
670 3742 716 3791 ap-
758 3723 862 3786 contigit
873 3736 939 3769 anno
949 3721 981 3768 U.
991 3721 1051 3769 oto.
1061 3746 1096 3755 —
1104 3720 1182 3781 Qum
1193 3720 1270 3766 onmi-

207 3811 353 3878 pellabstnr,
367 3811 442 3860 reteri
457 3807 608 3875 quaesitores.
625 3804 716 3853 Eadem
759 3803 809 3851 bus.
822 3802 904 3864 Quum
913 3799 1021 3863 undique
1034 3797 1267 3859 siseireumreutns,
1365 3784 1369 3797 ⁸

208 3892 301 3940 ratione
314 3892 452 3956 provincias
465 3888 530 3936 inter
541 3903 567 3934 se
580 3883 715 3933 sortieban-
759 3879 821 3928 nihil
824 3880 874 3940 jam
879 3877 925 3925 tibi
931 3874 1098 3940 superestnisi
1105 3874 1170 3923 ntnd
1176 3874 1267 3925 bellum

209 3980 256 4030 tur,
271 3972 297 4018 in
313 3988 374 4035 qnae
388 3971 546 4019 mitterentur.
565 3963 629 4015 Vide
647 3962 716 4027 plnra
759 3960 916 4026 lugitivorum
930 3967 1051 4019 tamquam
1064 3954 1095 4001 ad
1113 3970 1191 4014 aram,
1207 3970 1267 4003 000.

209 4049 237 4096 in
251 4065 347 4099 exrnre.
370 4049 402 4097 de
420 4058 489 4114 prat.
507 4045 593 4094 urban.
613 4053 676 4092 tom.
694 4044 719 4103 1,
763 4040 859 4104 lngias,
878 4034 979 4084 atinde
996 4033 1163 4099 tibidiqnam
1184 4034 1270 4084 Men·

211 4141 266 4191 pag.
274 4127 335 4184 385,
349 4127 450 4177 mund.
460 4135 521 4191 part
531 4124 590 4177 edit.
599 4129 665 4172 nost.
763 4119 855 4167 sionem
865 4131 942 4181 pares.

314 4210 359 4278 ῙῙ.
386 4225 432 4271 Cic.
439 4239 495 4286 pars
508 4220 616 4270 munds.
1107 4193 1151 4263 23
