3200 4768
397 425 451 493 iu
477 423 692 491 venenu
717 422 822 490 ici:
844 426 900 505 11,
926 426 1018 490 mn.
1044 426 1106 491 iv.
1204 425 1274 521 239

213 546 396 644 provincia
414 546 555 615 occisus
576 557 649 629 est,
667 544 790 613 nescio
818 567 892 639 quo
915 558 1040 639 pacto,
1062 544 1147 616 dum
1171 553 1277 620 annis

215 669 419 737 exercetur,
446 653 600 722 annulus
626 654 803 738 aureusl,
826 676 935 748 quem
954 651 1127 741 habebut,
1147 653 1278 731 fractus

216 779 269 836 est
285 780 320 834 ct
333 767 587 836 comminutus.
606 763 729 850 Quum
748 761 853 832 vellet
870 759 938 831 sibi
954 764 1129 835 annulum
1145 765 1278 856 facere,

216 873 398 946 aurificem
420 873 524 968 jussit
550 874 669 943 vocari
690 874 728 942 in
758 870 898 959 forum,
928 871 972 942 ad
995 861 1163 959 sellam⁵,
1189 880 1278 947 Cor·

217 984 341 1069 dubae,
360 998 397 1055 et
414 985 447 1054 ei
465 983 582 1081 palam
597 981 770 1079 appendit
783 1004 922 1052 aurum.
936 986 1127 1054 Hominem
1144 986 1181 1054 in
1200 984 1279 1058 loro

217 1094 341 1166 sellam
368 1091 474 1189 jubet
501 1116 656 1190 ponere,
686 1106 722 1163 et
749 1090 866 1163 lacere
896 1092 1087 1180 annulum,
1113 1095 1282 1168 omnibus

217 1200 464 1301 presentibus.
486 1203 646 1273 Nimium
661 1199 812 1273 fortasse
832 1200 927 1272 dicet
940 1202 1069 1300 aliquis
1086 1204 1186 1275 huuc
1201 1206 1282 1277 dili·

218 1328 374 1411 gentem.
385 1311 829 1408 Hactenusreprehendat,
847 1313 876 1381 si
891 1314 973 1410 quis
983 1313 1094 1397 volet,
1105 1314 1195 1385 nihil
1209 1342 1283 1388 am·

219 1423 314 1518 plius
330 1449 338 1491 :
355 1445 481 1491 verum
495 1419 563 1491 fuit
579 1422 614 1492 ei
627 1420 900 1491 concedendum
916 1449 925 1491 ε
942 1420 1037 1493 lilius
1056 1427 1153 1494 enim
1167 1430 1206 1496 L.
1224 1429 1282 1497 Pi·

220 1535 318 1601 sonis
338 1544 432 1617 erat,
455 1530 553 1623 ejus,
568 1534 633 1625 qui
652 1531 788 1626 primus
806 1529 851 1601 de
866 1530 1056 1637 pecuniis⁶
1076 1535 1283 1632 repetundis

220 1639 337 1734 legem
352 1639 445 1710 tulit.
466 1639 672 1713 Ridiculum
694 1654 748 1710 est
766 1665 863 1711 nunc
880 1640 925 1711 de
940 1646 1052 1712 Verre
1070 1669 1129 1716 me
1147 1645 1284 1736 dicere,

222 1773 337 1846 quum
349 1747 395 1819 de
411 1752 541 1820 Pisone
556 1753 582 1818 F
584 1751 686 1845 rogi7
702 1748 863 1821 dixerim.
879 1754 1155 1842 Verumtamen,
1169 1782 1284 1854 quau·

223 1875 301 1930 tum
313 1862 469 1947 intersit,
486 1860 628 1930 videte:
648 1862 714 1930 iste
733 1885 848 1956 quum
866 1861 1004 1958 aliquot
1021 1865 1211 1937 abacorum
1232 1866 1285 1939 fa-

224 1984 321 2040 ceret
334 1994 415 2040 vasa
428 1994 554 2058 aurea,
567 1995 642 2040 uon
656 1968 851 2058 laboravit,
868 1972 956 2069 quid
967 1998 1043 2044 non
1057 1976 1168 2048 modo
1181 1980 1219 2047 in
1231 1980 1292 2048 Si·'

222 2079 454 2166 cilia,verum
466 2084 573 2150 etiam
583 2086 705 2150 uomae
715 2079 899 2174 injudicio
913 2080 1069 2169 audiret,
1081 2082 1139 2154 ille
1153 2087 1191 2154 in
1206 2089 1284 2155 auri

224 2184 431 2260 semuncia⁸
441 2203 553 2259 totam
567 2190 771 2285 Hispaniam
785 2191 874 2258 scire
883 2188 1015 2274 voluit,
1032 2190 1130 2261 uude
1143 2197 1285 2289 praetori

223 2301 380 2370 annulus
398 2297 510 2370 fieret.
531 2300 727 2383 Nimirum,
745 2312 789 2367 ut
806 2297 865 2367 hic
883 2321 1017 2368 nomen
1038 2313 1169 2372 suum9
1186 2327 1285 2373 com·

224 2408 406 2505 probavit,
424 2409 474 2478 sic
488 2407 547 2478 ille
565 2430 778 2503 cognomen.

274 2519 402 2587 XXVI.
426 2515 535 2588 Nullo
553 2515 662 2586 modo
680 2539 827 2611 possum
848 2521 970 2587 omnia
989 2520 1091 2589 istius
1113 2518 1206 2593 facta
1224 2539 1287 2596 aut

226 2631 399 2698 memoria
420 2624 611 2722 consequi,
631 2639 692 2695 aut
710 2626 871 2696 oratioue
892 2627 1083 2724 complecti
1103 2655 1111 2698 ε
1130 2645 1283 2726 gencra¹

228 2737 303 2831 ipsa
321 2738 427 2835 cupio
448 2735 605 2808 breviter
621 2739 815 2834 attingere3
840 2750 880 2806 ut
899 2737 959 2806 hic
980 2737 1089 2809 modo
1112 2765 1170 2811 me
1188 2765 1286 2811 com·

264 2969 288 3017 a.
302 2963 414 3011 annulus
425 2979 522 3012 aureus.
540 2964 628 3012 Anteio
639 2962 736 3012 annulis
779 2955 837 3004 inde
847 2957 949 3017 Rom,
959 2957 998 3003 vir
1006 2957 1115 3020 probus,
1126 2959 1200 3009 homo
1214 2962 1286 3027 uugi.

228 3051 349 3089 uenatum
355 3052 379 3088 et
387 3042 479 3104 equites
489 3053 582 3090 tentum
593 3044 733 3102 molientum
816 3037 839 3084 8.
852 3036 987 3083 Semuncla.
998 3036 1113 3085 Nondum
1122 3040 1186 3086 euim
1195 3040 1287 3107 Crispi·

228 3121 328 3185 ingenui
340 3119 512 3169 ceterifcrreoe
524 3121 656 3183 quob-nt.
780 3129 826 3162 uu·
843 3113 900 3162 illo·
916 3114 982 3162 leves
993 3115 1098 3164 annulos
1115 3128 1139 3164 et
1157 3117 1284 3169 diaerimen

265 3200 290 3248 5.
301 3198 345 3246 Ad
352 3197 445 3248 sellam.
462 3201 490 3246 Iu
508 3214 556 3261 que
569 3210 659 3261 pretor
669 3199 736 3248 eede-
778 3191 842 3240 illud
854 3193 984 3242 delium
996 3195 1074 3243 utlvl
1085 3196 1229 3265 hibernique
1242 3216 1286 3249 en·

229 3278 284 3335 lut,
293 3279 320 3326 h.
330 3295 354 3327 e.
363 3277 394 3325 ad
408 3276 515 3325 uibunel
527 3292 604 3325 cuum.
780 3273 831 3322 nuli
844 3276 977 3323 invenerat.

264 3360 291 3408 6.
311 3359 349 3405 De
356 3355 467 3421 peccanti}
484 3354 628 3420 repetundis.
639 3357 666 3402 L.
683 3355 737 3405 cu·
813 3370 839 3416 9.
849 3354 943 3402 Nomen
951 3370 1028 3402 stetim.
1037 3356 1125 3403 Vei-m
1132 3357 1197 3406 enim
1210 3371 1286 3409 totam

228 3437 330 3501 pumim
342 3437 417 3494 eno,
437 3439 523 3485 Rom·
543 3434 655 3484 uibunm
671 3451 737 3483 euno
779 3430 885 3481 sionim
894 3432 1024 3491 verrendo,
1034 3446 1059 3483 et
1067 3435 1159 3484 nudem
1166 3439 1287 3497 notendo,

228 3518 293 3573 θοι,
307 3515 401 3581 primm
412 3514 489 3580 legem
501 3514 532 3563 de
540 3514 680 3579 repetundis
690 3531 736 3579 pe·
780 3508 880 3574 dignum
896 3528 922 3560 se
939 3514 1023 3560 Vern'e
1041 3514 1141 3562 nomine
1158 3518 1286 3580 prestitit3

228 3596 307 3643 cuniis
319 3595 384 3644 tulit.
402 3595 458 3656 Qun
471 3595 507 3641 les
518 3606 569 3643 ent
587 3594 737 3658 producite,
779 3590 815 3636 tic
845 3589 969 3654 diligentie
995 3593 1091 3640 Pisonis
1120 3596 1289 3657 comprobavit

229 3675 737 3738 mgtnuatusuommoeuure,eiquin·
779 3666 841 3715 bene
860 3668 965 3717 inditum
984 3670 1020 3718 illi
1042 3671 1131 3734 gentile
1152 3687 1288 3735 cognomen

229 3753 294 3818 pinis
306 3766 350 3803 aut
361 3754 432 3801 surm
440 3753 613 3801 innotuissent.
778 3745 859 3794 suine·

267 3832 465 3898 7,Frugi‚1)uu
477 3843 573 3880 unium
581 3833 667 3879 Rom
678 3846 738 3880 oon·
816 3827 911 3873 ml.
927 3842 948 3874 ι,
968 3826 1074 3875 Genera.
1087 3827 1228 3883 Notendum
1247 3832 1289 3881 hic

230 3912 335 3961 ditione·
356 3915 414 3961 vitu
433 3911 577 3961 exercebunt
598 3912 679 3966 civo,
696 3921 738 3959 aut
782 3907 885 3957 centoris
898 3904 1041 3979 miliciam,
1060 3922 1111 3970 quo
1124 3908 1216 3959 solmon
1228 3921 1289 3960 tem.

231 4007 307 4051 teme,
316 4004 357 4040 aut
369 3993 542 4057 agriculturam
556 3990 686 4049 colebaut3
700 4001 738 4038 ut·
782 4002 855 4050 quun
867 3984 1047 4050 exspectatione
1066 3987 1125 4033 novi
1144 3985 1229 4053 flagitii
1246 4008 1290 4040 «χ.

232 4087 279 4134 que
289 4072 307 4118 ii
318 4073 362 4135 qui
373 4073 438 4134 egris
452 4072 561 4120 colendis
571 4082 639 4120 eraut
649 4070 739 4125 dediti,
783 4068 895 4123 suscitet,
907 4066 1054 4129 criminaque
1064 4068 1175 4130 pretoria
1186 4071 1238 4118 eine
1250 4088 1291 4119 uu·

231 4162 287 4194 mo
295 4149 391 4198 luxurie
402 4150 601 4210 innotueehmu
617 4150 696 4197 uuus
705 4159 741 4195 eet
786 4148 847 4194 dum
860 4146 957 4194 fastidio
967 4157 1068 4194 emme.
