3200 4768
301 379 370 450 216
489 460 492 465 ,
611 386 660 453 Μ.
684 387 723 453 Τ.
749 386 1043 460 CICERONIS

345 504 424 573 XII.
446 505 581 573 Verum
601 501 677 575 haec
694 506 844 578 emisse¹
865 522 901 579 te
918 508 1016 580 dicis.
1040 506 1162 597 Quid?
1182 507 1241 579 illa
1256 514 1357 582 Atta·

297 612 399 699 lica²,
420 626 495 683 tota
518 611 636 684 Sicilia
656 616 857 705 nominata,
883 616 1079 689 abeodem
1102 617 1194 689 Heio
1214 622 1356 716 peripe-

296 734 445 791 tasmata
471 746 591 794 emere
618 722 752 795 oblitus
778 726 840 797 cs?
865 728 983 798 Licuit
1008 725 1137 799 eodem
1164 728 1291 816 modo,
1316 740 1358 797 ut

296 831 405 927 signa.
433 830 531 921 Quid
552 833 650 903 enim
675 848 794 904 actum
823 833 990 927 est3?.an
1009 837 1121 908 literis
1143 838 1360 935 pepercisti?
1411 841 1413 845 ’

295 944 455 1012 Verumi
474 942 659 1013 hominem
674 958 855 1015 amentem
868 944 940 1017 hoc
955 943 1068 1043 fugit:
1088 947 1207 1016 minus
1222 946 1358 1037 clarum

295 1056 434 1148 putavit
452 1048 549 1140 sore,
567 1051 668 1148 quod
686 1050 731 1123 de
747 1054 919 1140 armario,
938 1079 1048 1151 quam
1065 1053 1168 1151 quod
1185 1052 1230 1124 de
1245 1076 1358 1124 sacra·

295 1161 350 1232 rio
368 1174 461 1233 essct
479 1159 649 1232 ablatum.
664 1166 710 1232 At
724 1161 911 1258 quomodo
928 1158 1096 1236 abstulit?
1112 1165 1195 1234 Non
1210 1186 1356 1259 possum

299 1269 418 1342 dicere
430 1271 590 1369 planius,
607 1295 716 1368 quam
729 1273 807 1369 ipse
818 1270 914 1369 apud
925 1298 990 1344 vos
1002 1271 1091 1342 dixit
1101 1275 1220 1341 Heius.
1233 1273 1357 1361 Quum

296 1381 519 1477 quaesissem,
543 1379 722 1477 numquid
741 1378 839 1450 aliud
856 1380 901 1452 de
918 1379 1025 1452 bouis
1045 1381 1123 1475 ejus
1139 1381 1360 1478 pervenisset

296 1486 342 1559 ad
368 1493 538 1578 Verrem,
565 1490 754 1588 respondit
781 1491 891 1561 istum
915 1489 1022 1562 adse
1047 1491 1206 1577 misisse,
1224 1504 1265 1560 ut
1290 1488 1360 1560 sibi

296 1598 454 1671 mitteret
472 1603 708 1697 Agrigentum
729 1603 1016 1697 peripetasmata.
1040 1601 1212 1692 Quaesivi,
1232 1625 1279 1670 an
1293 1599 1361 1669 mi·

296 1707 410 1778 sisset.
429 1708 629 1807 Respondit
645 1709 698 1797 id,
720 1708 823 1806 quod
840 1733 987 1799 necesse
1003 1704 1098 1796 erat,
1113 1734 1151 1780 se
1164 1707 1286 1780 dicto⁵
1301 1734 1362 1779 au·

296 1815 455 1888 dientem
481 1816 590 1890 fuisse
614 1821 787 1916 praetori:
812 1819 961 1890 misisse.
993 1821 1147 1915 Rogavi,
1176 1819 1360 1913 pervenis·

296 1941 424 1998 sentne
454 1930 699 2025 Agrigentum.
730 1929 829 1999 Dixit
857 1930 1072 2026 pervenisse.
1104 1928 1282 2019 Quaesivi,
1312 1952 1359 1997 an

298 2035 448 2108 domum
463 2038 691 2109 revertissent
700 2034 728 2107 ⁶.
745 2039 895 2134 Negavit
909 2038 1028 2109 adhuc
1040 2039 1239 2108 revertisse.
1255 2038 1360 2108 Risus

297 2149 446 2247 populi,
467 2163 576 2249 atque
595 2146 879 2222 admurmuratio
903 2157 1068 2224 omnium
1090 2163 1248 2224 vestrum
1269 2146 1361 2223 sacta

302 2275 366 2330 est.

347 2370 413 2441 Hic
432 2370 499 2441 tibi
517 2372 555 2441 in
574 2387 734 2445 mentem
751 2400 826 2445 non
841 2374 941 2445 venit
954 2371 1104 2467 jubere,
1120 2382 1162 2441 ut
1176 2369 1252 2440 haec
1270 2391 1361 2464 quo·

298 2608 340 2668 jus
354 2620 479 2655 somnum
490 2606 556 2654 cinci
567 2604 811 2672 affixnmetprorsns
854 2609 965 2657 Verrem.
988 2606 1069 2655 licuit
1090 2607 1155 2654 enim
1177 2618 1255 2652 emere
1278 2600 1363 2649 eodem

301 2695 426 2744 enecatum
444 2686 524 2734 fuisse.
535 2687 645 2733 Mastane
662 2686 762 2753 verbnm
776 2698 812 2737 est
856 2685 946 2745 modo,
961 2699 1012 2749 qno
1025 2693 1115 2731 uem
1134 2683 1202 2747 signa
1215 2679 1327 2729 Horcnlis
1339 2688 1364 2725 ct

265 2812 267 2815 ,
303 2758 442 2828 trcligionc
451 2763 747 2833 desumptum,tamqnam
757 2766 813 2828 quis
856 2763 999 2828 Cupidinis,
1021 2776 1076 2825 qun
1098 2760 1210 2819 sublata,
1224 2760 1251 2806 in
1270 2757 1365 2806 tabulas

304 2840 395 2889 diceret
407 2841 482 2905 magis
493 2842 813 2906 ancmrevelaugere.i{ino
857 2843 947 2890 Heium
966 2840 1058 2903 inssisti
1079 2849 1202 2905 tamqnam
1220 2836 1318 2885 vendita
1328 2852 1366 2885 rc·

303 2921 369 2985 apud
383 2921 511 2979 Nonium,
531 2921 618 2991 Cicero
636 2920 814 2970 nithonorssrns
858 2921 929 2970 ferre.

305 3009 416 3047 motare.
430 2998 502 3047 Brevi
511 2998 543 3045 ad
554 2998 631 3062 ipsam
643 2999 748 3045 hostiani
760 3014 814 3062 quae
894 3000 918 3046 3.
933 2998 1000 3062 Quid
1010 2997 1074 3045 enim
1085 3004 1167 3044 actam
1178 3001 1230 3043 est?
1243 2992 1366 3058 Quidnam

305 3076 458 3134 cedebatur,
470 3073 586 3134 defluxit,
600 3087 624 3123 et
632 3089 679 3139 pro
690 3075 815 3124 immolare
857 3078 1032 3142 impedimento
1042 3076 1100 3134 init,
1109 3091 1154 3123 cur
1162 3091 1214 3123 non
1222 3073 1257 3122 ita
1268 3086 1366 3136 quoquc

306 3162 343 3202 est
355 3152 527 3214 desumptum,
550 3163 578 3200 nt
597 3151 662 3216 apud
683 3153 813 3203 Plautum:
858 3159 958 3221 ageres?
967 3184 1001 3193 -
1011 3159 1052 3205 An
1065 3154 1140 3205 licerit
1150 3151 1297 3219 pepercisti?
1309 3151 1366 3199 Non

306 3240 432 3279 mactare
444 3229 596 3296 malo-,mro
604 3230 710 3279 maximo
719 3229 829 3280 afficere
858 3236 927 3283 ilium
939 3236 967 3283 in
985 3233 1079 3283 tabulas
1092 3232 1175 3280 referri
1187 3229 1294 3293 inssisti,
1309 3228 1367 3275 item

205 3334 210 3343 ·
305 3308 449 3357 infortuni&
856 3325 884 3362 ut
893 3314 924 3361 de
935 3314 1009 3377 signin
1022 3311 1140 3360 sacrarii?

342 3389 399 3436 xit.
412 3403 433 3436 r.
445 3390 534 3435 Verum
542 3386 595 3435 ltaec
602 3386 694 3437 emisse.
701 3387 813 3452 Abrupta
893 3401 918 3449 4.
933 3395 1028 3439 Verum.
1041 3391 1101 3436 Haec
1118 3402 1189 3435 causa
1206 3398 1243 3434 cst
1260 3402 1305 3434 cur
1317 3399 1369 3431 non

307 3467 372 3516 redit
385 3467 416 3514 sd
428 3466 512 3513 Verris
524 3466 704 3514 excusationem
718 3477 813 3525 orator,
857 3472 893 3520 cic
905 3480 933 3518 ut
944 3452 1015 3516 autea
1024 3468 1112 3513 Verres
1127 3465 1216 3528 egerit,
1227 3463 1294 3527 qnod
1314 3464 1369 3509 sur·

308 3557 333 3596 et
351 3548 393 3611 qni
406 3545 447 3593 hic
463 3544 556 3609 aliquid
569 3544 699 3593 desiderari
711 3556 814 3610 putant,
858 3561 911 3599 tum
931 3544 1007 3604 illud,
1028 3544 1107 3592 multo
1129 3543 1211 3590 minna
1233 3554 1320 3591 nomm
1339 3555 1368 3587 to

307 3628 418 3693 proiecto
430 3624 557 3674 falluntur.
717 3630 720 3635 ’
858 3629 981 3691 signorum
991 3623 1058 3680 fore,
1066 3632 1102 3670 est
1113 3621 1254 3670 arbitratus.

343 3724 368 3754 a.
382 3706 432 3753 ma
446 3704 565 3753 Atmiica.
576 3703 645 3751 Ordo
663 3714 699 3751 est
708 3718 715 3752 :
724 3703 815 3753 oblitus
895 3706 920 3753 5.
932 3704 962 3749 So
974 3700 1048 3749 dicto.
1056 3700 1132 3748 Multi
1143 3698 1237 3747 scilicet
1249 3696 1313 3744 dioto
1324 3709 1369 3745 ex·

308 3801 333 3832 er
345 3802 444 3849 qunque
457 3783 583 3835 abeodem
593 3785 657 3832 licio
664 3801 742 3834 emere
750 3820 759 3846 ,
766 3784 814 3831 hoc
858 3781 951 3830 hibent.

307 3875 356 3919 est,
363 3866 388 3911 in
397 3865 489 3912 tabulas
500 3876 620 3929 tamqnam
630 3876 710 3930 empta
720 3864 816 3919 referre,
895 3860 919 3906 6.
933 3861 972 3906 An
985 3858 1083 3905 domam
1091 3852 1245 3904 revertissent.
1256 3849 1367 3898 Lambin.

308 3941 350 3989 tlta
364 3943 547 4005 peripetasmata
558 3957 565 3990 τ
577 3943 700 3999 Attaiioa,
710 3942 759 3988 hoc
767 3947 816 3998 est,
860 3932 1209 3988 (transmutantur.
1226 3938 1370 3992 receperunt

308 4033 368 4067 auro
386 4021 531 4078 intertexta,
543 4021 622 4083 qualia
636 4036 681 4067 rex
692 4020 756 4067 Asin
770 4020 815 4064 At·
861 4015 1083 4081 «quemadmodum
1109 4009 1291 4060 revertissent».
1314 4006 1371 4056 Ati·

308 4097 372 4147 talus
391 4095 539 4161 possidebat.
558 4096 709 4148 Facetiuime
725 4096 773 4144 hoc
791 4098 817 4143 in
861 4104 919 4144 vcro
932 4094 1006 4146 lectio
1014 4094 1098 4160 potior
1108 4089 1182 4141 nobis
1193 4100 1230 4137 est
1241 4087 1299 4135 visa.
