3176 4770
323 431 385 476 soa
646 411 694 476 Μ.
714 411 751 476 Τ.
772 411 1046 482 CICERONIS

314 541 437 598 tamen
455 528 594 627 perpeti
609 543 645 600 et
660 528 838 627 perferre,
848 532 948 630 quod
963 531 1177 630 magnitudo
1193 532 1285 605 lucri
1298 536 1381 609 obs·

315 651 457 709 curaret
490 639 658 735 periculi·
679 641 982 738 magnitudinem,
1007 644 1163 741 plusque
1195 644 1381 743 aliquanto

315 745 413 845 apud
432 761 467 817 te
488 750 650 844 pecunias
668 749 862 847 cupiditas,
884 777 994 848 quam
1011 752 1139 849 judicii
1159 768 1279 826 metus
1299 780 1382 854 pos·

313 857 392 929 set?
408 860 512 943 Esto,
531 872 649 929 cetera
668 884 800 956 negare
817 887 893 934 nou
911 878 1040 961 potes:
1060 889 1107 935 ne
1125 864 1213 936 illud
1230 866 1380 962 quidem

313 965 380 1038 tihi
390 967 572 1064 reliquum
584 967 718 1057 fecisti,
732 985 773 1042 ut
784 971 855 1043 hoc
865 997 988 1071 posses
998 973 1135 1063 dicere,
1148 975 1241 1046 nihil
1253 1001 1379 1048 eorum

315 1092 350 1162 te
365 1077 527 1165 audisse,
545 1078 637 1150 nihil
659 1080 705 1153 ad
726 1095 803 1153 tuas
819 1108 925 1155 aures
944 1082 989 1155 de
1007 1082 1153 1156 infamia
1172 1101 1234 1157 tua
1252 1110 1379 1183 perve-

313 1189 429 1277 nisse?
449 1188 706 1278 Querebautur
721 1216 806 1262 cum
821 1192 922 1264 luctu
939 1207 976 1264 et
989 1198 1125 1291 gemitu
1142 1209 1299 1266 aratores
1315 1209 1379 1266 :tu

313 1296 352 1377 id
371 1297 575 1373 nesciebas?
596 1300 788 1374 Fremebat
809 1317 884 1374 tota
904 1306 1111 1400 provincia:
1130 1330 1239 1377 nemo
1256 1304 1294 1375 id
1313 1304 1379 1376 tibi

314 1407 570 1494 renuntiabat?
586 1415 709 1483 Romae
723 1414 960 1509 querimoniae
972 1412 1019 1484 de
1033 1415 1104 1485 tuis
1118 1414 1276 1508 injuriis,
1295 1439 1379 1486 cou-

313 1537 514 1620 ventusque
529 1523 777 1597 habebantur:
790 1525 982 1623 ignorabas
994 1527 1090 1599 haec?
1103 1527 1295 1624 ignorabas
1303 1528 1380 1599 haec

314 1633 458 1703 omnia?
480 1633 600 1723 Quid?
626 1661 742 1733 quum
765 1637 882 1734 palam
907 1639 1107 1733 Syracusis,
1131 1637 1380 1732 teaeaudiente,

314 1743 471 1814 maximo
489 1761 673 1817 conventu
687 1751 724 1818 Ρ.
740 1746 898 1818 Rubrius
912 1749 956 1837 Q.
970 1750 1170 1842 Apronium
1184 1751 1380 1845 sponsione

314 1851 490 1924 lacessivit
501 1856 545 1941 ¹⁴,
561 1857 607 1927 Ns
625 1861 806 1927 Aesonius
823 1881 1057 1943 ntcrrraanr,
1076 1882 1119 1926 rr
1135 1880 1199 1926 ster
1220 1882 1257 1926 nv
1275 1882 1381 1928 uacu-

314 1987 377 2039 ttrs
395 1988 473 2035 esse
490 1988 640 2036 socruu:
656 1965 731 2037 baec
747 1980 783 2037 te
801 1990 874 2038 vox
886 1991 961 2037 non
979 1961 1197 2065 perculit¹⁵?
1208 1990 1283 2036 uon
1297 1990 1379 2063 per·

314 2071 494 2145 turbavit?
513 2100 608 2163 non,
631 2089 674 2147 ut
690 2076 799 2174 capiti
818 2090 854 2149 et
877 2074 1031 2148 fortunis
1048 2076 1119 2147 tuis
1136 2077 1380 2173 prospiceres,

313 2185 503 2273 excitavit?
529 2185 710 2257 Tacuisti:
738 2184 868 2258 sedasti
900 2188 1005 2257 etiam
1036 2185 1116 2257 lites
1145 2178 1313 2274 illorum3
1343 2199 1380 2256 et

315 2302 466 2395 sponsio
485 2300 546 2371 illa
563 2325 608 2372 ne
628 2298 753 2389 lieret,
770 2300 953 2372 laborasti.

365 2411 490 2479 LVIII.
520 2415 590 2481 Pro
618 2411 667 2482 dii
697 2408 940 2482 immortales!
969 2410 1040 2483 hoc
1067 2412 1242 2482 innocens
1269 2410 1380 2481 homo

315 2520 456 2614 perpeti
485 2520 686 2616 potuisset?
709 2536 771 2592 aut
798 2524 961 2617 quamvis
990 2544 1150 2606 nocens,
1177 2524 1241 2618 qui
1272 2520 1381 2591 modo

313 2624 449 2721 judicia
473 2633 595 2701 Rontae
622 2629 700 2702 fore
724 2646 889 2729 putaret,
912 2657 988 2703 uon
1015 2631 1133 2729 aliqua
1152 2630 1381 2701 simulatione
1423 2718 1427 2723 .

316 2740 571 2813 existimationi
600 2754 661 2814 se¹
691 2741 883 2817 hominum
909 2740 1175 2815 venditasseu?
1201 2738 1300 2831 Quid
1327 2754 1383 2812 est

316 2847 418 2920 boc?
434 2853 581 2949 sponsio
596 2851 638 2923 fit
653 2852 700 2925 de
715 2851 852 2951 capite³
872 2878 913 2925 ac
930 2852 1088 2926 fortunis
1105 2854 1177 2923 tuis
1193 2878 1201 2920 s
1222 2866 1264 2921 tu
1280 2850 1382 2921 sedes

316 2973 354 3031 et
370 2962 547 3057 quiescis?
564 2987 640 3034 uon
661 2965 937 3060 persequeristt
958 2988 1033 3034 non
1057 2960 1289 3059 perseveras?
1304 2984 1381 3031 nou

316 3072 517 3166 perquiris,
538 3073 598 3143 cui
615 3071 747 3143 dixerit
762 3075 968 3172 Apronius?
987 3073 1069 3170 quis
1087 3070 1263 3142 audierit?
1284 3068 1381 3141 unde

316 3174 387 3248 hoc
417 3194 566 3268 natum,
597 3182 907 3278 quemadmodum
935 3184 1117 3283 prolatum
1146 3182 1215 3254 sit?
1241 3181 1278 3252 Si
1299 3180 1381 3279 quis

315 3284 383 3356 tibi
405 3288 451 3359 ad
472 3314 595 3361 aurem
616 3293 836 3382 accessisset,
856 3309 893 3366 et
913 3293 1077 3378 dixisset,
1102 3292 1305 3390 Apronium
1330 3289 1383 3361 di·

316 3397 460 3485 ctitare,
481 3414 517 3471 te
535 3399 604 3471 sibi
621 3424 698 3474 esse
721 3404 880 3493 socium3
900 3403 1119 3475 commoveri
1141 3416 1177 3474 te
1197 3402 1381 3500 oportuit,

352 3601 393 3651 rt.
405 3592 538 3657 Sponsiene
550 3593 676 3643 tamine.
696 3594 755 3645 vtd.
771 3613 825 3662 esp.
905 3596 993 3643 LVIII.
1013 3609 1036 3644 1.
1052 3593 1236 3643 Eabtimatioui
1251 3610 1287 3644 se.
1303 3594 1382 3643 stmu-

315 3676 365 3733 do,
378 3690 404 3721 n.
413 3674 443 3732 3,
465 3683 490 3721 et
503 3672 543 3720 adi
560 3673 592 3721 ad
611 3672 670 3723 calc.
686 3676 759 3740 prim.
771 3676 824 3726 vol.
869 3676 917 3724 lata
930 3673 1011 3737 aliqua
1022 3675 1111 3723 virtute
1121 3675 1257 3732 effecisset,
1267 3683 1294 3721 ut
1302 3672 1383 3721 homi·
1491 3690 1494 3695 ⁴

314 3755 416 3802 Earum.
430 3751 461 3800 de
472 3751 537 3815 priv.
550 3752 604 3813 jad.
869 3770 913 3803 nee
924 3754 956 3801 de
967 3770 994 3802 se
1005 3754 1067 3802 bene
1079 3755 1249 3819 epistimmut

353 3834 393 3880 15.
404 3834 462 3880 Em.
477 3848 492 3879 e
508 3833 647 3895 conjectura
659 3832 758 3883 dederat
767 3849 826 3896 per·
905 3848 929 3879 s.
942 3832 991 3880 Alii
1004 3832 1082 3890 mele,
1098 3832 1257 3881 vindicasset.
1273 3833 1297 3879 J.
1306 3832 1338 3877 V.
1352 3830 1382 3878 L.

315 3911 495 3959 cantetur..
503 3911 676 3960 Fenestellam
684 3911 825 3977 «pereutit-
906 3913 929 3961 3.
948 3913 986 3958 De
998 3911 1087 3976 capite.
1097 3914 1118 3962 1.
1129 3928 1153 3961 e.
1161 3911 1192 3960 de
1201 3912 1257 3972 jure
1270 3907 1383 3957 civitafis.

316 3988 347 4041 de
359 3989 436 4051 prium
453 3990 611 4053 impressione
628 3990 733 4049 dicitur,
754 4006 826 4053 vam
869 3993 1002 4040 Damnatus
1017 4008 1104 4056 nempe
1116 3991 1203 4039 exsilio
1213 3986 1369 4037 multabatur.

314 4067 356 4115 illa
368 4083 417 4115 vox
432 4069 459 4114 in
471 4070 553 4116 Verris
568 4071 650 4117 auimo
664 4070 740 4117 faeere
751 4068 825 4118 debe·
906 4078 931 4125 4.
957 4072 1014 4118 Nen
1034 4069 1194 4136 persequeris.
1222 4071 1383 4117 Accusatores

313 4148 363 4198 tar.
374 4148 460 4211 Neque
469 4146 524 4195 ideo
534 4148 705 4195 vehementius.
716 4148 814 4198 Selruts.
869 4166 921 4198 nou
933 4150 1060 4213 calumnie
1068 4150 1165 4215 judicio
1178 4150 1337 4216 penequeris.
