3186 4772
298 366 369 462 296
609 371 657 439 Μ.
683 370 721 439 r.
747 369 1037 443 ciceronis

297 489 474 561 cherrima
499 487 655 577 factum,
680 515 802 562 nonne
828 491 1030 562 abstulisti?
1058 490 1178 582 Quid?
1211 510 1256 561 ex
1283 491 1357 565 mdc

295 598 434 670 Liberae
460 599 601 669 Parium
615 608 645 642 ¹²
669 599 761 671 illud
789 615 899 699 caput
921 598 1230 697 pulcherrimum,
1258 600 1358 696 quod

296 709 411 780 visere
435 706 658 794 solebamus,
680 734 771 779 num
793 709 965 786 dubitasti
987 708 1137 785 tollere?
1162 712 1281 805 Atque
1299 708 1358 780 ille

296 821 398 891 Paean
426 818 606 890 sacrificiis
635 821 886 895 anniversariis
916 820 1022 892 simul
1050 843 1133 890 cum
1154 819 1358 916 AEsculapio

297 926 395 1025 apud
415 929 496 1000 illos
514 925 710 999 colebatur.
732 933 917 1018 Aristaeus,
938 932 1023 1027 qui,
1044 943 1086 999 ut
1104 931 1219 1000 Graeci
1239 926 1359 999 ferunt

297 1035 442 1136 [Liberi
462 1036 601 1135 filius],
621 1040 788 1117 inientor
814 1039 884 1111 olei
909 1064 985 1111 esse
1010 1039 1156 1127 dicitur,
1184 1062 1358 1110 unacum

295 1146 429 1220 Libero
448 1162 549 1246 patre
567 1147 665 1246 apud
681 1146 763 1221 illos
780 1148 909 1227 eodem
930 1149 1061 1220 eratin
1080 1146 1218 1246 templo
1236 1170 1358 1225 conse·

296 1273 426 1330 cratus.

344 1370 466 1437 LV111.
490 1370 616 1437 Jovem
634 1380 755 1439 autem
773 1371 1033 1466 Imperatorem
1056 1380 1196 1464 quanto
1218 1364 1358 1435 honore

297 1479 337 1547 in
360 1500 427 1547 suo
452 1462 587 1572 templo
608 1473 717 1547 fuisse
735 1475 980 1555 arbitramini?
999 1475 1086 1547 hinc
1107 1473 1274 1570 colligere
1292 1496 1360 1570 po·

300 1586 421 1672 testis,
440 1591 469 1657 si
487 1585 668 1665 recordari
685 1584 890 1674 volueritis,
910 1601 1047 1685 quanta
1066 1585 1237 1681 religione
1254 1581 1360 1655 luerit

299 1694 424 1766 eadem
456 1699 576 1793 specie
604 1711 713 1792 atque
740 1694 854 1767 forma
882 1699 1024 1794 signum
1054 1694 1165 1782 illud,
1194 1692 1295 1789 quod
1317 1717 1360 1764 ex

299 1802 510 1875 Macedonia
537 1815 705 1901 captum¹
736 1806 775 1875 in
802 1806 981 1903 Capitolio
1005 1819 1174 1904 posuerat
1194 1802 1360 1874 Flamini·

299 1939 380 1984 nus.
404 1917 546 1987 Etenim
569 1916 637 1984 tria
660 1912 873 1986 serebantur
892 1921 930 1987 in
949 1916 1039 1989 orhe
1063 1932 1238 1988 terrarum
1262 1916 1361 2012 signa

299 2026 396 2096 Jovis
418 2024 647 2120 Imperatoris
672 2049 748 2096 uno
771 2026 808 2095 in
835 2049 965 2123 genere
984 2025 1226 2125 pulcherrime
1247 2023 1357 2094 facta:

300 2159 416 2204 unum
445 2133 534 2204 illud
563 2132 856 2222 Macedonicum,
885 2134 986 2233 quod
1011 2138 1050 2206 in
1074 2133 1251 2232 Capitolio
1269 2128 1361 2201 vide·

301 2254 426 2333 mus23
446 2244 618 2331 alterum,
639 2244 677 2313 in
700 2245 806 2314 Ponti
824 2242 912 2316 ore³
930 2260 966 2316 et
983 2245 1174 2342 angustiis,
1195 2245 1359 2327 tertium,

299 2353 401 2452 quod
430 2357 612 2450 Syracusis
640 2367 725 2424 ante
757 2358 904 2426 Verrem
934 2372 1124 2453 praetorem
1158 2352 1237 2426 fuit.
1267 2349 1361 2424 Illud

299 2463 520 2535 Flamininus
540 2465 590 2533 ita
610 2488 655 2533 cx
675 2462 750 2534 aede
770 2467 857 2536 sual
880 2466 1043 2554 sustulit,
1058 2481 1099 2537 ut
1112 2470 1151 2536 in
1166 2462 1358 2563 Capitolio,

301 2574 373 2648 hoc
397 2586 472 2660 est,
496 2574 535 2647 in
557 2574 717 2649 terrestri
742 2572 924 2648 domicilio
948 2579 1046 2656 Jovis
1069 2590 1230 2674 poneret
1251 2567 1358 2663 Quod

302 2852 458 2903 Macedonici
476 2852 535 2900 belli
553 2864 654 2901 eventus
673 2852 697 2900 el
718 2850 810 2900 adseri·
854 2853 883 2899 Τ.
891 2848 1199 2911 Quintiumctncinmtum
1209 2844 1361 2910 adscripaere.

304 2936 372 2992 bena,
380 2943 544 2995 cognomento
551 2931 708 2996 Imperatoris
719 2947 811 2983 memo·
891 2944 916 2977 a.
932 2928 1052 2977 Videmus.
1071 2931 1185 2977 liottom.
1205 2925 1316 2973 vidimus
1326 2939 1364 2971 re·

304 3014 363 3059 riam
376 3009 489 3059 beneficii
501 3011 552 3071 ejus
562 3009 746 3059 consecraverit.
854 3008 952 3073 posuit,
965 3007 1048 3070 qnod,
1063 3005 1157 3069 inquit,
1174 3006 1290 3069 qnoniam
1304 3018 1360 3053 con·

343 3106 385 3141 ra.
399 3089 474 3151 Vulg.
484 3105 595 3151 paruam.
618 3087 718 3137 Lallem.
733 3105 747 3136 e
760 3091 811 3141 Cu·
855 3081 1362 3151 flagratumestCapitolinm‚tlepraeterito

298 3168 359 3229 jacii
378 3166 443 3214 libro
468 3177 493 3213 et
512 3179 615 3229 quatuor
634 3169 697 3215 MSS
723 3169 811 3233 regiis,
856 3177 966 3231 tempore
979 3176 1073 3223 rentum
1086 3165 1137 3229 agit
1149 3175 1241 3211 orator.
1253 3167 1361 3217 Frustrr;

304 3245 429 3293 Petrinum.
439 3247 562 3292 Graevium
578 3246 810 3308 requiruntur„
855 3262 960 3309 namque
968 3245 1063 3309 signnm
1070 3241 1131 3290 illud
1142 3241 1244 3290 flammis
1254 3251 1361 3305 ereptum

337 3325 425 3371 Lv111.
442 3339 464 3372 1.
480 3323 554 3386 Quod
564 3340 595 3370 ex
607 3325 811 3381 Macedoniarn·
855 3324 912 3381 rede
930 3325 1064 3373 coaluerat
1084 3322 1233 3379 restitutum,
1247 3332 1272 3368 er
1286 3318 1361 3366 nunt

298 3414 380 3466 perun.
390 3403 438 3448 llic
448 3417 461 3448 a
471 3401 587 3449 Cicerone
596 3402 708 3452 dissentit
718 3405 810 3466 Lirim,
854 3403 947 3461 adhuc,
962 3404 1066 3463 Trojano
1077 3411 1205 3465 regnante,
1224 3408 1252 3446 nt
1264 3406 1361 3445 testatur

302 3482 430 3543 etsignum
438 3479 565 3538 illud,non
572 3480 812 3543 jamexMucetlonia
854 3483 1014 3544 le.Paneg.
1026 3496 1080 3545 cap.
1094 3481 1118 3528 5.
1138 3466 1141 3473 ’

302 3580 316 3609 a
324 3562 354 3608 Τ.
362 3559 465 3622 Quintio
481 3559 629 3617 Flaminino,
638 3561 681 3608 sed
691 3564 811 3612 Praeneste
891 3562 915 3608 3.
928 3562 958 3611 In
972 3559 1046 3609 Ponti
1055 3557 1236 3622 ore‘remplum
1243 3556 1302 3603 tovi
1315 3552 1362 3602 Οὐ-

301 3658 315 3688 e
334 3642 364 3688 T.
381 3638 485 3701 Quintio
498 3636 649 3687 Cincinnato
657 3640 812 3705 deportatum
856 3635 898 3706 ρὶῳ
918 3638 965 3684 fuit
979 3639 1151 3698 constitutum,
1172 3638 1235 3686 inter
1251 3634 1363 3699 Bospho-

196 3782 199 3789 ἱ
304 3720 378 3766 fuisse
390 3717 527 3769 contendit.
546 3718 605 3767 vid.
622 3720 673 3768 Tit.
688 3721 742 3769 Lir.
760 3722 811 3781 VI,
856 3732 910 3767 rum
924 3717 1033 3765 ‘sbracioe
1047 3728 1071 3765 et
1082 3718 1259 3781 Trapezuntem
1272 3713 1364 3761 urbem.

303 3798 620 3861 29,edir.nost,rom.11‚
633 3816 659 3864 p.
672 3803 733 3863 298,
742 3810 766 3848 et
778 3800 814 3848 ibi
857 3796 962 3860 Propter
972 3798 1032 3846 tanti
1049 3797 1155 3845 numinis
1170 3795 1311 3859 religionem
1328 3792 1365 3839 lo-

302 3884 355 3921 not.
367 3876 461 3939 Lipsius
470 3878 532 3925 hauc
544 3877 661 3942 originem
671 3880 729 3927 linio
738 3880 813 3926 roias·
856 3891 900 3922 cus
912 3878 991 3924 omnis
1005 3879 1116 3937 vicinus,
1129 3886 1264 3924 sanctuario
1278 3888 1364 3921 conso-

301 3951 387 4013 signat.
394 3956 470 4000 Notat
479 3956 506 4000 in
516 3955 568 4002 basi
577 3974 667 4005 nomen
674 3959 706 4004 Τ.
717 3955 812 4016 Quintil
856 3963 935 4002 cratus
947 3955 1087 4005 habebatur.

301 4029 471 4077 tantummodo
492 4032 565 4080 fuisse
584 4034 737 4097 inscriptum.
752 4032 812 4080 inde
893 4042 917 4087 4.
932 4033 997 4080 AEde
1009 4050 1063 4084 sna.
1081 4032 1184 4097 Templo
1205 4032 1296 4083 scilicet
1314 4046 1364 4095 quo

300 4106 415 4169 saliiatlT.
423 4109 551 4171 Quintium
560 4108 812 4170 rumininum,rtiiad
857 4111 989 4161 colebatur.
1327 4100 1330 4107 “
