3186 4772
312 402 382 499 298
631 404 678 471 Μ.
705 406 743 473 r.
770 403 1048 474 cronuotus

310 538 420 611 esset,
439 527 489 594 ita
512 545 631 611 nunc,
656 522 746 620 quid
770 520 956 621 undique³
982 522 1142 595 ablatum
1160 526 1225 609 sit,
1247 539 1373 596 osten·

309 632 411 733 dunt
433 632 531 724 Quid
551 634 653 704 tum?
674 633 894 705 mediocrine
919 633 1064 704 tandem
1086 631 1212 704 dolore
1234 658 1298 705 eos
1318 632 1372 705 af·

308 742 422 816 lectos
435 767 511 815 esse
525 742 770 815 arbitramini?
783 748 867 816 Non
882 744 931 814 ita
942 757 1012 830 est,
1021 741 1181 838 judices:
1196 743 1372 839 primum,

308 854 410 951 quod
423 872 551 925 omnes
563 854 735 951 religione
746 869 951 941 moventur,
964 870 1001 926 et
1014 854 1101 925 deos
1114 855 1265 951 patrios,
1277 878 1371 950 quos

308 987 329 1034 a
353 963 549 1058 majoribus
573 978 810 1062 acceperunt,
836 963 1008 1036 colendos
1032 961 1100 1034 sibi
1125 960 1371 1058 diligenter.et

306 1073 517 1146 retinendos
534 1096 610 1144 esse
629 1073 868 1160 arbitrantur3
886 1072 1017 1145 deinde
1033 1073 1092 1143 hic
1108 1086 1275 1158 ornatus,
1293 1071 1370 1143 haec

307 1208 418 1281 opera
443 1199 551 1281 atque
580 1183 751 1273 artificia,
778 1186 899 1281 signa,
922 1182 1054 1255 tabulae
1081 1183 1203 1280 pictae,
1226 1186 1369 1252 Graecos

305 1293 472 1364 homines
499 1296 611 1364 nimio
641 1319 751 1392 opere
779 1293 968 1366 delectant.
999 1299 1126 1390 ltaque
1153 1316 1197 1362 ex
1224 1289 1370 1362 illorum

305 1404 542 1500 querimoniis
567 1403 767 1502 intelligere
793 1427 1006 1503 possumus,
1030 1402 1107 1473 haec
1127 1400 1197 1472 illis
1214 1400 1369 1472 acerbis·

305 1514 395 1583 sima
408 1510 539 1601 videri,
559 1538 639 1611 quae
659 1513 805 1586 lotsitan
825 1513 931 1587 nobis
947 1515 1037 1586 levia
1051 1528 1088 1585 et
1103 1510 1369 1584 contemnenda

306 1643 383 1692 esse
400 1622 600 1694 videantur.
620 1624 708 1695 Mihi
724 1624 877 1713 credite,
890 1623 1030 1719 judices
1048 1622 1214 1719 (tametsi
1230 1634 1369 1692 vosmet

305 1730 403 1828 ipsos
429 1731 505 1802 baec
531 1733 658 1805 eadem
684 1732 817 1829 audire·
833 1749 933 1806 certo
957 1734 1072 1822 scio),
1099 1756 1214 1830 quum
1238 1730 1369 1802 multas

304 1842 507 1938 acceperint
536 1866 603 1939 per
629 1843 739 1932 hosce
764 1867 879 1914 annos
902 1845 989 1916 socii
1014 1858 1123 1941 atque
1148 1855 1280 1913 exterae
1303 1866 1368 1911 na·

304 1953 423 2022 tiones
441 1952 658 2025 calamitates
679 1967 714 2025 et
734 1952 903 2047 iujurias;
925 1952 1041 2024 nullas
1068 1954 1182 2023 Greci
1202 1949 1368 2020 homines

304 2062 445 2157 gravius
476 2063 639 2132 tulerunt
649 2065 676 2151 l,
707 2087 776 2133 nec
804 2059 944 2152 ferunt,
975 2086 1085 2159 quam
1118 2055 1367 2155 hujuscemodi

305 2171 536 2271 spoliationes
557 2171 723 2245 fanorum
743 2188 852 2270 atque
872 2172 1103 2272 oppidorum.

353 2285 453 2354 Licet
470 2284 536 2354 iste
553 2282 649 2355 dicat
670 2285 797 2355 emisse
815 2308 872 2373 se,
891 2285 994 2354 sicuti
1016 2282 1107 2354 solet
1125 2279 1267 2351 dicere:
1290 2302 1368 2350 cre·

304 2390 380 2462 dite
405 2390 476 2462 boc
501 2393 609 2481 mihi,
630 2393 799 2489 judices:
825 2394 923 2465 nulia
948 2415 1122 2491 umquam
1148 2392 1270 2461 civitas
1292 2404 1367 2462 tota

303 2501 387 2571 Asia
408 2514 445 2571 et
465 2502 622 2589 Graecia,
644 2506 786 2599 signum
803 2501 954 2592 ullum⁵,
968 2501 1127 2574 tabulam
1143 2504 1294 2598 pictam,
1312 2497 1366 2568 ul·

303 2609 381 2681 lum
405 2610 565 2708 denique
585 2629 839 2684 ornamentum
863 2613 985 2703 urbis,
1006 2638 1072 2684 sua
1087 2611 1270 2682 voluntate
1287 2610 1365 2678 cui·

303 2745 413 2819 quam
437 2721 607 2794 vendidit.
635 2725 711 2796 Nisi
736 2719 852 2794 forte⁶
878 2721 1103 2808 existimatis,
1131 2731 1366 2818 posteaquam

301 2835 435 2931 judicia
454 2862 576 2909 severa
595 2843 717 2909 Romae
738 2836 817 2908 fieri
834 2835 1023 2923 desierint,
1041 2839 1185 2907 Graecos
1201 2831 1366 2903 homines

303 2944 381 3019 haec
394 2946 579 3020 venditare
594 2951 763 3047 coepisse,
782 2972 863 3045 quae
880 2962 958 3018 tum
974 2972 1050 3047 non
1066 2943 1177 3015 modo
1191 2966 1266 3013 non
1281 2965 1365 3012 ven-

340 3133 365 3181 3.
383 3133 450 3195 Quid
460 3133 575 3197 undique.
594 3133 634 3182 stc
647 3150 731 3181 omnes
749 3133 812 3182 MSS
855 3144 906 3182 ctas
919 3125 1364 3188 tumvenderevoluisee‚ubijudicie

304 3210 412 3268 bebeutt
426 3213 576 3281 Augustinus
593 3227 653 3259 vero
664 3211 738 3275 legit,
752 3211 814 3275 quid
855 3213 935 3260 minus
946 3229 1028 3260 severa
1042 3210 1123 3267 suem
1141 3223 1217 3272 quum
1230 3206 1362 3272 presenim

306 3289 419 3352 undeque
431 3289 464 3337 sit
474 3291 582 3337 ablatum
592 3307 601 3337 .·
611 3307 666 3354 quae
679 3289 752 3339 lectio
763 3292 812 3339 ele·
855 3308 882 3340 ea
896 3292 1002 3340 maximo
1013 3289 1105 3354 pretio,
1119 3303 1195 3351 quum
1207 3300 1288 3333 severe
1297 3283 1363 3345 judi·

305 3369 402 3433 gantior
414 3369 525 3427 videtur,
537 3380 563 3417 at
575 3369 657 3417 nescio
668 3386 715 3433 qua
728 3380 811 3418 aucto·
854 3382 956 3428 caretur,
968 3368 1077 3431 undique
1089 3365 1239 3414 coemebant.
1252 3364 1359 3418 Etenim,

303 3450 375 3498 ritate
385 3449 460 3497 fretus
468 3464 520 3495 eum
529 3448 641 3497 ediderit.
854 3466 930 3514 quum
943 3463 994 3494 non
1013 3456 1092 3492 metus
1110 3456 1185 3505 esset,
1199 3459 1230 3491 ne
1247 3442 1291 3489 iata
1305 3440 1362 3488 artie

339 3538 365 3587 t.
381 3528 604 3577 Graviustulerunt.
617 3526 740 3576 Duolibri
749 3529 811 3578 MSS
854 3525 969 3575 miracula
986 3540 1000 3571 a
1014 3523 1159 3588 praetoribus
1175 3521 1279 3570 romanis
1293 3536 1364 3583 rupe-

302 3608 402 3671 habent,
410 3607 646 3676 graviusfleverunt,
657 3623 688 3654 ae
697 3607 811 3655 tulerunt.
855 3618 952 3663 rentur,
966 3604 1064 3651 maximi
1076 3602 1255 3651 aetimabuntur
1272 3599 1363 3665 pende-

337 3690 362 3737 5.
370 3689 468 3754 Sr'gnum
479 3688 561 3735 ullum.
569 3686 674 3750 Quidum
684 3703 812 3751 reposuere
854 3684 1001 3747 banturque.
1010 3683 1084 3732 Nunc
1098 3698 1170 3744 vcro,
1190 3696 1265 3744 quum
1271 3679 1364 3740 judicie

300 3768 415 3833 posthac
422 3768 541 3825 ullam,ut
549 3768 706 3815 necessariam
715 3782 808 3825 vocem,
850 3763 934 3828 paullo
948 3764 1027 3811 minna
1040 3779 1123 3810 uvare
1133 3771 1205 3822 sunt,
1216 3774 1268 3806 uon
1279 3758 1363 3806 existi-

301 3857 325 3894 et
334 3864 411 3912 quaee
427 3847 490 3895 MSS
504 3848 575 3894 nimia
589 3863 644 3895 cum
660 3844 807 3910 precedenti
851 3843 964 3891 muudum
983 3854 1033 3898 est,
1044 3859 1087 3890 eos
1106 3841 1216 3888 homiues
1227 3838 1295 3901 signe
1309 3853 1364 3899 quae

301 3925 460 3973 similitudine
470 3925 595 3975 exciderit.
851 3932 920 3969 tanto
933 3939 1006 3987 opere
1024 3922 1144 3984 tantisque
1162 3919 1251 3982 opibus
1264 3930 1363 3977 compa·

335 4002 361 4047 6.
380 4001 435 4047 Nisi
449 4001 525 4064 fiarte.
544 4003 666 4053 Credibile
683 4019 734 4051 non
754 4011 804 4057 eu,
851 4000 1052 4056 rnriut,vendere
1061 4014 1137 4056 nuuc,
1146 4014 1222 4061 quum
1232 3992 1310 4042 multo
1319 3993 1363 4039 mi-

301 4095 392 4149 graeeoe
402 4080 511 4128 homine·
525 4082 592 4145 signe
610 4082 750 4145 tabulaeque
766 4080 806 4143 pi·
852 4095 898 4128 uua
910 4079 1074 4129 venditentur.
