3016 4774
452 340 457 349 ⁹
492 396 761 466 axcuasus
786 398 835 466 11.
1131 388 1200 463 555

132 519 301 598 dilemma,
319 515 411 597 cujus
427 515 496 580 baec
507 517 555 581 vis
569 533 632 600 est,
645 531 762 601 testes,
781 516 838 605 qui
854 515 1078 581 testimonium
1091 512 1204 578 dicunt

134 630 168 692 in
185 616 359 706 Caeoiuam,
377 644 444 687 nou
464 622 653 691 reformido.
669 624 753 688 Nam
767 624 794 688 si
805 623 865 689 riri
883 622 963 686 boni
974 637 1067 702 sunt,
1087 644 1140 685 mo
1151 617 1205 684 ad·

132 730 265 812 juvant,
283 751 385 818 quum
399 727 434 793 id
446 728 544 811 jurati
561 727 692 814 dicunt,
705 728 795 819 quod
810 752 871 819 ego
883 728 1010 809 juratus
1022 748 1141 815 arguo:
1155 726 1204 790 siu

135 853 245 903 autem
254 836 340 901 leves
351 851 384 900 et
395 836 504 900 miuus
514 834 624 901 idonei
635 853 728 921 sunt,
740 859 792 902 me
800 860 868 902 nou
878 835 1018 917 laedunt,
1028 855 1129 923 quum
1142 835 1207 899 sire

137 943 182 1007 eis
198 940 351 1020 creditur,
372 941 406 1006 id
424 940 532 1031 ipsum
551 941 597 1007 eis
615 941 770 1025 creditur,
793 941 883 1032 quod
902 964 963 1006 nos
980 940 1152 1021 objicimus
1175 955 1207 1003 et

136 1048 301 1137 arguimus
319 1069 328 1111 ε
345 1047 473 1112 siveris
489 1069 558 1111 nou
574 1046 728 1132 oredimr,
747 1047 789 1113 de
805 1070 920 1113 eorum
938 1045 1003 1111 fide
1022 1043 1207 1135 derogatur.

137 1151 269 1217 Viderat
284 1151 374 1216 huno
390 1151 500 1217 iocum
525 1174 595 1217 esso
617 1168 809 1242 corrupmm
829 1168 862 1217 et
883 1150 1069 1216 mutilatum
1088 1151 1208 1214 Homo·

138 1279 296 1341 mannus,
307 1255 365 1322 sed
378 1255 597 1347 redintegrare
613 1280 680 1325 non
699 1274 860 1349 potuerat,
875 1257 911 1322 P.
924 1256 1029 1323 Faber
1043 1257 1210 1321 Arvernus

138 1378 173 1428 et
187 1361 268 1427 vidit
286 1361 396 1445 ulcus,
410 1378 445 1426 et
461 1363 594 1427 sanarit.
610 1364 714 1429 Lassa.

183 1467 229 1531 Ut
246 1465 352 1531 Faber
375 1465 618 1532 emendandum
642 1484 774 1550 censet,
793 1466 870 1558 legit
884 1467 1063 1532 Lambinus
1086 1467 1122 1531 in
1140 1463 1210 1530 edi·

141 1573 233 1637 tione
247 1573 513 1660 Mgeutoratensi
531 1571 610 1635 anui
633 1569 733 1653 1581,
749 1595 768 1636 a
785 1574 906 1637 Jacobo
926 1573 1059 1661 Dupuys
1081 1588 1114 1636 et
1130 1570 1213 1635 Iosia

142 1676 270 1741 Rihelio
289 1677 452 1766 publicata
472 1699 508 1741 t«
523 1676 637 1759 Quum
654 1676 720 1741 sive
738 1677 789 1742 his
810 1676 964 1758 creditur,
987 1676 1131 1743 creditur
1148 1676 1213 1740 hoo

143 1783 268 1870 ipsum,
285 1781 376 1870 quod
388 1805 448 1846 uos
462 1782 664 1872 arguimus».
679 1780 743 1848 Sed
759 1804 820 1846 uec
830 1783 865 1846 in
877 1781 1107 1846 vetustioribus
1121 1782 1215 1845 Lam·

148 1886 235 1970 bini,
260 1902 298 1951 ut
318 1886 489 1952 Parisiensi
520 1885 620 1970 1566,
646 1909 708 1953 nec
730 1887 763 1951 iu
789 1886 970 1955 Geueveusi
996 1887 1142 1953 Jeremioe
1162 1886 1215 1951 des

147 1991 304 2056 Plancius
320 1990 421 2076 1584,
432 1993 598 2059 invenitur
608 1993 745 2057 alterum
756 1993 904 2058 creditur.
918 1992 1093 2057 Verissima
1105 2007 1213 2056 tamen

145 2113 195 2161 est
210 2097 263 2161 illa
278 2098 345 2163 sire
358 2098 473 2180 Fabri,
490 2098 556 2162 sive
573 2098 722 2162 Lambini
740 2097 934 2162 emendatio.
949 2098 1097 2165 Alterum
1116 2096 1216 2161 σκῶ-

144 2216 201 2269 tur
213 2218 264 2267 est
274 2203 353 2268 vitio
371 2221 404 2268 et
420 2204 589 2296 oscitautia
604 2203 810 2269 librariorum
826 2203 994 2269 omissum.
1011 2203 1044 2269 si
1059 2225 1125 2267 nou
1137 2201 1218 2266 mihi

144 2309 258 2398 religio
272 2325 355 2375 esset
366 2310 489 2399 aliquid
504 2311 574 2375 sine
588 2311 679 2377 libris
689 2309 852 2377 veteribus
863 2309 1075 2399 interpolare,
1092 2310 1215 2374 immu-

147 2432 264 2481 tassam
277 2418 433 2483 sanebaeo
444 2417 559 2500 rerba,
578 2434 611 2485 et
627 2417 881 2506 interposuisseu
898 2430 927 2484 τὸ
943 2415 1088 2482 eraditur.
1104 2417 1216 2498 Quum

147 2522 187 2596 iis
198 2520 351 2603 creditur,
365 2522 430 2587 hoc
444 2523 551 2610 ipsum
567 2523 658 2612 quod
673 2546 735 2591 uos
750 2525 934 2614 arguimus,
946 2523 1101 2589 nimirum
1115 2544 1219 2587 arma·

148 2642 199 2691 tos
217 2643 251 2692 et
267 2644 463 2693 convocatos
481 2628 579 2694 fuisse
601 2630 771 2712 homines,
789 2629 942 2696 creditur.
964 2627 1073 2694 Editio
1095 2628 1129 2691 P.
1146 2627 1218 2693 Ma·

150 2731 234 2795 uutii
252 2731 374 2797 Veneta
394 2734 471 2798 anni
493 2732 594 2816 1583,
613 2757 685 2823 quoe
706 2757 783 2799 cum
800 2735 868 2815 ejus
890 2733 1124 2799 commentario
1144 2754 1220 2820 pro·

149 2834 356 2926 diit,recepit
363 2841 578 2905 Hottomanui
587 2841 806 2921 conjecturam
817 2863 826 2905 τ
837 2841 1064 2923 aQuum,sire
1075 2837 1220 2903 creditur

151 2942 191 3006 iis
209 2943 273 3007 boc
289 2944 416 3033 ipsum,
430 2946 521 3034 quod
540 2970 601 3013 nos
617 2949 804 3039 arguimus,
826 2945 1037 3027 confitentur,
1054 2945 1121 3020 sive
1139 2942 1219 3008 fides

152 3070 221 3121 non
235 3047 406 3116 habetur».
424 3051 530 3118 Gur.

198 3154 290 3227 Hanc
303 3157 564 3227 emendationem
578 3158 904 3247 reoeperuntOIivea
915 3181 953 3223 ac
969 3158 1098 3224 [aliem.
1112 3155 1195 3221 Gau.
