3186 4772
375 425 428 493 ΙΝ
452 422 672 490 VERREM
694 424 801 491 ACT.
823 424 886 507 11,
908 424 1000 492 LIB.
1019 423 1060 492 V.
1175 418 1243 519 357

232 549 322 616 Rem
338 543 499 614 navalem
515 545 674 640 primum
690 543 739 613 ita
756 542 837 615 dico
854 566 930 614 esse
946 541 1244 632 administratam,

186 680 261 726 non
275 655 330 724 uti
346 653 531 750 provincia
545 649 811 739 defenderetur,
828 650 891 722 sed
907 665 948 721 ut
963 650 1082 723 classis
1098 657 1245 733 nomine

185 750 339 862 pecunia
359 775 591 859 quaereretur.
619 763 855 860 Superiorum
879 776 1073 860 praetorum
1092 786 1244 833 consue-

186 872 276 944 tudo
297 895 411 969 quum
430 870 506 941 haec
528 867 669 959 fuisset,
687 886 728 943 ut
745 895 853 942 naves
874 870 1093 957 civitatibus,
1116 886 1248 943 certus-

185 1006 257 1079 que
285 1004 461 1053 numerus
491 993 683 1051 nautarum
716 981 945 1077 militumque
975 982 1211 1079 imperaretur
1221 979 1248 1069 ⁵,

185 1092 347 1162 maximae
374 1103 411 1163 et
437 1089 726 1189 locupletissimae
753 1091 886 1163 civitati
914 1093 1134 1162 Mamertinae
1157 1082 1250 1162 nihil

185 1201 316 1273 horum
329 1203 566 1298 imperavisti:
581 1199 630 1271 ob
644 1224 752 1297 quam
767 1223 845 1270 rem
862 1200 950 1296 quid
964 1198 1029 1270 tibi
1043 1202 1248 1269 Mamertini

185 1309 277 1381 clam
303 1308 471 1381 dederint
497 1309 677 1406 pecunia,
700 1323 783 1407 post
798 1306 1003 1397 ‘videbitur3
1026 1309 1247 1406 exipsorum

185 1419 297 1491 literis
321 1432 358 1489 et
384 1416 538 1489 testibus
569 1441 783 1513 quaeremus.
808 1422 943 1489 Navem
974 1442 1062 1489 vero
1090 1418 1247 1514 Cybeam

186 1528 396 1614 maximam,
415 1526 570 1596 triremis
585 1527 710 1612 instar,
726 1525 1005 1623 pulcherrimam
1020 1540 1129 1624 atque
1146 1551 1249 1598 orna-

188 1632 387 1707 tissimam⁶
407 1634 525 1730 palam
542 1631 751 1704 aedificatam
770 1648 918 1731 sumptu
933 1634 1098 1733 publico,
1117 1640 1250 1708 sciente

187 1757 266 1815 tota
288 1742 439 1829 Sicilia7,
466 1767 532 1840 per
553 1746 781 1839 magistratus
805 1757 1042 1842 senatumque
1067 1749 1250 1818 Mamerti-

189 1877 278 1924 num
305 1852 371 1923 tibi
397 1851 514 1941 datam
540 1852 783 1951 donatamque
806 1878 883 1927 esse
910 1853 1001 1925 dico.
1028 1860 1110 1927 Haec
1131 1861 1250 1943 navis,

189 1976 318 2033 onusta
338 1962 457 2060 praeda
483 1963 681 2052 Siciliensi,
706 1988 822 2061 quum
840 1966 907 2034 ista
929 1989 1077 2063 quoque
1098 1980 1190 2036 esset
1207 1991 1252 2037 ex

189 2071 328 2172 praeda,
349 2070 455 2144 simul
477 2097 593 2170 quum
616 2077 683 2144 iste
704 2072 917 2161 decederet,
944 2074 1094 2172 appulsa
1113 2074 1250 2145 Veliam

189 2198 263 2269 est,
289 2207 370 2254 cum
396 2183 563 2282 plurimis
588 2181 715 2268 rebus,
735 2197 772 2261 et
791 2184 853 2269 iis,
875 2205 966 2279 quas
990 2197 1073 2255 ante
1101 2188 1250 2254 Romam

188 2296 331 2365 mittere
356 2317 441 2365 cum
465 2294 594 2365 ceteris
620 2291 724 2364 furtis
742 2293 884 2379 uoluit,
900 2291 1001 2390 quod
1023 2306 1125 2364 eraut
1143 2295 1251 2364 caris-

189 2407 306 2492 simae,
327 2405 554 2500 maximeque
575 2427 658 2474 eum
680 2400 915 2474 delectabant.
935 2407 1024 2473 Eam
1042 2426 1170 2474 navem
1188 2429 1253 2473 uu-

189 2538 255 2611 per
275 2528 418 2610 egomet
440 2511 513 2583 vidi
530 2513 659 2599 Veliae,
676 2513 854 2609 multique
878 2513 936 2585 alii
957 2511 1147 2601 viderunt,
1171 2514 1254 2611 pul·

190 2623 403 2695 cherrimam
413 2639 522 2720 atque
532 2618 822 2710 ornatissimam⁸‚
834 2620 994 2717 judices:
1010 2646 1092 2720 quae
1105 2621 1253 2720 quidem

190 2730 380 2818 omnibus,
393 2732 458 2829 qui
472 2756 550 2803 eam
566 2730 821 2831 adspexerant,
834 2746 1064 2830 prospectare
1076 2732 1150 2826 jam
1164 2735 1255 2803 exsi-

191 2838 297 2924 lium,
315 2854 425 2937 atque
442 2842 629 2940 explorare
647 2840 767 2940 fugam
786 2841 950 2913 domini9
971 2837 1168 2910 videbatur.

240 2951 369 3018 XVIII.
390 2948 489 3038 Quid
507 2949 596 3020 mihi
615 2950 686 3021 hoc
703 2952 784 3023 loco
797 2944 1060 3047 respondebis?
1077 2948 1145 3018 uisi
1162 2945 1254 3019 sorte

193 3055 248 3144 id,
268 3054 389 3154 quod,
406 3060 549 3130 tametsi
566 3058 713 3158 probari
732 3059 834 3130 nullo
850 3055 960 3127 modo
977 3070 1114 3156 potest,
1132 3070 1255 3128 tamen

193 3165 263 3239 dici
278 3166 426 3265 quidem
445 3168 634 3262 injudicio
651 3168 696 3240 de
713 3170 876 3268 pecuniis
889 3166 1099 3265 repetundis
1113 3191 1258 3239 necesse

229 3346 253 3397 5.
266 3345 377 3410 Certusq.
387 3360 503 3393 numerus
515 3356 584 3394 aaut.
596 3345 707 3394 militum·
749 3363 788 3395 ree
799 3346 853 3394 illae
865 3347 965 3394 domum
975 3356 1001 3393 et
1011 3360 1080 3394 auam
1090 3356 1115 3394 et
1125 3346 1258 3395 amicorum

194 3442 241 3491 que
253 3425 420 3490 imperaretur.
434 3427 472 3473 Ex
488 3423 591 3484 fodere,
609 3424 652 3473 lib.
661 3427 707 3489 tv,
750 3425 869 3474 occultius
879 3425 1026 3474 transferret.

194 3521 251 3569 cap.
265 3521 291 3567 9.
305 3505 391 3551 -tae
403 3502 508 3568 ipsorum
518 3503 602 3553 literis.
616 3503 645 3552 Id
657 3514 707 3563 eet,
787 3520 810 3565 7.
828 3505 920 3552 Sciam
939 3516 992 3553 totu
1010 3503 1100 3552 startia.
1121 3504 1161 3551 sto
1178 3518 1192 3550 e
1214 3503 1260 3549 MS

194 3599 226 3633 ex
240 3583 330 3632 tabulis
340 3582 452 3648 publicis.
751 3585 832 3631 θην.
842 3593 867 3631 et
877 3581 951 3632 Beck.
964 3583 1108 3646 Suspectum
1118 3578 1264 3628 hoehabuit

230 3663 256 3711 6.
279 3660 473 3709 Omatissimam.
493 3660 576 3709 Rebus
593 3662 707 3711 omnibus
750 3660 1130 3726 Emesaqmsteemremstetlt·
1140 3661 1261 3707 lemnon

195 3741 602 3806 wemmam-Appula
613 3741 707 3790 Veliam
751 3742 902 3805 cognoverit.

196 3830 240 3868 est.
254 3820 304 3869 Cur
318 3820 380 3877 lruc,
395 3819 479 3883 potitae
495 3834 568 3882 quam
584 3822 706 3869 Romam?
786 3821 811 3867 8.
822 3820 879 3867 Tria
889 3818 942 3866 haec
963 3817 1035 3866 verba
1050 3814 1178 3880 repetitae
1191 3829 1262 3878 supe·

197 3897 259 3959 Quia
270 3897 339 3960 quod
350 3897 529 3961 predoeieeimie
538 3896 610 3945 rebus
620 3910 706 3948 onusta
751 3898 856 3948 rIoribue
869 3897 992 3945 videntur.
1007 3896 1034 3943 J.
1044 3898 1076 3942 V.
1089 3899 1117 3943 1..

196 3986 259 4034 eret,
272 3976 627 4041 eamuoluitautequamipee
640 3978 708 4026 veni·
787 3995 815 4041 9.
838 3975 947 4024 Domini.
969 3974 1066 4033 Verria,
1087 3974 1130 4038 qui
1151 3971 1262 4035 lodicum

198 4057 358 4110 mullorum
367 4054 639 4118 appellere31edVelioe
647 4069 709 4107 stare
752 4056 873 4105 sententie
895 4054 1036 4111 demutas,
1057 4054 1135 4101 itanu
1156 4060 1218 4100 esset
1238 4053 1264 4111 ia

198 4131 291 4189 voluit,
311 4132 377 4180 uude
396 4143 480 4196 poete·
498 4136 604 4183 terreeui
625 4137 711 4184 itinere
755 4136 883 4194 exsilium,
896 4133 1104 4199 avectuaipuilla
1116 4132 1179 4181 nari.
