3176 4770
311 364 356 461 7a
473 436 481 445 f
630 364 678 430 n.
704 364 743 431 r.
769 310 1052 435 cressonis

285 556 288 562 .
308 489 421 568 simo,
443 505 557 581 quum
579 484 675 569 iseo
694 486 773 581 ipso
793 497 973 581 tempore,
997 486 1113 582 primo
1136 487 1236 558 istius
1252 512 1368 579 anno,

307 593 435 667 consul
460 605 574 679 esset,
597 604 695 663 tanta
720 591 950 692 improbitate
968 618 1055 689 usus
1078 610 1149 682 est,
1172 613 1230 685 ut,
1254 624 1368 697 quum

305 707 384 802 ejus
394 727 495 790 uxor,
508 700 641 773 femina
657 703 843 799 primaria,
855 718 1027 803 paternas
1033 703 1182 777 haberet
1191 710 1369 780 arationes

304 821 343 887 in
366 815 566 899 Leontino,
588 808 812 882 frumentum
830 837 940 884 omne
958 816 997 884 in
1015 812 1209 887 decumas⁸
1230 817 1368 890 auferre

301 925 457 1024 jusserit.
486 928 592 993 Hunc
620 936 660 994 tu
685 926 722 993 in
749 922 817 1027 hac
840 947 946 995 causa
968 938 1116 1013 testem,
1137 931 1288 1017 Verres,
1308 928 1369 998 ha-

302 1032 426 1122 bebis;
442 1032 636 1130 quonim,
652 1029 812 1126 judicem
826 1057 873 1102 ne
890 1032 1063 1123 haberes,
1082 1035 1279 1133 providisti.
1295 1043 1369 1110 Vos

300 1161 442 1232 autem,
456 1140 612 1238 judices,
635 1156 764 1240 putare
787 1141 945 1232 debetis,
963 1166 1040 1216 esse
1064 1144 1237 1242 quiddam
1264 1146 1369 1219 nobis

301 1260 491 1328 internos
520 1276 714 1325 commune
740 1268 850 1351 atque
876 1255 1123 1351 conjunctum.
1148 1257 1261 1327 Multa
1285 1272 1370 1329 sunt

300 1365 471 1463 imposita
492 1362 578 1434 huic
600 1361 718 1434 ordini
745 1387 918 1463 munera,
941 1364 1046 1435 multi
1074 1363 1236 1453 labores,
1257 1366 1370 1437 multa

301 1474 481 1573 pericula,
500 1496 576 1543 non
595 1471 711 1544 solum
727 1472 873 1569 tegums
887 1473 1152 1570 ac'judiciorum
1163 1528 1173 1562 ,
1186 1474 1249 1547 sed
1263 1479 1368 1547 etiam

303 1607 492 1657 rumorum
516 1604 557 1681 ac
580 1595 797 1679 temporum.
818 1584 876 1653 Sic
895 1597 949 1654 est
967 1582 1027 1653 hic
1050 1575 1141 1654 ordo
1162 1589 1265 1681 quasi
1282 1608 1368 1683 pro-

301 1696 439 1795 positus
460 1706 569 1791 atque
587 1691 705 1764 editus
724 1695 762 1761 in
784 1692 919 1778 altum,
940 1707 982 1763 ut
1002 1690 1048 1764 ab
1067 1693 1238 1765 omnibus
1254 1699 1369 1766 ventis

202 1862 206 1872 .
301 1803 443 1876 invidiae
464 1800 680 1874 circumflari
694 1812 725 1845 ¹⁰
749 1824 857 1899 posse
875 1800 1050 1872 videatur.
1072 1807 1114 1872 ln
1136 1802 1204 1874 hac
1220 1819 1292 1875 tam
1306 1809 1371 1875 mi·

303 1939 382 1986 sera
403 1928 440 1984 et
461 1913 586 2009 iniqua
609 1909 818 1982 conditione
837 1911 937 1998 vitae,
961 1934 1008 1981 ne
1029 1908 1100 1982 hoc
1119 1911 1267 2009 quidem
1288 1917 1371 1985 reti·

302 2025 491 2108 nebimus‚
515 2019 673 2116 judices,
696 2034 739 2092 ut
760 2018 1027 2118 magistratibus
1051 2023 1184 2093 nostris
1209 2024 1248 2093 in
1273 2021 1370 2094 obti-

302 2132 424 2206 nendo
440 2132 521 2226 jure
536 2144 662 2202 nostro
680 2154 728 2200 ne
746 2129 1043 2228 contemptissimi
1058 2154 1100 2201 ac
1112 2129 1369 2229 despectissimi

302 2241 611 2315 esse·videamur?

352 2352 459 2421 XLII.
474 2348 698 2421 Thermitani
719 2350 913 2438 miseruut,
937 2350 1001 2447 qui
1020 2348 1189 2423 decumas
1209 2368 1371 2424 emerent

304 2459 379 2554 agri
404 2456 471 2525 sui.
497 2455 619 2549 Magni
643 2474 706 2524 sua
729 2456 907 2554 putabant
930 2461 1123 2550 interesse,
1144 2461 1289 2560 publice
1306 2487 1368 2559 po·

306 2571 377 2640 tius
403 2563 568 2663 quamvis
595 2585 730 2660 magno
759 2569 851 2655 emi,
882 2592 992 2666 quam
1019 2571 1055 2638 in
1085 2570 1242 2666 aliquem
1269 2574 1370 2640 istius

307 2679 531 2752 emissarium
558 2671 729 2744 incidere.
758 2678 952 2773 Appositus
977 2693 1052 2749 erat
1074 2679 1269 2750 Venuleius
1291 2682 1370 2776 qui·

305 2789 412 2875 dam,
434 2785 498 2882 qui
525 2797 671 2854 emeret.
702 2787 735 2856 Is
760 2783 858 2854 liceri
880 2810 954 2856 non
979 2785 1124 2858 destitit.
1150 2786 1221 2876 Illi,
1250 2790 1371 2886 quoad

306 2895 496 2969 videbatur
522 2890 607 2963 ferri
635 2891 758 2991 aliquo
784 2892 897 2965 modo
925 2918 1052 2992 posse,
1082 2898 1368 2971 contenderunte

304 3023 489 3110 postremo
507 3002 605 3074 liceri
625 3001 851 3075 destiterunt.
869 3005 1058 3078 Addicitur
1072 3007 1250 3080 Venuleio
1263 3012 1371 3080 tritici

307 3118 470 3190 modium
487 3137 551 3182 viu
567 3110 728 3183 millibus
738 3124 763 3182 ¹.
781 3118 936 3211 Legatus
949 3118 1162 3190 Possidorus
1176 3122 1368 3189 renuntiat.

307 3233 430 3320 Quum
455 3219 626 3294 omnibus
648 3219 719 3293 hoc
739 3223 1008 3299 intolerandum
1030 3227 1229 3311 videretur,
1252 3241 1370 3297 tamen

346 3396 371 3441 8.
384 3393 513 3438 uacum
527 3388 584 3435 Vct.
599 3385 643 3436 lib.
656 3386 724 3452 apud
736 3388 819 3436 lamb.
862 3393 976 3455 Quorum
989 3405 1021 3437 ex
1034 3388 1191 3436 inclinatione
1204 3389 1294 3449 majora
1308 3388 1372 3437 ordi·
1438 3386 1487 3473 3⁸,
1515 3374 1520 3405 ³
1575 3352 1576 3355 =

308 3498 322 3518 ι
332 3473 480 3522 ᾶωαωωοι
493 3467 616 3516 anferre».
628 3466 693 3517 LV.
702 3470 731 3516 L.
864 3471 904 3529 ni,
923 3468 967 3532 qni
986 3476 1022 3514 eat
1040 3467 1068 3513 in
1084 3465 1183 3515 civitate
1196 3466 1371 3531 amplissimus,

344 3569 370 3617 9.
390 3551 488 3613 legiam.
505 3547 616 3610 Quarum
628 3544 774 3605 nonnullis,
791 3558 819 3595 nt
863 3562 936 3612 quam
948 3545 1035 3593 ceteris
1044 3544 1150 3609 pericula
1157 3546 1307 3610 impendent.

309 3648 356 3700 pro
374 3629 471 3679 (Ilnem.
485 3636 510 3674 et
527 3623 589 3673 Bab.
606 3623 717 3689 perduel.
737 3626 819 3675 videre
902 3640 942 3673 ιο.
971 3623 1131 3693 circumflari.
1161 3627 1200 3674 Sic
1231 3627 1327 3674 Lucret.
1339 3626 1372 3681 V,

309 3723 354 3773 eet,
363 3708 409 3758 aoli
421 3716 543 3756 senatores
552 3705 834 3769 mentun-luduin»,
867 3704 949 3754 1130:
969 3705 1099 3765 «Invidia,
1109 3721 1154 3754 cen
1166 3705 1267 3755 fulmine
1279 3721 1372 3753 summa

311 3807 374 3839 mm.
389 3788 485 3851 Quibus
498 3785 523 3833 in
540 3781 695 3843 exercendis,
716 3782 819 3847 diligen·
862 3794 981 3846 vaporant
989 3784 1244 3849 Plerumque,etquae
1253 3784 1372 3834 suntaliia

308 3870 381 3926 tiam,
390 3864 462 3913 fidem
472 3875 586 3930 praeatare
597 3861 818 3910 ‹tebene-uumo-
862 3864 937 3927 magis
949 3863 1012 3912 edita
1025 3880 1155 3929 cumque..

310 3944 608 4006 renuntiantem
622 3953 744 3989 senatore·
752 3940 818 4004 apud
897 3950 976 4000 xm.
1006 3966 1028 4000 ι.
1054 3950 1166 3999 nodum
1180 3952 1245 3998 {¹111
1259 3949 1369 4001 millibus.

310 4023 408 4074 invidos
421 4021 818 4082 attaminatus-ramponem.
863 4028 913 4077 Alfi
924 4063 932 4089 ‚
950 4029 1156 4083 „nmjllflbm
1177 4033 1243 4080 pv,
1255 4031 1282 4078 ι,
