3142 4774
329 419 385 486 IN
410 418 631 487 VERREM
656 419 764 486 ACT.
790 419 849 502 II,
872 418 968 485 LlB.
993 419 1068 487 III.
1185 419 1229 492 35

172 539 301 611 ferret:
323 539 391 610 hoe
408 537 475 610 tibi
492 535 711 609 defensionis
728 536 774 608 ad
788 534 963 633 judicium
984 551 1111 610 tuum¹
1135 564 1232 614 com-

172 648 341 748 perabas,
353 648 520 722 habuisse
536 665 571 720 te
587 648 762 737 edictum,
775 662 1047 745 recuperatores
1062 649 1232 725 daturum

174 763 213 831 in
229 760 435 858 octuplum?
454 761 490 831 si
508 758 713 833 mehercule
731 784 776 830 ex
798 760 898 830 omni
912 761 1016 855 copia
1033 780 1232 837 conventus

140 940 146 953 ,
172 873 404 968 Syracusani,
428 868 796 968 splendidissimorum
823 869 1232 975 honestissimorumque

174 980 385 1069 hominum,
405 978 540 1053 faceres
562 993 778 1078 potestatem
792 979 939 1066 aratori,
960 1002 1036 1049 non
1052 980 1164 1053 modo
1180 1008 1234 1056 re-

169 1090 346 1186 jiciendi,
374 1089 439 1163 sed
468 1092 576 1161 etiam
603 1087 769 1161 sumendi
798 1103 1092 1186 recuperatores:
1115 1106 1237 1165 tamen

174 1199 244 1271 hoc
271 1222 414 1272 novum⁴
435 1223 550 1295 genus
572 1199 709 1294 injuriae
736 1197 830 1270 ferre
858 1221 967 1271 nemo
998 1214 1138 1296 posset,
1163 1212 1236 1291 te2,

173 1333 290 1407 quum
314 1324 398 1381 tuos
421 1333 548 1382 omnes
574 1307 711 1380 fructus
739 1306 933 1405 publicano
954 1307 1177 1399 tradidisses,
1201 1328 1238 1387 et

173 1442 251 1491 rem
276 1419 322 1491 de
344 1419 513 1492 manibus
539 1420 734 1503 amisisses,
756 1433 834 1488 tum
855 1415 954 1488 bona
974 1433 1035 1490 tua
1055 1435 1237 1518 repetere,

174 1555 217 1601 ac
233 1532 403 1628 persequi
423 1531 486 1602 lite
509 1544 619 1625 atque
635 1526 783 1623 judicio.
809 1529 931 1617 Quum
954 1552 1039 1599 vero
1053 1530 1165 1601 verbo
1175 1531 1237 1626 ju-

176 1640 311 1713 dicium
338 1642 383 1711 sit
405 1641 444 1709 in
466 1639 604 1725 edict0,
627 1662 667 1709 re
687 1635 836 1733 quidem
855 1660 939 1707 vera
959 1651 1107 1708 tuorum
1125 1644 1236 1713 comi-

175 1764 275 1837 tum,
296 1748 486 1820 hominum
511 1749 832 1844 nequissimorum,
853 1746 1004 1818 collusio
1025 1772 1109 1819 eum
1126 1750 1237 1822 decu·

177 1860 308 1949 manis,
323 1860 429 1930 sociis
440 1862 529 1944 tuis,
541 1872 651 1953 atque
666 1855 757 1927 adeo
772 1856 1104 1953 procuratoribus³z
1118 1875 1241 1931 tamen

176 1968 287 2042 audes
317 1970 435 2042 illiusl
465 1967 594 2065 judicii
623 1969 843 2039 mentionem
872 1964 1009 2056 facere;
1041 1974 1239 2065 presertim

175 2105 290 2176 quum
312 2081 351 2152 id
372 2106 448 2152 non
468 2079 577 2151 modo
598 2081 762 2150 oratione
781 2103 879 2165 mea,
900 2078 963 2149 sed
982 2081 1089 2150 etiam
1107 2083 1241 2179 reipsa

177 2188 381 2262 refellatur?
397 2214 510 2288 quum
531 2192 569 2260 in
589 2193 697 2260 tantis
711 2188 951 2259 incommodis
968 2204 1168 2276 aratorum,
1187 2192 1241 2261 in·

173 2299 351 2397 juriisqne
381 2299 689 2386 decumanorum,
720 2297 862 2368 nullum
896 2322 940 2367 ex
967 2299 1037 2368 isto
1068 2299 1240 2396 praeclaro

177 2409 296 2481 edicto
315 2434 390 2483 non
405 2409 515 2481 modo
533 2408 666 2481 factum
674 2405 701 2496 ⁵,
717 2408 779 2479 sed
796 2431 842 2478 ne
857 2407 1078 2505 postulatum
1093 2409 1241 2506 quidem

173 2519 351 2614 judicium
365 2520 592 2591 inveniatur?
619 2520 693 2589 Erit
718 2533 839 2588 tamen
867 2520 906 2587 in
931 2532 1090 2589 aratores
1115 2517 1242 2607 lenior,

177 2650 285 2725 quam
307 2629 470 2701 videtur:
490 2653 592 2717 num,
613 2630 677 2726 qui
697 2630 734 2698 in
754 2626 973 2699 decumanos
990 2628 1128 2726 octupli
1143 2629 1240 2723 judi-

178 2741 274 2810 cium
295 2765 332 2811 se
351 2739 520 2813 daturum
538 2739 667 2826 edixit,
684 2737 780 2809 idem
799 2736 927 2808 habuit
941 2739 980 2807 in
994 2736 1133 2825 edicto,
1152 2762 1190 2809 se
1203 2740 1241 2809 in

178 2846 376 2919 aratorem⁶
396 2851 434 2919 in
454 2848 698 2946 quadruplum
719 2847 899 2918 daturum.
919 2847 1008 2935 Quis
1021 2844 1120 2917 hunc
1133 2847 1243 2919 audet

177 2954 298 3026 dicere
335 2957 534 3029 emtoribus
567 2955 739 3029 infestum
774 2971 838 3026 aut
872 2955 1081 3025 inimicum⁷
1109 2955 1243 3029 fuisse?

178 3081 318 3163 quanto
338 3068 454 3139 lenior
474 3085 545 3156 est,
567 3093 677 3165 quam
695 3072 734 3138 in
753 3064 1010 3164 publicanum?
1028 3064 1164 3153 Edixit,
1185 3083 1240 3150 ut,

213 3270 285 3317 1111.
298 3283 320 3318 r.
341 3268 466 3317 Iudicium
477 3280 554 3317 tuum.
568 3271 637 3317 Hane
650 3285 689 3317 ao·
769 3269 794 3317 3.
805 3267 1012 3321 Ptocrtratoribur.
1026 3271 1077 3332 Qui
1088 3269 1134 3318 tibi
1144 3274 1171 3319 in
1179 3289 1243 3337 prn-

178 3349 335 3398 ourntionern.
538 3372 548 3381 ν’
733 3346 815 3395 dudo
826 3361 926 3411 operum
940 3362 1009 3395 ruam
1022 3360 1120 3397 navent.

215 3427 421 3492 swnnae-eh.
429 3426 492 3476 Bibl.
501 3429 555 3474 orlt.
563 3430 597 3486 11,
607 3444 632 3491 p.
645 3428 689 3485 rt,
767 3425 1244 3491 t.l1et.et1lunn.ulliur,quodmlo·

178 3506 684 3556 menum«·e...mor...mutdimr...
732 3504 999 3567 hirensidvulgau
1009 3506 1084 3568 mugio
1092 3507 1244 3570 placetmon

178 3585 475 3635 suminam-‚Seu
483 3585 688 3650 momentu
732 3583 798 3632 enim
815 3583 847 3631 de
870 3598 971 3631 numero
987 3585 1069 3647 egitur
1079 3585 1244 3647 judiciorum,

180 3690 216 3700 ·-
224 3664 510 3715 Getemrecmdrhtee
521 3681 626 3728 perrona
637 3681 689 3713 non
733 3661 777 3711 red
790 3661 820 3710 de
831 3665 884 3726 ipsa
896 3663 1092 3725 judieiimtura.

179 3744 280 3790 Verrem
297 3742 431 3807 signifieat,
448 3744 491 3792 nd
511 3744 616 3808 exempli
631 3744 689 3792 loeo
770 3743 794 3788 5.
805 3742 917 3791 factum.
931 3743 1089 3804 struicibus
1101 3744 1211 3792 habitum
1220 3756 1245 3792 et

179 3823 289 3885 ponitur,
299 3836 324 3871 rt
334 3823 399 3871 iden
407 3835 446 3872 est
453 3839 483 3871 ue
490 3824 513 3871 ri
521 3823 690 3882 dicatCioero,
734 3821 876 3870 exercitum.

180 3912 298 3949 umorem
310 3903 434 3967 aliquem,
447 3919 523 3968 qnam
535 3919 594 3951 snos
607 3918 692 3952 omnes
769 3900 798 3950 6.
808 3902 947 3947 Aratorem.
955 3901 1004 3960 Qui
1014 3900 1176 3953 damonum
1183 3905 1245 3954 srtu.

181 3979 274 4029 fruetus
281 3981 415 4046 publiano
428 3981 571 4031 tradidisset
583 3998 614 4029 ex
628 3982 693 4042 lirin·
735 3978 823 4027 duret.

182 4060 341 4124 stupratoris
349 4061 443 4121 edicto,
453 4074 562 4125 repetere
573 4077 603 4109 ex
616 4062 692 4110 utero
772 4074 796 4119 7.
817 4060 904 4106 Fuerit.
927 4070 951 4107 et
974 4059 1055 4107 Ursin.
1076 4076 1245 4126 correxerunt,

182 4138 289 4201 ejmdn
302 4142 413 4205 proterit
426 4141 517 4189 edicto.
738 4160 749 4178 ι
758 4138 868 4200 iniquum
879 4161 898 4185 ν.
