3016 4774
298 436 370 509 602
631 385 906 511 Exonnsn‘s
931 441 1035 508 xxi.

299 555 377 621 dine
391 577 503 621 rerum
521 559 735 649 aucupamur)
760 560 817 649 qui
833 559 990 649 postulat,
1010 581 1029 622 a
1049 579 1118 646 quo
1136 558 1216 622 loco
1234 555 1386 639 dejectus

299 678 364 746 est,
375 661 441 727 hoc
450 679 513 748 est,
521 663 611 731 unde
624 664 768 746 dejectus
779 682 846 750 est,
862 690 902 733 eo
915 665 1136 730 restituatur».
1150 664 1218 729 Hic
1230 695 1246 720 ι
1256 666 1322 753 qui
1332 688 1388 756 po-

300 769 401 857 stulat
408 800 421 826 ι
432 769 568 854 valebit,
580 801 594 828 ι
604 773 661 861 qui
672 772 772 861 igitur
787 773 970 861 postulat»,
981 785 1021 833 ut
1034 768 1176 834 diximus
1185 769 1338 853 scilicet,
1352 786 1389 837 ut
1459 810 1463 843 ;

299 874 343 938 sit
364 874 514 941 inductio
533 899 541 941 ε
564 899 604 941 eo
624 878 813 943 restituatur
829 892 937 942 autem
954 875 1067 940 eadem
1085 876 1233 940 formula
1251 875 1385 961 dicitur,
1460 892 1469 979 εφ

300 981 413 1069 quain
427 982 573 1071 Topicis,
592 983 718 1048 craleat
733 983 884 1073 equitas,
903 1004 977 1072 quae
991 980 1124 1070 paribus
1138 981 1176 1046 in
1193 984 1308 1048 musis
1324 1006 1384 1072 pu·
1468 984 1469 1003 ¹

300 1086 348 1151 ria
363 1086 436 1167 jura
454 1086 645 1153 desiderat».
664 1088 700 1153 P.
719 1089 842 1153 Fauen.

177 1235 181 1241 -
349 1191 647 1283 Quipostulat‚etc
658 1196 937 1284 Repraesentatirus
948 1191 1040 1281 quod
1049 1191 1162 1256 eratin
1174 1190 1373 1258 editiona'drns

301 1298 443 1387 antiquis
462 1321 472 1363 ε
491 1299 545 1363 cui
561 1298 722 1364 accedunt
736 1297 815 1363 Pall.
833 1319 909 1361 narn
926 1296 1146 1361 Hottomanni
1159 1297 1368 1385 hmbinique

302 1403 529 1492 supplementa
544 1426 612 1469 non
624 1394 715 1469 curo.
728 1403 832 1469 Gnnr.
844 1440 888 1453 -
898 1402 938 1467 In
951 1402 1098 1466 hocloco
1109 1402 1256 1489 pessime
1267 1402 1367 1467 habito

301 1508 503 1575 restituendo
516 1524 674 1598 sequutus
688 1532 763 1575 sum
781 1509 928 1576 codicem
944 1507 1172 1573 Erfurtensem
1182 1557 1193 1584 ‚
1205 1509 1242 1572 in
1258 1532 1325 1597 qno
1335 1508 1377 1572 sic

300 1613 422 1704 legitui
434 1638 443 1680 ε
457 1644 472 1671 ι
481 1615 548 1699 Qui
562 1617 722 1704 postulat,
739 1630 777 1682 ut
790 1640 888 1705 aquo
902 1616 975 1681 loco
993 1613 1136 1696 dejectus
1153 1631 1223 1697 est,
1234 1615 1304 1679 hoc
1313 1632 1379 1696 est,

301 1718 391 1783 unde
408 1718 551 1800 dejectus
567 1737 631 1806 est,
647 1745 687 1787 eo
702 1724 915 1788 restituatur:
931 1722 997 1786 hoc
1013 1718 1174 1809 postulat,
1190 1735 1231 1783 ut
1247 1721 1287 1784 in
1307 1744 1379 1785 eum

301 1824 410 1914 ipsum
426 1824 535 1890 locum
551 1828 770 1893 restituatur».
789 1825 884 1892 Unde
899 1825 1020 1890 scilicet
1034 1823 1179 1903 dejectus
1196 1843 1262 1891 est.
1278 1828 1383 1891 Unam

188 1966 192 1967 ⁷
264 1966 268 1973 ·
305 1946 432 1997 tantum
448 1932 572 1998 literam
591 1956 630 1999 ex
652 1935 720 1999 aliis
739 1932 835 1999 codd.
858 1948 891 1997 et
913 1931 988 1996 edd.
1006 1929 1195 2011 adjecimus.
1215 1932 1308 1997 Nam
1326 1956 1385 2022 pro

304 2036 622 2120 ‹undedejectusain
631 2038 688 2104 ilto
698 2040 813 2105 vitiose
821 2034 1105 2117 scribitur,«unde
1112 2034 1239 2116 ejectus
1247 2039 1383 2104 ·.Gm.

582 2223 955 2244 ΜΜΜΜΜΜΜ
1192 2222 1388 2244 mm

468 2417 956 2541 EXCURSUS
1004 2419 1221 2538 XXII

387 2647 452 2716 AD
476 2646 754 2717 ORATIONEM
777 2647 872 2717 PRO
894 2646 1091 2735 CAECINA,
1116 2647 1214 2717 CAP.
1244 2645 1310 2718 31.

355 2964 400 3032 Ut
407 2962 572 3055 cerussatis,
583 2972 829 3053 reciperatores,
840 2976 900 3026 etc.
911 2962 988 3027 Haec
997 2976 1173 3050 sunt,quae
1180 2961 1400 3049 appellantur

310 3080 433 3154 μυστήρια
447 3070 645 3152 Rhetorum3
661 3091 733 3157 quae
748 3066 864 3133 melius
879 3067 995 3132 fuisset
1007 3067 1204 3156 sempiterna
1218 3067 1401 3135 oblivione

310 3176 427 3260 deleri,
446 3199 544 3264 quam
559 3198 634 3255 curn
648 3197 778 3240 summo
794 3175 944 3240 omnium
957 3171 1170 3238 incommodo
1185 3195 1204 3236 a
1220 3189 1292 3237 tarn
1306 3176 1400 3240 mul·

311 3282 351 3347 tis
365 3282 443 3346 artis
453 3280 614 3371 magistris
629 3279 801 3345 enuntiari.
816 3279 1047 3377 Firmissimarn
1060 3294 1094 3344 et
1103 3278 1244 3368 primam
1256 3278 1401 3347 AEbutii

310 3385 533 3453 defensionem
556 3386 590 3450 in
613 3402 815 3476 postremum
833 3386 958 3478 locum,
977 3385 1070 3473 quasi
1088 3386 1156 3466 jam
1181 3402 1343 3451 enervata
1367 3405 1401 3454 et

311 3486 427 3559 afflicta
445 3492 514 3574 ejus
527 3514 640 3574 causa,
659 3490 791 3572 conjicit
811 3513 975 3579 :eamque
992 3490 1105 3554 leviter
1122 3506 1155 3554 et
1172 3491 1400 3581 negligenter,

312 3599 404 3692 quasi
414 3598 454 3665 ad
468 3622 538 3665 rem
551 3599 660 3665 minus
675 3598 891 3688 pertinentem
901 3596 1080 3686 percmrit‚
1094 3619 1201 3684 quum
1210 3597 1246 3662 in
1255 3598 1311 3664 illa
1324 3622 1403 3667 una

311 3708 414 3773 totius
431 3728 535 3772 causae
556 3704 799 3772 firmamentum
822 3719 990 3791 statusque
1009 3716 1165 3767 versetur.
1191 3704 1265 3787 Qua
1290 3703 1334 3769 de
1363 3731 1402 3773 re

311 3813 403 3879 lubet
418 3813 517 3895 hujus
535 3813 636 3902 ipsius
652 3811 750 3878 verba
768 3834 808 3876 ex
828 3810 973 3877 oratione
997 3832 1058 3899 pro
1074 3808 1227 3875 Cluentio
1247 3811 1403 3878 subscri·

314 3916 411 4000 bere,
430 3940 469 3983 ex
493 3919 613 4007 quibus
627 3917 728 4010 ipsius
744 3918 779 3981 in
796 3914 923 4007 agendo
938 3913 1019 3979 fides
1035 3930 1133 4000 atque
1153 3914 1329 4005 integritas
1342 3919 1402 3984 in·

314 4020 492 4110 telligatur:
509 4053 522 4078 a
533 4025 641 4106 Errat,
660 4023 787 4111 inquit,
804 4021 1024 4101 vehementer,
1045 4018 1071 4081 si
1091 4017 1164 4103 quis
1181 4018 1217 4084 in
1231 4023 1403 4089 orationi·

308 4127 376 4220 ¹bus
391 4127 529 4207 nostris,
542 4151 621 4215 quas
638 4129 670 4192 in
683 4126 812 4207 judiciis
828 4124 1016 4203 habuimus,
1032 4123 1245 4191 auctoritates
1256 4120 1403 4198 'nostras
