3054 4772
283 398 358 471 606
593 401 873 473 EXCURSUS
898 400 1040 473 XXIV.

283 524 365 588 sime
381 520 596 586 mentiretur?
612 522 709 587 Hunc
728 523 829 612 igitur
846 524 956 587 locum
974 522 1170 588 mendosum
1187 547 1259 592 esse
1271 549 1357 592 oon·

284 627 400 710 tendo,
423 630 521 716 atque
543 629 588 693 ita
610 627 785 719 legendum
809 652 818 694 t
838 631 1070 695 «Caesenniam
1093 630 1276 720 possedisse
1294 654 1360 722 per

283 734 440 797 colonum
455 756 524 797 non
541 756 639 824 negas
652 765 665 791 ι
678 758 687 799 t
702 735 754 798 eui
770 733 967 816 conjecturae
980 752 1174 824 argumento
1189 755 1268 803 sunt
1284 739 1354 821 illa,

282 857 449 930 quaesunt
466 864 563 932 supra
581 864 649 906 non
670 842 768 933 longe
784 866 802 907 a
818 844 981 932 principio
1002 844 1036 906 in
1053 845 1123 935 ipsa
1145 847 1354 913 narratione:

282 981 295 1006 ι
306 949 471 1013 Cesennia
488 947 630 1012 fundum
647 948 813 1037 possedit,
831 950 1054 1038 locavitque=‚
1071 966 1105 1014 et
1117 973 1190 1038 quas
1205 954 1355 1040 proxime

283 1054 478 1145 sequuntur,
493 1055 552 1143 qui
561 1052 704 1136 colonus,
718 1070 779 1119 etc.
791 1058 961 1145 aute,qut',
977 1054 1075 1120 debet
1082 1055 1196 1139 scribi,
1207 1080 1353 1141 comma,

282 1161 347 1226 hoc
365 1177 460 1250 pacto
471 1182 502 1224 τι
512 1160 711 1225 Cesenniam
723 1158 904 1248 possedisse
919 1182 979 1249 per
991 1161 1146 1225 colonum
1161 1184 1229 1226 non
1240 1184 1354 1252 negas:

283 1269 341 1356 qui
352 1268 489 1332 colonus
504 1266 620 1329 habuit
633 1264 835 1330 conductum
846 1263 888 1330 de
899 1267 1065 1330 Caesennia
1077 1266 1219 1332 fundum
1225 1298 1247 1332 u.
1256 1268 1355 1335 Unde

283 1374 383 1464 igitur
401 1373 471 1437 brec
486 1371 629 1452 verba,
616 1386 775 1459 propter
795 1373 1086 1455 usumfructum,
1107 1389 1181 1437 nata
1199 1375 1353 1440 suntiex

282 1478 547 1544 adnotatiuncula
558 1476 701 1541 hominis
718 1477 914 1543 semidocti.
933 1500 1005 1566 quoe
1017 1420 1149 1543 tandem
1162 1501 1182 1542 a
1199 1480 1354 1571 scriptore

283 1553 439 1650 libiario'
429 1605 464 1645 ιιι
481 1597 670 1646 contextum
683 1583 839 1648 orationis
851 1585 949 1648 relata
963 1601 1059 1665 sunt,
1073 1584 1112 1648 iis
1123 1584 1269 1670 rejectis,
1281 1610 1355 1676 qun

282 1689 445 1756 Ciceronis
461 1705 563 1753 erant.
580 1689 721 1755 Lausus.

326 1794 499 1859 Possadt‘sse
513 1794 647 1883 propter
665 1793 907 1883 usumfructum.
925 1794 1117 1859 Rectissime
1135 1818 1144 1861 ι
1165 1798 1356 1864 naturaliter

201 1986 205 1990 Α
283 1902 371 1967 enim
386 1900 647 1965 usufructuarius
663 1898 827 1989 possidet,
846 1898 1008 1987 siquidem
1025 1922 1162 1990 corpore
1179 1902 1285 1968 fundo
1300 1906 1356 1969 in·

282 2008 432 2090 cumbat3
446 2007 473 2070 si
485 2026 544 2094 per
557 2005 730 2087 colonum,
744 2005 896 2088 civiliter3
910 2006 960 2070 vel
972 2008 1083 2095 potius
1097 2010 1188 2096 quasi
1201 2010 1356 2094 civiliter3

281 2118 304 2181 l.
324 2137 379 2196 ra,
394 2114 416 2177 l.
432 2111 545 2201 penul.
565 2111 605 2176 D.
627 2110 670 2176 de
684 2112 806 2200 acquir.
826 2134 915 2200 poss.
938 2111 1039 2194 Quod
1057 2136 1162 2202 quum
1176 2116 1357 2183 Lambinus

283 2244 352 2286 non
376 2219 585 2310 intelligeret,
614 2216 843 2306 reponendum
865 2218 1010 2307 putavit,
1034 2250 1047 2275 α
1064 2242 1124 2309 per
1148 2221 1306 2286 colonum
1329 2253 1353 2288 s.

283 2330 436 2393 Horren.
573 2335 576 2342 '

328 2434 523 2499 cassaniam
528 2428 701 2518 possedisse
710 2443 842 2519 propter
849 2429 1078 2517 usumfructum
1086 2455 1152 2497 nou
1162 2457 1271 2523 negas.
1282 2425 1370 2502 Hoc

282 2573 295 2598 ι
309 2554 443 2628 propter
458 2533 700 2598 usumfructum
711 2563 743 2617 s,
761 2533 865 2613 rejicit
887 2536 1003 2600 merito
1020 2538 1208 2604 Lambinus.
1222 2540 1356 2606 Fabam

280 2661 330 2711 est
343 2642 431 2707 enim
447 2640 507 2704 hac
519 2639 709 2704 defensione
722 2640 914 2704 Ciceronem
927 2664 1088 2730 umquam
1101 2644 1156 2709 hic
1170 2668 1280 2727 usum,
1293 2647 1357 2733 qui

214 2738 218 2745 ¹
281 2768 348 2816 tam
363 2747 475 2813 multis
495 2768 592 2835 supra
613 2744 780 2828 disseruit,
799 2747 1014 2829 Caesenniam,
1031 2766 1107 2837 post
1123 2748 1181 2814 filii
1196 2768 1357 2834 mortem,

280 2843 371 2922 bunc
388 2853 530 2919 fundum
541 2853 576 2916 in
589 2852 741 2916 auctione
753 2851 878 2916 emisse.
896 2854 934 2917 ln
951 2877 1018 2941 quo
1031 2856 1126 2919 etiam
1140 2857 1357 2924 clarissimum

278 2960 548 3046 jurisconsultum
565 2957 646 3021 mihi
660 2956 834 3046 deceptum
849 2957 971 3042 videri,
988 2959 1118 3026 ostendi
1127 2961 1290 3050 pluribus.
1301 2966 1358 3029 En

280 3093 337 3134 ror
353 3068 408 3131 hic
420 3065 549 3130 videtur
563 3080 657 3127 uatus
672 3086 712 3127 ex
724 3062 858 3143 alicujus
875 3065 1106 3152 explicatione,
1123 3069 1181 3156 qui
1193 3068 1281 3134 illam
1296 3071 1357 3135 de·

281 3174 461 3239 fensionem
475 3170 640 3235 Ciceronis
656 3191 726 3233 non
742 3169 818 3234 satis
830 3169 1021 3235 attenderat.
1036 3171 1230 3239 Meminerat
1245 3192 1357 3243 autem

280 3281 427 3360 illorum,
437 3299 510 3364 quse
518 3276 651 3340 (Ιιισὶιιω
660 3275 823 3355 objecerat
830 3276 997 3343 AEbutius.
1007 3277 1072 3343 Sed
1084 3279 1175 3367 quod
1184 3282 1219 3345 in
1234 3283 1356 3348 horum

277 3387 378 3452 trium
388 3383 563 3448 verborum
572 3379 683 3445 locum
695 3380 764 3444 hec
776 3378 844 3444 duo
858 3411 872 3437 ι
881 3405 941 3470 per
949 3382 1124 3449 colonum»
1134 3386 1257 3453 sufficit
1266 3388 1353 3454 idem

278 3493 472 3572 Lambinus,
490 3488 570 3551 nihil
583 3487 617 3552 id
632 3486 737 3552 facere
748 3510 880 3553 necesse
895 3488 1010 3553 habuit
1027 3512 1035 3555 :
1054 3489 1088 3554 id
1102 3514 1120 3555 e
1135 3496 1349 3581 sequentibus

278 3598 477 3688 intelligitur.
494 3595 547 3660 Sic
562 3594 662 3684 igitur
676 3594 748 3682 lego
763 3610 796 3659 et
807 3593 973 3684 distinguo
985 3618 994 3660 ε
1008 3626 1020 3652 α
1033 3597 1234 3664 Ctesenniam
1245 3623 1358 3689 posse-

278 3707 370 3772 disse
379 3726 445 3768 non
463 3723 560 3791 negas
578 3723 586 3765 τ
603 3700 678 3788 quia
696 3701 833 3765 colonus
860 3699 978 3765 habuit
997 3700 1202 3769 conductum
1222 3705 1264 3770 de
1280 3706 1357 3772 Cat·

279 3812 392 3878 sennia
400 3806 560 3892 fundum,
573 3829 677 3895 quum
692 3804 780 3871 idem
794 3828 833 3870 ex
846 3806 959 3871 eadem
974 3807 1195 3875 conductione
1206 3811 1306 3876 fuerit
1319 3812 1358 3877 in

278 3917 392 3981 fundo.
402 3915 550 3980 Dubium
563 3929 626 3993 est,
640 3912 719 4001 quin
728 3915 754 3976 si
767 3913 933 3978 Caesennia
945 3929 1018 3978 tum
1028 3915 1232 4003 possidebat,
1247 3942 1355 4006 quum

279 4034 348 4085 erat
362 4019 499 4082 colonus
515 4018 549 4080 in
564 4016 686 4098 fundo,
704 4018 798 4082 heres
814 4016 890 4107 post
905 4020 974 4100 ejus
988 4037 1129 4085 mortem
1144 4022 1259 4088 eodem
1272 4024 1354 4102 jure

279 4120 479 4215 possederit?
488 4151 502 4179 ι
517 4121 574 4186 Ait
584 4122 716 4188 Paullus
729 4123 981 4204 jurisconsultus
995 4127 1031 4192 in
1045 4128 1131 4219 lege,
1144 4152 1243 4219 qmm
1254 4128 1356 4196 ειίιιιιι
