3148 4780
358 450 361 455 ,
391 418 446 489 m
469 416 690 503 tirannum⁸
710 417 818 487 lor.
842 417 900 503 11,
922 417 1014 486 nin.
1033 419 1076 485 v.
1190 413 1262 513 ³79

207 541 358 638 piratam
374 562 451 610 esse
475 536 628 627 diceres;
646 564 692 611 an
708 539 844 611 recenti
859 562 920 627 re,
945 539 1144 635 Syracusis,
1164 538 1264 637 apud

204 663 330 737 notos,
350 650 572 745 inspectante
603 649 718 720 Sicilia
744 672 846 745 paene
870 661 968 736 tota,
995 651 1109 718 securi
1134 648 1263 721 ferire?

205 758 312 847 Vide,
328 756 416 855 quid
428 752 753 846 intersit¹³‚utrum
764 756 969 828 faciendum
978 755 1096 828 fuerit.
1106 762 1148 828 In
1160 759 1261 829 illo¹4
1318 824 1326 831 .

204 864 556 965 reprehensio'nulla
580 891 657 940 esse
674 868 809 964 potuit3
825 865 884 937 hic
904 865 1065 939 defensio
1082 867 1181 938 nulla
1198 881 1263 939 est.

204 980 330 1075 Itaque
346 975 436 1047 illud
443 1000 585 1074 semper
598 1001 726 1050 omnes
734 976 917 1066 fecerunt3
936 976 1007 1048 hoc
1017 979 1098 1073 quis
1117 991 1200 1049 ante
1213 992 1267 1064 te,

204 1090 288 1182 quis
299 1101 431 1185 praeter
444 1102 480 1158 te
496 1085 640 1177 lecerit,
660 1112 793 1185 quaero.
809 1090 962 1159 Piratam
975 1088 1097 1157 vivum
1108 1088 1266 1159 tenuisti.

203 1197 320 1285 Quem
344 1194 390 1268 ad
415 1192 589 1267 finem¹⁵l
608 1194 695 1267 dum
714 1197 968 1295 cum'imperio
993 1194 1103 1267 fitisti.
1129 1199 1266 1287 Quam·

203 1303 354 1377 obrem?
371 1328 482 1401 quam
493 1304 542 1377 ob
558 1330 719 1393 causam,
732 1332 808 1403 quo
820 1305 1013 1404 exemplo?
1029 1330 1094 1377 cur
1109 1305 1268 1379 tamdiu?

202 1439 286 1504 cur,
301 1416 470 1511 inquam,
487 1414 625 1503 civibus
642 1418 819 1505 romanis,
838 1440 930 1513 quos
944 1417 1066 1513 pirata
1079 1430 1268 1513 ceperant,

202 1526 320 1595 securi
337 1524 454 1594 statim
471 1526 671 1622 percussis,
686 1527 772 1623 ipsis
789 1527 915 1624 piratis
927 1526 1018 1598 lucis
1033 1549 1181 1597 usuram
1192 1540 1266 1597 tam

203 1631 411 1703 diuturnam
427 1632 580 1704 dedisti?

251 1747 387 1813 Verum
406 1756 483 1813 esto
502 1769 510 1811 :
532 1744 578 1814 sit
598 1740 666 1814 tibi
690 1739 781 1812 illud
800 1740 954 1813 liberum
980 1765 1088 1814 omne
1108 1757 1267 1842 tempus,

201 1850 323 1947 quoad
332 1875 414 1921 cum
424 1855 579 1949 imperio
589 1848 620 1895 ¹⁶
632 1850 919 1924 fuistixetiamne
928 1853 1267 1950 privatusletiamne

201 1961 312 2032 reus?
328 1963 481 2034 etiamne
497 1985 598 2059 paene
612 1960 819 2050 damnatus,
838 1961 996 2033 hostium
1010 1961 1120 2033 duces
1129 1963 1267 2058 privata

197 2071 239 2141 in
260 2069 370 2142 domo
387 2072 592 2143 retinuisti?
615 2077 757 2158 Unum,
773 2072 924 2142 alterum
940 2095 1122 2155 mensem,
1151 2093 1266 2168 prope

109 2170 113 2175 ’
200 2204 334 2252 annum
360 2180 540 2279 denique,
568 2180 666 2252 domi
696 2195 763 2251 tuae
791 2182 934 2277 piratae,
957 2205 1070 2277 aquo
1100 2193 1265 2277 tempore

199 2294 294 2389 capti
315 2305 416 2378 sunt,
446 2290 567 2389 quoad
589 2315 654 2389 per
672 2314 729 2361 me
748 2290 886 2360 licitum
908 2304 981 2378 est,
1002 2288 1169 2376 fuerunt3
1192 2288 1265 2360 hoc

200 2414 273 2489 est,
292 2400 413 2498 quoad
432 2426 498 2499 per
513 2403 571 2473 Μ’.
585 2401 737 2472 Acilium
747 2408 778 2457 ¹⁷
794 2399 1029 2471 Glabrionem
1041 2399 1178 2472 licitum
1194 2413 1265 2486 est,

200 2514 283 2608 qni,
302 2511 508 2608 postulante
528 2535 601 2598 me,
622 2511 774 2609 produci
787 2526 896 2607 atque
912 2511 950 2580 in
964 2534 1143 2582 carcerem
1155 2507 1265 2581 condi

198 2620 398 2717 imperavit

215 2816 216 2823 ἵ
245 2732 354 2797 XXX.
373 2726 482 2819 Quod
500 2741 554 2799 est
574 2728 725 2824 hujusce
742 2731 795 2801 rei
808 2729 892 2824 jus?
914 2752 995 2825 quae
1013 2726 1263 2799 consuetudo?

140 2872 142 2876 Δ
198 2835 298 2930 quod
321 2838 549 2934 exemplum?
567 2837 705 2911 hostem
727 2840 942 2910 acerrimum
962 2849 1071 2931 atque
1086 2835 1266 2906 infestissi-

196 2967 297 3013 mum
319 2946 445 3042 populi
463 2952 621 3037 romani,
641 2973 704 3020 seu
725 2948 847 3046 potius
867 2967 1098 3017 communem
1119 2943 1264 3014 hostem

194 3054 357 3153 gentium
374 3059 637 3153 nationumque
662 3058 843 3144 omnium,
860 3054 1050 3151 quisquam
1071 3054 1259 3124 omnium¹

195 3247 290 3311 ι’μοεω
301 3247 342 3295 hie
360 3248 438 3297 active
450 3249 554 3297 sumitur
571 3250 602 3298 de
618 3250 650 3299 iis
663 3252 706 3314 qni
779 3252 827 3300 ·r5.
843 3252 919 3314 Quem
931 3249 1060 3318 adfinem.
1074 3248 1198 3313 Quamdiu
1209 3250 1262 3298 i·-

194 3340 246 3373 non
256 3326 442 3389 cognoscebant.
454 3327 494 3375 ste
507 3343 557 3375 vox
566 3339 706 3392 notomqnte
751 3330 919 3392 Quamobrem.
932 3331 989 3379 Non
1003 3340 1039 3377 est
1051 3331 1078 3377 in
1091 3330 1154 3392 Reg.
1168 3329 1228 3378 cod.

193 3404 312 3468 sequitur,
320 3405 500 3469 accipiendam
513 3423 558 3471 pro
567 3407 598 3454 iit
609 3408 652 3470 qui
660 3423 705 3455 no-
786 3410 826 3459 ιθ.
840 3410 901 3457 Cum
918 3406 1028 3472 imperio.
1039 3410 1087 3457 llic
1098 3408 1169 3456 locut
1178 3419 1263 3456 otten-

195 3484 424 3533 verunt.Ph1edrue
441 3485 504 3534 dixit
519 3487 544 3534 in
559 3498 642 3535 sutore
654 3503 704 3534 me·
747 3485 784 3534 dit
793 3487 913 3552 privatum
925 3499 950 3536 et
962 3503 1019 3534 cum
1040 3486 1141 3551 imperio
1164 3484 1263 3535 ottenb

194 3562 251 3611 (lico
261 3576 268 3612 ε
277 3582 290 3604 ⁸
297 3564 397 3627 Ignotos
402 3563 471 3620 fallit,
481 3564 701 3613 notisestderieni».
746 3567 852 3630 antiquis
865 3567 968 3630 opponi.

231 3644 271 3690 13.
285 3642 353 3704 Quid
364 3642 462 3691 mterstl.
473 3645 667 3706 Quantuminter
677 3661 703 3694 se
784 3659 824 3704 17.
833 3644 878 3694 Μ’.
888 3644 1002 3693 Acilium.
1012 3641 1185 3704 Huiusjndioii
1198 3657 1263 3705 prae·

193 3721 331 3785 discrepent
348 3723 400 3770 hnc
411 3722 474 3781 dno,
484 3735 509 3771 et
519 3736 610 3786 noum,
619 3736 666 3773 oto.
746 3733 840 3785 torem,
852 3739 928 3787 pones
943 3737 1016 3787 quem
1029 3737 1057 3769 ea
1076 3730 1184 3784 potestas
1201 3731 1261 3767 erut.

230 3806 272 3853 rt.
292 3800 434 3849 luillo.1n
456 3802 552 3861 illane,
567 3802 657 3862 idest,
675 3803 701 3850 in
780 3802 865 3850 XXX.
890 3816 912 3850 r.
934 3799 1067 3863 Quisquam
1081 3798 1188 3847 omnium
1205 3814 1268 3845 mor·

191 3878 313 3941 supplicio
329 3880 447 3928 sumendo
466 3881 599 3929 madm—
612 3883 700 3945 Repre-
744 3878 840 3928 talium.
854 3881 884 3927 In
895 3879 1023 3941 codlleg.
1038 3879 1187 3941 cquiequam
1209 3892 1264 3925 orn·

192 3955 273 4004 hensio
286 3958 364 4007 nulla.
378 3961 442 4022 Quia
461 3976 515 4007 mos
531 3971 583 4017 est,
596 3971 623 4007 ut
635 3961 702 4025 cepti
746 3958 833 4007 nium·
854 3974 905 4006 non
923 3959 1019 4022 legitur.
1035 3956 1147 4005 Omnium
1166 3969 1264 4006 morta-

193 4035 278 4095 pirntae
289 4037 367 4083 securi
379 4039 459 4085 rtatim
473 4038 700 4086 ferientum-Hic.
744 4036 821 4097 tuam,
835 4039 870 4086 ait
889 4038 969 4085 (ἂι-εν.
982 4045 1081 4101 poterat
1099 4035 1152 4085 eine
1173 4037 1267 4084 incom-

192 4110 222 4157 ld
235 4124 284 4173 est,
295 4115 363 4177 qnod
375 4132 431 4164 enin
438 4118 619 4180 scrmtiusque
628 4133 701 4165 nunc.
745 4116 819 4165 modo
841 4116 931 4166 abesse.
