3054 4772
441 402 870 495 axcuusnsxxvr.
1116 426 1183 497 611

16 542 23 553 '¹
125 574 199 642 quae
209 551 337 637 rogavit.
355 549 431 611 Haec
447 568 487 610 eo
500 560 578 609 sunt
593 543 785 635 ableganda,
801 569 867 634 qtro
883 547 949 611 huc
963 567 1187 633 pervenerunt.

126 657 214 723 Petri
231 654 326 719 Fabri
348 668 571 717 commentum
590 667 721 715 acutum
741 666 804 733 cst,
822 669 859 716 ut
883 667 988 715 cetera
1006 651 1090 718 illius
1107 655 1187 737 viri,

127 761 185 827 sed
207 784 274 825 non
295 757 471 848 expediunt
489 755 626 823 nodum.
641 757 780 823 Restitui
796 757 907 844 itaque
924 773 1071 822 veterum
1087 759 1190 825 libro·

127 890 201 932 rum
211 865 397 945 lectionem,
414 883 480 926 una
495 861 621 926 liter-ula
635 863 815 927 immmta.
828 861 942 927 Verbis
954 886 1026 951 quc
1036 866 1121 930 inter
1132 889 1191 956 ap-

12 972 14 981 '
128 972 224 1061 posui
241 970 438 1035 asteriscum.
457 967 612 1050 Quasdam
632 969 735 1052 enim,
754 992 827 1056 quoe
843 968 1072 1056 sequebantur,
1089 970 1191 1036 inter·

129 1077 299 1159 ciderunt,
319 1074 409 1165 quod
433 1075 528 1139 etiam
554 1097 594 1138 ex
617 1075 673 1156 iis,
696 1073 879 1163 dequibus
903 1076 1011 1141 statim
1035 1075 1193 1165 disputat,

128 1180 235 1249 videre
250 1183 341 1262 licet,
357 1197 396 1246 ut
413 1179 638 1245 animadvertit
650 1183 903 1246 Hottomannus.
920 1181 1027 1245 um.

175 1289 218 1353 Ut
231 1291 264 1351 in
279 1290 403 1366 ceteris,
415 1308 488 1373 quoe
499 1290 619 1372 rogavi.
630 1284 746 1369 Vides,
761 1302 827 1349 tam
840 1285 904 1349 hoc
915 1308 985 1350 esse
997 1286 1194 1365 absurdum,

130 1416 230 1482 qrram
245 1391 369 1480 relique
382 1391 509 1470 omnia,
526 1390 567 1455 de
580 1391 700 1477 quibus
713 1408 746 1456 te
763 1414 860 1480 supra
871 1392 1075 1482 interrogari.
1092 1396 1194 1459 Fssa.

175 1501 300 1564 Tamen
322 1515 390 1562 erat
412 1519 526 1562 sensus
547 1519 614 1560 non
638 1480 852 1563 inconcinnus
870 1499 906 1563 in
928 1499 1033 1589 Nang.
1056 1500 1195 1566 lectione

132 1629 230 1694 quam
242 1604 348 1669 firmat
365 1603 437 1668 cod.
450 1605 544 1671 Jann.
560 1603 722 1667 Ferratius
737 1604 781 1666 ita
791 1604 888 1692 legit,
905 1622 943 1668 ut
957 1605 1058 1671 edidit
1072 1609 1108 1672 P.
1125 1609 1197 1672 Ma·

133 1711 244 1775 nutius
269 1733 323 1775 an.
354 1708 455 1790 1540,
482 1725 515 1773 et
538 1706 629 1774 Hott.
653 1709 731 1796 ipse.
765 1709 929 1798 Naugerio
953 1711 1088 1777 adhaesit
1113 1736 1198 1802 quo·

134 1839 199 1904 que
223 1816 440 1898 Camerarius,
463 1812 574 1879 addita
589 1815 860 1905 interrogatione,
880 1832 918 1880 ut
943 1817 985 1880 sit
1007 1821 1064 1906 qui
1083 1817 1198 1883 adver·

134 1923 248 1987 bium:
263 1922 343 1987 «sed
358 1923 415 2011 qui
432 1922 624 2010 primum...
642 1920 787 1986 deinde..
801 1971 809 1985 .
824 1922 935 1987 civitas
951 1923 1072 2011 possit?
1084 1954 1098 1980 ι
1115 1922 1198 1990 Gar.

135 2114 546 2134 ΜΜΜΜΜΜΜΜ
549 2110 959 2133 ΜΜΜΜΜΜΜΜΜ
964 2112 1189 2133 mmmm

258 2280 764 2424 EXCURSUS
808 2303 1082 2422 XXVII

217 2547 281 2613 AD
307 2543 583 2612 ORATIONEM
606 2543 696 2611 PRO
720 2541 917 2627 CAECINA,
941 2543 1038 2611 CAP.
1066 2539 1124 2612 33.
1179 2630 1180 2634 Ἰ

550 2698 789 2724 -ο--ι

184 2858 221 2923 Si
234 2858 347 2921 civitas
362 2855 465 2919 adimi
484 2877 547 2918 non
557 2857 667 2942 possit.
683 2852 767 2917 Nam
784 2876 915 2934 eorum,
935 2852 992 2941 qui
1008 2856 1042 2918 in
1061 2855 1204 2925 colonius

141 2960 398 3039 deducebantur,
417 2960 535 3048 partim
552 2981 662 3022 rerum
680 2957 862 3047 capitalium
876 2956 1020 3022 damnati
1038 2978 1149 3043 erant,
1168 2981 1207 3029 ut

142 3090 220 3131 mox
238 3066 409 3131 dicemus:
427 3087 527 3153 quare
545 3064 636 3128 inviti
655 3062 816 3128 civitatem
836 3063 983 3129 amittere
1003 3063 1205 3133 videbantur.

142 3173 245 3237 Horr.

187 3278 228 3341 In
249 3274 388 3340 coloniis
414 3274 532 3338 latinas
553 3296 634 3363 saepe
655 3275 757 3337 nostri
776 3275 854 3336 cives
868 3271 1007 3360 preficti
1026 3289 1106 3341 sunt.
1132 3278 1207 3361 Qua

28 3364 32 3371 ,
66 3456 73 3465 ,
144 3380 345 3471 profectione
357 3376 464 3442 media
478 3378 589 3467 capitis
607 3376 782 3441 diminutio
794 3377 1002 3466 contingebat
1016 3400 1024 3442 :
1042 3396 1081 3444 ut
1095 3383 1209 3446 scribit

144 3487 298 3553 Boetius:
318 3484 428 3549 civitas
446 3484 533 3548 enim
551 3482 773 3562 emittebatur3
789 3498 828 3546 ut
848 3503 887 3546 ex
908 3482 1003 3561 simili
1024 3485 1096 3549 loco
1112 3486 1209 3552 intel·

146 3594 267 3683 ligitur,
285 3613 383 3679 quem
399 3613 440 3654 ex
456 3604 537 3655 orat.
556 3611 616 3677 pro
635 3588 741 3652 Domo
760 3609 818 3651 sua
831 3587 1073 3653 subscribemus
1093 3613 1102 3653 ε
1121 3591 1211 3674 “Qui

146 3700 230 3765 cives
246 3720 330 3762 rom.
351 3696 475 3783 inquit,
489 3695 522 3759 in
541 3695 682 3759 colonias
694 3692 808 3757 latinas
826 3691 1125 3782 proficiscebantur,
1140 3695 1210 3763 fieri

32 3822 38 3859 ·.
147 3824 215 3866 non
228 3816 378 3892 poterant
395 3799 516 3880 latini,
536 3800 592 3887 qui
608 3821 677 3879 non
691 3813 783 3861 erant
799 3812 948 3881 auctores
964 3798 1057 3879 facti,
1071 3822 1211 3865 nomen-

148 3930 212 3997 que
228 3906 410 3974 dedcrant:
432 3906 490 3994 qui
511 3921 603 3969 erant
622 3926 733 3969 rerum
754 3903 938 3991 capitalium
960 3902 1120 3987 damnati,
1144 3931 1211 3973 non

147 4014 238 4103 prins
248 4013 333 4079 banc
340 4014 501 4079 civitatem
515 4011 720 4091 amittebant,
731 4032 830 4098 quam
841 4025 933 4073 erant
946 4010 980 4073 in
990 4032 1061 4074 eam
1074 4031 1213 4103 recepti,

149 4142 217 4208 quo
231 4118 396 4201 vertendi,
414 4119 479 4186 boo
493 4133 559 4201 ost,
573 4115 719 4184 mutandi
732 4115 792 4181 soli
809 4138 905 4183 causa
920 4134 1084 4181 venerant
1101 4119 1139 4184 Id
1153 4144 1212 4184 au·

1034 4221 1091 4314 39·
