3176 4770
310 383 379 459 136
632 385 681 454 M.
707 387 746 454 Τ.
769 388 1046 460 CICERONIS
1150 382 1155 393 ’

303 511 396 601 Quis
414 506 482 579 tibi
500 506 570 578 hoc
590 507 788 579 concessit?
801 532 882 605 quae
895 509 975 581 lex?
988 533 1070 608 quae
1083 525 1228 585 senatus
1243 490 1372 592 ducto·

301 615 410 691 ritas?
428 640 510 714 quae
525 640 638 715 porro
651 620 820 715 equitas,
835 632 878 689 ut
889 633 1030 692 'tautam
1044 624 1238 718 pecuniam
1252 628 1371 702 scribe

301 746 389 803 tuus
402 724 586 815 auferret⁸,
598 729 672 799 sive
686 728 732 800 de
744 742 928 801 aratorum
943 729 1085 820 bouis⁹‚
1096 734 1170 806 sive
1183 734 1230 808 de
1242 739 1371 836 populi

233 898 236 904 .
301 840 442 913 romani
460 837 716 935 vectigalibus?
734 841 827 910 Nam
846 841 875 911 si
896 855 1017 937 potest
1034 843 1100 912 ista
1120 849 1274 940 pecunia
1291 853 1369 922 sine

301 965 484 1022 aratorum
504 948 637 1042 injuria
659 949 820 1036 detrahi,
841 949 1001 1048 populus
1020 976 1193 1026 romanus
1215 956 1369 1048 habeat,

301 1059 497 1157 praesertim
515 1060 555 1128 in
571 1058 680 1129 tantis
692 1059 806 1129 aerarii
824 1062 1019 1155 angustiis:
1041 1064 1096 1133 sin
1115 1078 1235 1136 autem
1251 1083 1288 1139 et
1304 1093 1370 1167 po·

301 1170 410 1269 pulos
430 1165 469 1238 id
490 1166 623 1255 voluit,
641 1182 678 1239 et
703 1192 849 1265 aequum
868 1172 918 1241 ita
942 1185 1015 1258 est,
1040 1172 1129 1243 solvi
1147 1175 1371 1266 aratoribus,

298 1294 386 1352 tuus
400 1279 623 1376 apparitor¹⁰
640 1302 749 1376 parve
758 1279 925 1352 mercede
938 1282 1067 1380 populi
1086 1284 1304 1373 conductus,
1321 1286 1368 1361 de

300 1403 484 1463 aratorum
498 1387 604 1460 bonis
616 1388 856 1487 praedabitur?
869 1405 906 1461 et
919 1392 957 1462 in
972 1391 1040 1464 hac
1053 1417 1157 1467 causa
1169 1396 1368 1470 scribarum

301 1501 467 1576 ordinem
496 1503 534 1572 in
563 1525 621 1572 me
650 1500 886 1574 concitabit¹¹
914 1506 1154 1577 Hortensius?
1180 1521 1216 1579 et
1241 1533 1370 1581 eorum

303 1612 494 1687 commoda
519 1637 540 1697 a
564 1635 623 1683 me
650 1610 878 1701 labefactari,
900 1628 1010 1711 atque
1027 1620 1231 1714 oppugnari
1245 1620 1369 1715 jura¹²

304 1723 422 1797 dicet?
439 1725 542 1820 quasi
562 1747 650 1795 vero
668 1719 779 1795 hoc¹³
799 1721 925 1796 scribis
942 1724 1019 1795 ulio
1039 1727 1207 1824 exemplo
1222 1733 1287 1818 sit,
1308 1745 1371 1802 aut

300 1834 378 1906 ullo
398 1833 480 1929 jure
505 1856 727 1905 concessum.
753 1832 850 1922 Quid
869 1857 937 1931 ego
957 1849 1080 1907 vetera
1099 1839 1287 1934 repetam?
1307 1854 1371 1912 aut

300 1942 389 2043 quid
408 1967 535 2016 eorum
552 1941 752 2014 scribarum
769 1944 993 2015 mentionem
1010 1943 1156 2036 facium,
1173 1972 1267 2045 quos
1281 1972 1370 2020 con·

299 2052 1370 2152 statsanctissimoshomiuesatqueinnocentissimosfuisse?

300 2168 384 2237 Non
401 2189 462 2237 me
480 2161 591 2262 fugit,
608 2162 770 2258 judices,
788 2178 909 2235 vetera
933 2167 1100 2266 exempla
1120 2193 1188 2266 pro
1206 2167 1299 2242 fictis
1317 2167 1369 2239 fa·
1477 2210 1482 2219 ·

299 2274 510 2369 butis1⁴jam
523 2270 639 2344 audiri
652 2288 762 2373 atque
777 2274 920 2346 haberi:
937 2277 974 2346 in
987 2277 1045 2347 his
1058 2267 1285 2377 temporibus
1292 2304 1369 2351 ver·

301 2383 409 2456 sabor
423 2385 561 2453 miseris
578 2407 620 2453 ac
639 2383 799 2479 perditis.
817 2383 995 2484 Nuper¹⁵‚
1010 2392 1197 2476 Hortensi,
1213 2406 1372 2487 quaestor

211 2561 218 2571 ,
299 2492 420 2580 fuisti3
438 2491 528 2588 quid
547 2493 601 2562 tui
619 2490 743 2563 scribae
760 2492 929 2580 fecerint,
948 2484 993 2566 tu*
1008 2512 1111 2594 potes
1134 2496 1280 2570 dicere:
1301 2524 1370 2597 ego

300 2603 347 2676 de
368 2605 457 2674 meis
479 2602 550 2674 hoc
574 2600 675 2686 dicu,
696 2629 811 2701 quum
833 2609 871 2675 in
891 2606 1017 2677 endem
1035 2609 1102 2678 ista
1114 2606 1282 2684 ,Sicilie16
1301 2634 1369 2707 pro

300 2712 485 2787 frumento
508 2711 711 2785 civitatibus
735 2720 928 2812 pecuniam
947 2714 1144 2807 solverem,
1167 2732 1204 2788 et
1224 2742 1369 2789 mecum

337 2933 362 2980 8.
380 2931 443 2981 eod.
456 2931 541 2981 Noun.
555 2944 682 2981 averreret.
699 2931 810 2981 Lembin.
894 2946 936 2980 ιι.
952 2930 1180 2982 ΟοησίιαῠίεΝοὼο
1190 2931 1315 2982 invidioso
1324 2935 1372 2983 uti·

300 3009 402 3060 uilem.
415 3022 540 3059 avertem.
553 3013 581 3059 J.
597 3012 631 3060 V.
641 3013 670 3060 L.
856 3021 912 3070 tur,
923 3021 1036 3074 utsupra
1049 3011 1126 3059 verbo
1140 3033 1152 3055 ι
1164 3013 1306 3063 ordinem».

336 3106 361 3152 9.
374 3092 412 3137 De
424 3100 552 3137 aratorum
565 3088 643 3137 bonis.
657 3091 694 3137 De
706 3090 811 3155 pecunie
894 3105 933 3139 ιι.
948 3086 1015 3148 Alii,
1032 3088 1134 3155 injuria.
1150 3093 1289 3157 Utrumque
1310 3094 1370 3140 Em.

300 3183 356 3233 qnae
366 3160 470 3215 eret¹eut
483 3184 515 3216 ex
524 3178 647 3216 aratorum
659 3168 744 3229 bonis,
754 3170 812 3234 quie
855 3170 937 3219 obesse
946 3169 1037 3218 melier.
1050 3173 1075 3219 J.
1086 3171 1118 3219 V.
1131 3172 1159 3219 L.

302 3257 356 3296 eote
367 3247 416 3294 illie
429 3263 475 3311 pro
487 3248 610 3297 frumento
625 3247 678 3295 deri
692 3248 813 3309 debebat,
896 3251 936 3300 13.
952 3252 1015 3298 Hoc.
1031 3249 1061 3297 Id
1074 3262 1125 3311 est,
1138 3250 1255 3298 cerarium
1270 3259 1295 3297 et
1305 3248 1372 3296 bine

302 3337 346 3375 eut
358 3342 391 3391 ex
402 3327 573 3390 vectigalibus,
590 3328 656 3376 unde
665 3328 812 3376 frumentum
857 3328 1074 3394 quinquagesimus.

302 3406 367 3455 illud
379 3405 529 3454 solvebatur.
898 3418 939 3464 τά.
958 3412 1008 3455 Pro
1012 3408 1083 3475 fictis
1093 3406 1194 3468 fabulis.
1207 3407 1268 3453 Tem
1285 3419 1371 3453 corru-

342 3501 382 3534 10.
397 3484 779 3550 Turuapparitor.Coutemptim
787 3487 817 3535 de
861 3488 911 3550 ptis
929 3484 1039 3533 moribus
1063 3487 1182 3543 vivimus,
1205 3495 1233 3531 ut
1250 3482 1372 3548 quidquid

304 3566 352 3614 isto
358 3565 442 3612 Verris
454 3562 620 3613 ossecle.Num
629 3565 817 3631 eliesepperitor
859 3566 919 3612 vitia
930 3575 1013 3612 nostru
1026 3566 1128 3613 excedat
1140 3576 1165 3613 et
1175 3564 1269 3613 altioris
1275 3562 1375 3611 virtuti·

303 3644 406 3692 verbum
425 3652 463 3691 est
481 3658 611 3691 commune
627 3654 652 3690 et
662 3645 818 3709 comprehen·
860 3643 993 3707 specimine
1011 3655 1146 3704 monstret,
1162 3644 1214 3705 jem
1226 3659 1273 3708 pro
1286 3642 1373 3691 schedis

304 3720 342 3770 dit
353 3739 437 3770 omnes
450 3722 563 3786 praetoris
580 3721 716 3782 ministros,
725 3724 818 3773 scribes
862 3722 988 3772 habentur.

256 3816 260 3825 ·
302 3816 406 3866 nempe,
429 3816 556 3857 corrosos,
570 3801 725 3865 interpretes,
743 3803 817 3850 lieto-
901 3802 1041 3867 15.aner.
1051 3806 1117 3851 Ante
1124 3804 1207 3851 decem
1214 3816 1302 3849 annos.
1310 3800 1372 3847 Nem

304 3894 355 3939 ree,
365 3897 505 3943 praeeones,
515 3881 619 3928 viatores
626 3915 634 3942 ‚
642 3897 726 3928 servos
733 3879 816 3944 publi·
859 3883 1017 3946 quaestorfuit
1025 3885 1168 3931 Hortensius
1178 3897 1245 3929 anuo
1259 3882 1319 3940 6¹73.

303 3973 360 4018 cos,
370 3957 506 4018 carnifices,
519 3962 563 4023 qui
576 3976 660 4009 omues
673 3959 816 4022 magistrati·
898 3960 937 4007 16.
949 3963 979 4008 In
990 3960 1082 4009 sicilia.
1104 3963 1133 4007 ln
1145 3975 1194 4024 qua
1211 3969 1321 4023 quaestor
1337 3958 1374 4005 fut

302 4035 351 4082 bus
364 4048 453 4098 prato
465 4054 516 4085 esse
532 4039 664 4087 debebant.
682 4039 715 4083 Hi
730 4053 815 4087 omues
859 4054 924 4087 euno
934 4041 1129 4104 678‚quoenno
1140 4038 1286 4088 Hortensius
1297 4036 1374 4086 sedilis

302 4114 414 4162 mercede
428 4114 526 4179 publice
540 4116 747 4165 conducebantur.
859 4118 913 4165 suit.
