3142 4774
336 432 381 477 ιω
617 408 764 474 nr.
792 407 1073 475 ciceronis
1121 368 1148 491 l

334 527 489 622 cujusvis
498 528 657 596 animum
670 537 820 623 possunt
831 526 998 594 movere?
1007 523 1108 621 quod
1116 523 1161 595 ad
1172 536 1270 595 tuam
1282 524 1393 622 ipsius

332 638 536 722 amicitiam,
555 649 833 729 ceterorumque
847 633 1037 704 hominum
1056 656 1270 729 magnorum
1284 647 1393 729 atque

333 745 530 832 nobilium,
551 741 746 814 faciliorem
768 741 905 812 aditum
928 745 1030 815 istius
1050 742 1161 814 habet
1181 745 1337 839 nequitia
1357 756 1394 813 et

331 854 493 941 audacia,
522 875 631 949 quam
655 853 869 948 cujusquam
895 867 1060 924 nostrum
1086 855 1199 923 virtus
1231 867 1267 923 et
1299 856 1392 923 inte·

329 964 459 1060 gritas?
478 960 612 1032 Odistis
631 959 822 1031 hominum
846 982 1027 1032 novorum
1044 962 1254 1049 industrias3
1272 961 1392 1057 despi-

328 1075 407 1142 citis
432 1094 561 1141 eorum
585 1066 848 1164 frugalitatem
870 1068 1047 1168 pudorem
1073 1071 1321 1159 contemnitis,
1340 1072 1394 1141 in·

327 1182 475 1277 genium
496 1203 603 1266 vero,
626 1192 662 1249 et
683 1180 855 1250 virtutem
880 1179 1087 1276 depressam
1109 1182 1394 1275 exstinctamque

326 1290 457 1387 cupitis
467 1299 492 1359 ².
523 1293 672 1360 Verrem
696 1291 831 1359 amatis.
860 1293 915 1359 lta
940 1288 1049 1360 credo
1069 1316 1076 1357 :
1098 1292 1128 1360 si
1147 1314 1223 1360 non
1243 1290 1394 1373 virtute,

327 1424 402 1469 non
420 1398 612 1483 industria,
628 1423 705 1468 non
721 1399 950 1484 innocentia,
967 1424 1044 1469 non
1054 1398 1219 1496 «pudore,
1238 1422 1315 1469 non
1328 1421 1394 1495 pu·

324 1507 463 1594 ‹licitia3
481 1522 518 1577 at
535 1531 719 1593 sermone,
737 1522 774 1577 at
792 1507 924 1595 literis,
941 1521 978 1579 at
996 1508 1221 1579 humanitate
1234 1508 1313 1603 ejus
1329 1505 1393 1577 de·

327 1617 519 1689 lectamini.
544 1615 643 1690 Nihil
668 1616 801 1687 horum
823 1631 901 1688 est:
923 1613 1146 1712 contraque³
1170 1631 1255 1687 sunt
1272 1617 1394 1686 omnia

326 1753 441 1825 quum
457 1751 600 1798 summo
615 1725 791 1797 dedecore
810 1750 850 1797 ac
864 1725 1109 1823 turpitudine,
1125 1741 1203 1795 tum
1223 1725 1394 1822 singulari

327 1837 478 1907 stultitia
502 1850 613 1932 atque
638 1835 901 1906 inhumanitate
930 1834 1052 1905 oblita.
1079 1837 1171 1905 Huic
1200 1835 1338 1905 bomini
1365 1835 1394 1904 si

326 1947 429 2042 cujus
456 1945 587 2016 domus
613 1958 733 2042 patet,
761 1958 884 2015 utrum
911 1969 954 2015 ea
978 1958 1118 2041 patere,
1137 1969 1184 2015 an
1208 1944 1331 2015 maret
1353 1969 1395 2015 ac

329 2080 476 2155 poscere
495 2053 633 2153 aliquid
650 2053 816 2125 videtur?
836 2059 941 2125 Hunc
958 2054 1066 2124 vestri
1081 2054 1270 2148 janitores,
1295 2054 1394 2125 hunc

328 2163 539 2237 cubicularii
561 2159 758 2259 diligunt⁵;
777 2162 876 2234 hunc
898 2163 1017 2235 liberti
1039 2167 1169 2250 vestri,
1186 2162 1286 2235 hunc
1301 2164 1394 2236 servi

328 2274 540 2371 ancillaeque
562 2288 701 2360 amant3
727 2271 788 2343 bic
815 2298 929 2369 quum
959 2275 1078 2360 venit,
1104 2287 1204 2343 extra
1228 2272 1392 2344 ordinem

330 2395 500 2462 vocatum
526 2381 586 2450 bic
609 2381 708 2450 solus
730 2381 993 2453 introducitur:
1014 2386 1146 2470 ceteri,
1164 2406 1255 2480 saepe
1273 2381 1394 2479 fruga-

328 2490 454 2562 lissimi
465 2488 651 2591 homines,
666 2489 921 2562 excluduntur.
939 2497 991 2562 Ex
1004 2516 1079 2588 quo
1093 2491 1243 2588 intelligi
1258 2506 1392 2590 potest,

333 2625 395 2672 eos
417 2597 521 2670 vobis
543 2622 620 2671 esse
645 2599 863 2683 carissimos,
882 2606 946 2697 qui
961 2601 1010 2672 ita
1027 2596 1230 2688 vixerunt⁶,
1255 2613 1298 2670 ut
1317 2601 1394 2671 sine

331 2829 395 2877 lnam
407 2841 456 2877 tarn
465 2831 584 2893 impuram
595 2828 778 2894 amplectantur.
789 2828 842 2876 llos
886 2845 976 2877 summa
988 2829 1091 2878 stultitia
1102 2839 1160 2877 sunt
1175 2829 1265 2887 oblita,
1278 2831 1296 2879 i.
1314 2842 1337 2878 e.
1350 2828 1394 2879 lte·

331 2923 391 2972 ergo
404 2906 498 2955 Tullius
515 2907 541 2954 in
559 2918 726 2970 contemptum
746 2917 771 2955 et
782 2906 843 2953 invi·
886 2907 941 2956 data
955 2919 979 2956 et
993 2917 1134 2973 turpatus
1147 2907 1222 2955 verbo
1232 2908 1323 2961 ablabio.

333 2986 397 3035 diem
414 2984 621 3033 vehementissime
636 2985 713 3049 rapit,
735 2984 793 3033 dom
809 2983 841 3032 ab
922 2996 947 3043 4.
969 2987 1044 3034 Hr'm
1068 2987 1168 3051 proprie
1197 2985 1313 3035 dicuntur
1332 2986 1395 3051 pulli

331 3065 367 3112 eis
376 3063 630 3112 novorumhominnm
638 3061 843 3127 industriampro·
884 3066 966 3113 avium
978 3064 1010 3113 ad
1021 3081 1114 3124 escam
1127 3066 1293 3130 metaphorice
1302 3076 1338 3112 est
1345 3064 1397 3113 ari·

334 3143 442 3201 sulcari,
458 3141 619 3205 frugalitatem
643 3138 749 3203 despici,
775 3142 842 3206 inge·
886 3144 917 3192 de
938 3155 1058 3209 expetere.
1085 3147 1149 3194 Hinc
1180 3146 1249 3190 Vere.
1271 3144 1313 3199 11,
1340 3144 1395 3199 54:

334 3222 434 3269 niumet
447 3220 560 3269 virtutem
571 3218 673 3282 deprimi
683 3219 800 3278 clamitat,
813 3236 842 3268 ac
885 3224 1062 3289 «Reperisbsm
1076 3224 1177 3268 Verrem
1188 3231 1284 3268 tantum
1295 3221 1395 3269 avaritia

334 3299 458 3348 avaritiam
479 3297 578 3347 illorum
596 3297 704 3361 detegit,
727 3313 774 3362 qua
791 3298 842 3347 sols
886 3299 1396 3367 semperbiantestqneimminentefuisss·‚

334 3377 435 3426 adducti
446 3378 548 3425 Verrem
562 3377 588 3424 iu
606 3374 680 3424 fidem
697 3392 765 3424 snam
782 3392 842 3425 rece
886 3381 986 3429 Hi'einces
1000 3377 1144 3440 cupiditates
1160 3377 1227 3443 apud
1236 3379 1314 3427 Tacit.
1331 3379 1394 3429 illst.

334 3466 430 3521 parunt.
532 3472 535 3477 ·
887 3462 912 3516 1,
927 3472 968 3505 ra.
979 3454 1146 3514 Domusliiat,
1161 3457 1178 3506 i.
1190 3474 1213 3506 e.
1224 3456 1338 3507 dominus
1350 3456 1395 3505 do·

369 3551 395 3583 α.
407 3531 506 3596 Cupitis.
519 3531 583 3594 Quia
591 3531 801 3579 timetisnimlrnm
811 3548 843 3580 ne
886 3551 940 3582 mus
952 3543 1037 3597 aperto
1050 3550 1105 3591 ore,
1118 3550 1160 3583 sen
1177 3536 1314 3585 aridissime
1330 3552 1396 3602 prm·

333 3624 404 3677 parto
415 3609 576 3661 exlsboribus
585 3610 635 3657 suis
642 3609 771 3673 splendore
779 3614 844 3674 igne-
888 3613 943 3660 dam
956 3613 1117 3678 concupierit.

330 3708 386 3739 vam
393 3690 543 3739 nobilitatem
551 3687 841 3738 vestrsmobscnretVid.
924 3692 948 3740 5.
963 3690 1082 3756 Diligens.
1092 3692 1156 3755 Quia
1169 3708 1262 3758 semper
1271 3694 1301 3743 sb
1310 3710 1340 3743 eo
1352 3695 1395 3742 do·

332 3771 394 3817 infra
414 3773 486 3818 Verr.
509 3771 542 3828 V,
556 3768 605 3827 81;
623 3777 649 3815 et
667 3766 751 3815 eadem
767 3766 797 3814 dc
816 3783 843 3814 re
886 3770 937 3817 neti
952 3770 1078 3820 recedunt.

333 3848 416 3895 ccnler
427 3847 500 3895 Marii
514 3846 731 3911 orationem-apud
743 3845 841 3894 Sallust.
922 3849 946 3895 6.
969 3851 1011 3895 lea
1022 3848 1148 3898 vixerunt.
1164 3850 1197 3897 lis
1214 3866 1239 3897 se
1251 3850 1349 3913 flagitiis
1367 3867 1395 3900 ac

333 3925 393 3975 Bell.
403 3926 517 3988 sugunt.
536 3927 578 3975 83.
887 3925 1017 3975 sceleribus
1030 3927 1196 3988 macularunt,
1214 3940 1242 3977 ut
1253 3929 1304 3977 sins
1318 3940 1395 3977 vesus

370 4004 393 4052 3.
407 4005 504 4050 Contra.
513 3998 581 4051 Vitis
596 4006 677 4053 omnis
691 4018 705 4049 e
719 4003 841 4050 contrario
887 4021 973 4069 opera,
989 4006 1139 4067 enimvobis
1152 4007 1285 4056 mercedem
1298 4009 1393 4073 profixa

332 4081 399 4145 npnd
411 4083 511 4130 Verrem
533 4092 557 4130 et
579 4098 670 4130 summa
690 4081 801 4143 infamia,
817 4095 841 4131 et
883 4085 1045 4134 accumulate
1059 4084 1210 4149 persolvunt,
1228 4087 1337 4148 judicum
1355 4105 1395 4137 se·
