3016 4774
342 469 539 540 onArro
565 474 728 575 rnoA
756 475 968 548 cracmA
1118 479 1186 579 547

127 614 213 689 pere
231 584 439 686 potuisse⁵i
456 589 608 680 Quodsi
623 566 730 665 adimi
750 599 873 668 civitas
892 603 931 669 A
948 603 1094 672 Caecinae
1113 590 1190 703 lege

127 705 320 798 potuisset,
347 704 457 798 magis
483 701 580 772 illam
608 708 784 777 rationem
807 722 928 779 tamen
954 734 1082 783 omnes
1102 712 1190 785 boni

128 834 384 908 quaereremus,
404 812 711 909 quemadmodum
732 821 1033 913 spectatissimum
1049 824 1190 920 puden·

128 923 379 1018 tissimumque
411 921 618 1010 hominem,
662 948 804 998 summo
838 930 1012 1020 consilio,
1051 957 1191 1007 summa

127 1030 276 1117 virtute,
295 1053 435 1101 summa
448 1034 662 1105 auctoritate
672 1032 867 1109 domestica
880 1039 1085 1136 praeditum,
1098 1043 1191 1116 leva-

128 1154 206 1210 tum
218 1140 366 1235 injuria,
375 1143 490 1212 civem
503 1142 657 1214 retinere
669 1168 855 1241 possemus
866 1203 875 1237 ,
886 1174 996 1246 quam
1010 1156 1062 1223 uti
1077 1179 1192 1242 nune,

127 1275 239 1348 quum
255 1250 301 1322 de
316 1251 399 1346 jure
415 1253 566 1322 civitatis
578 1252 669 1324 nihil
683 1259 843 1353 potuerit
857 1257 1073 1355 deperdere,
1093 1269 1191 1361 quis·

127 1384 238 1458 quam
261 1365 429 1447 exsistat,
446 1361 516 1431 nisi
536 1362 607 1448 tui,
625 1368 752 1454 Sexte,
772 1367 896 1439 similis
914 1383 951 1441 et
969 1371 1136 1460 stultitias,
1158 1389 1194 1446 et

82 1504 85 1509 ·
128 1470 370 1567 impudentia,
392 1471 457 1566 qui
471 1468 557 1542 huic
575 1473 753 1544 civitatem
771 1477 975 1577 ademptam
993 1504 1069 1552 esse
1087 1482 1193 1555 dicat.

129 1583 201 1671 Qui
217 1580 406 1677 quoniam,
422 1594 709 1676 recuperatores,
727 1607 834 1656 suum
850 1587 909 1681 jus
928 1612 1005 1660 non
1018 1590 1196 1678 deseruit,

130 1713 249 1786 neque
263 1690 462 1787 quidquam
476 1690 572 1761 illius
589 1688 745 1762 audacie
760 1695 1039 1795 petulantiaeque
1053 1725 1196 1773 conces·

131 1796 217 1870 sit0·
209 1799 473 1925 ,derelinquo
460 1823 534 1894 jam
550 1824 782 1872 communem
795 1826 937 1875 causam
950 1816 983 1893 ⁷,
997 1812 1197 1927 populique

131 1910 271 1981 romani
281 1908 341 2004 jus
359 1911 397 1979 in
414 1923 532 1980 vestra
550 1908 622 1981 fide
643 1934 685 1982 ac
698 1912 872 2010 religione
894 1914 1050 2014 depono

180 2018 339 2089 XXXVI.
357 2022 393 2090 Is
409 2017 589 2091 homesta
613 2044 652 2090 sc
672 2018 866 2118 probatum
891 2024 994 2097 vobis
1016 2032 1197 2124 vestrique

131 2304 202 2338 nem·
215 2289 357 2338 hsrsssnirn
370 2288 439 2355 apud
452 2301 581 2356 praetorem
595 2305 646 2337 rem
689 2300 730 2338 tur
738 2291 833 2341 nore·
848 2304 959 2342 namet«
946 2296 1199 2359 «s-pmdenmsimum

50 2378 53 2383 ’
132 2380 216 2418 tenens
240 2369 275 2417 ita
293 2367 458 2418 vindicabat:
488 2371 576 2417 ullane
599 2383 647 2432 ego
690 2369 777 2418 esthie
791 2387 1011 2435 supewacaneum,
1028 2377 1085 2439 quia
1097 2377 1200 2440 subjm.

132 2464 181 2496 reru
203 2464 235 2495 ex
255 2451 310 2510 jure
334 2446 470 2511 Quiritium
495 2463 573 2497 msam
596 2463 647 2496 cass
690 2449 777 2514 gitur
784 2467 879 2501 summo
892 2453 1033 2505 oonsilioa:
1049 2466 1099 2502 ct«
1087 2458 1199 2521 «puden

132 2528 207 2576 aion:
224 2525 312 2575 demde
319 2535 450 2591 postquam
461 2508 654 2585 mendicantes,
690 2528 827 2579 tissimum
840 2530 912 2579 ctiam
926 2548 1002 2596 quum
1015 2534 1119 2598 probat,
1129 2539 1199 2600 quod

133 2618 224 2672 praetor
239 2603 404 2668 interrogabat
425 2620 497 2664 suna,
515 2605 560 2670 qui
576 2604 647 2654 ceds-
692 2609 779 2657 intra·
768 2626 883 2659 asumruo
894 2611 1008 2676 pudorem
1018 2614 1143 2664 hominem
1154 2633 1199 2681 ap

133 2684 190 2745 bat,
209 2702 242 2734 au
253 2696 338 2733 contra
352 2684 505 2735 vindicaret:
528 2702 579 2750 quo
596 2702 642 2735 ns-
685 2687 767 2752 pellat.
778 2689 806 2738 P.
817 2692 1197 2755 Fam.-Legendumv1detur,

134 2776 219 2829 puts,
232 2774 274 2812 aut
282 2774 389 2822 tacente,
401 2775 459 2812 tunc
468 2765 500 2824 si,
509 2766 553 2830 qul
566 2765 643 2814 vindi·
687 2783 723 2815 «a
736 2766 830 2816 civibus
840 2770 946 2816 romnis
954 2792 978 2830 u,
992 2782 1019 2819 ut
1030 2772 1105 2821 habet
1118 2774 1199 2823 codex

97 2864 103 2875 ¹
134 2854 238 2902 caverat,
250 2860 302 2891 saur
313 2859 363 2891 rena
376 2842 512 2892 addicebat.
526 2845 607 2894 llos-r.
686 2863 700 2894 e
722 2846 813 2894 nostris
835 2846 953 2910 optimus.
972 2849 1086 2899 Lattara.
1106 2877 1142 2889 -
1160 2855 1197 2902 Ita

171 2927 197 2976 5.
217 2928 252 2975 tte
272 2943 290 2974 a
308 2925 400 2991 populo
420 2943 481 2977 rous.
498 2927 643 2978 hereditates
661 2926 665 2931 ’
686 2925 773 2990 plane,
787 2940 862 2989 quum
878 2925 945 2973 idem
959 2926 1048 3004 diserqs
1066 2930 1136 2979 sitin
1150 2933 1195 2978 Ms

135 3005 644 3072 caperapotuisss.Ant.Angustinustesta·
686 3004 839 3055 Jannoctii:
864 3019 943 3068 coquo
965 3008 1107 3072 conspirant
1131 3021 1198 3059 notar

135 3097 177 3135 tur
188 3101 215 3134 ss
228 3085 254 3132 ln
262 3095 342 3134 vetere
350 3085 435 3134 codics
446 3087 563 3151 scripturn
574 3086 644 3135 inas·
687 3084 735 3132 illae
745 3084 816 3132 (ΗΚ.
827 3100 888 3147 quas
901 3086 962 3134 vidit
971 3087 1058 3144 idalio
1070 3088 1124 3138 aod.
1136 3091 1196 3138 Ant.

135 3151 217 3214 uisse:
243 3165 330 3215 «AC.
350 3167 382 3214 lt.
394 3164 539 3217 hereditates
559 3182 646 3230 capara
687 3161 1058 3228 Augustinus,serratqusadeo
1071 3167 1197 3225 sdrtssi.

136 3244 243 3309 potuisse
253 3266 281 3303 ι,
294 3244 363 3307 qnod
378 3243 482 3292 maxims
498 3243 605 3309 probat,
620 3256 647 3295 st
688 3242 792 3291 Accedit
803 3241 909 3305 denique
918 3242 957 3291 sd.
971 3246 1037 3299 1480
1045 3280 1052 3303 ,
1061 3245 1087 3293 in
1096 3263 1143 3309 qua
1151 3260 1198 3306 est,

135 3325 307 3388 iuterpretatur
328 3326 372 3373 :A
388 3322 485 3372 civibus
508 3325 643 3375 romanis».
688 3337 723 3368 «a
737 3322 834 3370 civitate
849 3323 1064 3385 romana»tquod
1074 3336 1154 3374 ortum
1165 3326 1197 3374 ab

136 3404 239 3469 Vulgata
250 3418 348 3467 quoquc
360 3402 434 3451 lectio
448 3401 546 3453 defendi
555 3416 645 3467 potest,
687 3394 774 3448 iisdem
785 3396 850 3448 nolis
862 3398 936 3448 fuisse
948 3401 1100 3465 perspicitur.
1110 3406 1178 3453 Gas.

136 3481 292 3532 etexsahic
305 3498 389 3530 ausus
402 3481 590 3547 eliciapopulo
603 3500 644 3533 ro-
722 3479 747 3526 6.
775 3478 844 3526 lilius
869 3478 983 3528 audacia
1003 3483 1197 3547 petulantiaeque

136 3579 225 3622 anano,
241 3562 477 3627 hoccst,aquoris
490 3562 543 3610 circ
556 3563 642 3627 populi
686 3558 809 3607 conrasit.
827 3559 915 3607 Dssass
933 3559 1050 3622 quiddam
1067 3563 1195 3624 posthaec

135 3641 237 3691 mman'n
246 3642 432 3691 F.Unsrr.—A
434 3641 527 3706 populo
535 3656 648 3696 romano,
689 3637 777 3694 verba,
791 3638 940 3687 staententia
955 3638 1061 3687 ostendit
1073 3641 1159 3690 mutila
1171 3654 1198 3690 st

136 3721 209 3770 Liber
225 3720 329 3771 Antonii
346 3721 477 3786 Augustini
498 3718 554 3778 ille,
573 3736 646 3784 quen
690 3718 868 3774 contaminata,
884 3728 909 3764 et
920 3715 1004 3765 relicta
1017 3719 1042 3765 in
1061 3729 1142 3767 vetars
1154 3737 1197 3769 oo·

137 3811 254 3848 memorat
268 3800 385 3859 Ursinus,
400 3800 441 3847 hie
454 3798 563 3862 egregia
578 3801 646 3848 estA
690 3795 744 3843 dice
767 3794 910 3844 lacunula:
938 3794 1020 3842 dom
1044 3806 1123 3844 auten
1149 3800 1197 3849 uta

138 3878 167 3928 C.
177 3879 207 3928 R.
218 3894 264 3942 pro
280 3901 293 3922 ι
303 3880 379 3928 scias
391 3893 491 3927 romano
498 3898 525 3937 a,
534 3887 563 3925 ut
572 3877 645 3926 etiarn
690 3874 816 3938 quidpiam
826 3873 939 3922 videtur:
954 3874 1045 3921 ιΝιιιιιι
1055 3874 1081 3923 ἰιι
1093 3878 1197 3927 civitatis

138 3959 182 4007 has
199 3970 270 4006 notas
287 3960 461 4024 interpretatus
482 3968 519 4005 eat
541 3955 645 4008 Probus.
690 3955 878 4003 controversiam
887 3964 990 4002 vocatur
997 3976 1018 4005 ·.
1029 3956 1109 4005 Hos-r.

140 4038 224 4086 Paullo
234 4048 292 4102 post
300 4037 445 4096 Lambinus,
454 4035 522 4101 quod
531 4059 545 4079 ο
552 4037 646 4100 puden·
727 4049 752 4093 7.
760 4033 908 4098 Dereiinquo
915 4034 970 4099 jaus
980 4050 1130 4085 ωιιιιιιιιιισιιι
1136 4055 1195 4087 cao-

141 4117 277 4163 tissimum·
287 4116 396 4180 reponit,
415 4115 457 4163 ubi
467 4114 556 4179 legitur
569 4137 581 4156 a
591 4132 648 4179 pru·
690 4106 752 4172 iarn,
761 4125 807 4161 etc.
818 4115 854 4162 Da
866 4114 914 4187 laqc
922 4114 980 4163 loco
987 4115 1042 4163 ride
1050 4117 1111 4167 linc.
1121 4120 1196 4167 xxx

143 4194 336 4258 densissimum»,
346 4205 410 4243 rocta
424 4196 563 4255 conjectura
578 4192 647 4242 ride·
691 4193 723 4241 ad
733 4194 821 4241 calcem
834 4193 905 4255 liujus
916 4194 1041 4243 orationis.

1023 4278 1079 4351 35.
