<?xml version="1.0" encoding="UTF-8"?>
<!DOCTYPE html PUBLIC "-//W3C//DTD XHTML 1.0 Transitional//EN"
    "http://www.w3.org/TR/xhtml1/DTD/xhtml1-transitional.dtd">
<html xmlns="http://www.w3.org/1999/xhtml" xml:lang="en" lang="en">
 <head>
  <title>
</title>
<meta http-equiv="Content-Type" content="text/html;charset=utf-8" />
  <meta name='ocr-system' content='tesseract 3.04.00' />
  <meta name='ocr-capabilities' content='ocr_page ocr_carea ocr_par ocr_line ocrx_word'/>
</head>
<body>
  <div class='ocr_page' id='page_1' title='image "./mtciceronisquae00bouigoog_0606.png"; bbox 0 0 3016 4774; ppageno 0'>
   <div class='ocr_carea' id='block_1_1' title="bbox 487 368 1191 444">
    <p class='ocr_par' dir='ltr' id='par_1_1' title="bbox 487 368 1191 444">
     <span class='ocr_line' id='line_1_1' title="bbox 487 368 1191 444; baseline 0.001 -3"><span class='ocrx_word' id='word_1_1' title='bbox 487 373 770 443; x_wconf 83' lang='lat' dir='ltr'>EXCURSUS</span> <span class='ocrx_word' id='word_1_2' title='bbox 797 374 825 439; x_wconf 90' lang='lat'>1.</span> <span class='ocrx_word' id='word_1_3' title='bbox 889 422 892 429; x_wconf 79' lang='lat'><em>,</em></span> <span class='ocrx_word' id='word_1_4' title='bbox 1121 368 1191 444; x_wconf 81' lang='lat'>553</span> 
     </span>
    </p>
   </div>
   <div class='ocr_carea' id='block_1_2' title="bbox 121 490 1193 1415">
    <p class='ocr_par' dir='ltr' id='par_1_2' title="bbox 121 490 1193 1415">
     <span class='ocr_line' id='line_1_2' title="bbox 126 490 1192 583; baseline 0 -27"><span class='ocrx_word' id='word_1_5' title='bbox 126 493 205 558; x_wconf 87' lang='lat' dir='ltr'>duro</span> <span class='ocrx_word' id='word_1_6' title='bbox 228 507 311 557; x_wconf 87' lang='lat' dir='ltr'>esset</span> <span class='ocrx_word' id='word_1_7' title='bbox 334 515 342 555; x_wconf 94' lang='lat'><strong>:</strong></span> <span class='ocrx_word' id='word_1_8' title='bbox 367 512 407 555; x_wconf 90' lang='lat' dir='ltr'>eo</span> <span class='ocrx_word' id='word_1_9' title='bbox 427 490 515 556; x_wconf 88' lang='lat' dir='ltr'>enim</span> <span class='ocrx_word' id='word_1_10' title='bbox 539 493 701 558; x_wconf 89' lang='lat' dir='ltr'>consertio</span> <span class='ocrx_word' id='word_1_11' title='bbox 726 491 840 576; x_wconf 82' lang='lat' dir='ltr'>fiebat,</span> <span class='ocrx_word' id='word_1_12' title='bbox 865 508 905 558; x_wconf 87' lang='lat' dir='ltr'>ut</span> <span class='ocrx_word' id='word_1_13' title='bbox 927 494 961 556; x_wconf 88' lang='lat' dir='ltr'>in</span> <span class='ocrx_word' id='word_1_14' title='bbox 988 515 1023 558; x_wconf 90' lang='lat' dir='ltr'>re</span> <span class='ocrx_word' id='word_1_15' title='bbox 1043 493 1192 583; x_wconf 85' lang='lat' dir='ltr'>praesenti</span> 
     </span>
     <span class='ocr_line' id='line_1_3' title="bbox 125 595 1192 687; baseline 0.001 -25"><span class='ocrx_word' id='word_1_16' title='bbox 125 595 279 667; x_wconf 81' lang='lat' dir='ltr'>vindicari</span> <span class='ocrx_word' id='word_1_17' title='bbox 300 614 421 685; x_wconf 82' lang='lat' dir='ltr'>posset.</span> <span class='ocrx_word' id='word_1_18' title='bbox 446 598 628 685; x_wconf 86' lang='lat' dir='ltr'>Superioris</span> <span class='ocrx_word' id='word_1_19' title='bbox 651 601 837 687; x_wconf 82' lang='lat' dir='ltr'>exemplum</span> <span class='ocrx_word' id='word_1_20' title='bbox 859 615 908 663; x_wconf 86' lang='lat' dir='ltr'>est</span> <span class='ocrx_word' id='word_1_21' title='bbox 930 598 964 661; x_wconf 88' lang='lat' dir='ltr'>in</span> <span class='ocrx_word' id='word_1_22' title='bbox 988 599 1123 687; x_wconf 80' lang='lat' dir='ltr'>epistola</span> <span class='ocrx_word' id='word_1_23' title='bbox 1150 598 1192 664; x_wconf 78' lang='lat' dir='ltr'>ad</span> 
     </span>
     <span class='ocr_line' id='line_1_4' title="bbox 125 703 1193 791; baseline 0 -23"><span class='ocrx_word' id='word_1_24' title='bbox 125 703 332 784; x_wconf 83' lang='lat' dir='ltr'><strong>Trebatium,</strong></span> <span class='ocrx_word' id='word_1_25' title='bbox 349 703 406 767; x_wconf 87' lang='lat' dir='ltr'>lib.</span> <span class='ocrx_word' id='word_1_26' title='bbox 422 704 525 768; x_wconf 84' lang='lat' dir='ltr'>v111:</span> <span class='ocrx_word' id='word_1_27' title='bbox 544 733 558 760; x_wconf 77' lang='grc' dir='ltr'>ι</span> <span class='ocrx_word' id='word_1_28' title='bbox 570 706 712 769; x_wconf 83' lang='lat' dir='ltr'>Tantum</span> <span class='ocrx_word' id='word_1_29' title='bbox 733 721 864 786; x_wconf 83' lang='lat' dir='ltr'>metuo,</span> <span class='ocrx_word' id='word_1_30' title='bbox 884 704 1009 791; x_wconf 88' lang='lat' dir='ltr'>inquit,</span> <span class='ocrx_word' id='word_1_31' title='bbox 1033 727 1075 768; x_wconf 91' lang='lat' dir='ltr'>ne</span> <span class='ocrx_word' id='word_1_32' title='bbox 1092 703 1193 768; x_wconf 81' lang='lat' dir='ltr'>artifi-</span> 
     </span>
     <span class='ocr_line' id='line_1_5' title="bbox 125 808 1193 900; baseline 0.002 -28"><span class='ocrx_word' id='word_1_33' title='bbox 125 809 212 873; x_wconf 82' lang='lat' dir='ltr'>cium</span> <span class='ocrx_word' id='word_1_34' title='bbox 229 826 322 873; x_wconf 90' lang='lat' dir='ltr'>tuum</span> <span class='ocrx_word' id='word_1_35' title='bbox 343 808 402 872; x_wconf 89' lang='lat' dir='ltr'>tihi</span> <span class='ocrx_word' id='word_1_36' title='bbox 421 831 537 898; x_wconf 84' lang='lat' dir='ltr'>parum</span> <span class='ocrx_word' id='word_1_37' title='bbox 555 811 680 900; x_wconf 83' lang='lat' dir='ltr'>prosit:</span> <span class='ocrx_word' id='word_1_38' title='bbox 701 834 776 874; x_wconf 86' lang='lat' dir='ltr'>nam</span> <span class='ocrx_word' id='word_1_39' title='bbox 793 825 831 873; x_wconf 90' lang='lat' dir='ltr'>ut</span> <span class='ocrx_word' id='word_1_40' title='bbox 848 809 964 892; x_wconf 81' lang='lat' dir='ltr'>audio,</span> <span class='ocrx_word' id='word_1_41' title='bbox 980 809 1052 873; x_wconf 90' lang='lat' dir='ltr'>istic</span> <span class='ocrx_word' id='word_1_42' title='bbox 1070 831 1138 872; x_wconf 89' lang='lat' dir='ltr'>non</span> <span class='ocrx_word' id='word_1_43' title='bbox 1154 833 1193 874; x_wconf 85' lang='lat' dir='ltr'>ex</span> 
     </span>
     <span class='ocr_line' id='line_1_6' title="bbox 121 913 1193 1005; baseline 0.002 -29"><span class='ocrx_word' id='word_1_44' title='bbox 121 913 195 993; x_wconf 85' lang='lat' dir='ltr'>jure</span> <span class='ocrx_word' id='word_1_45' title='bbox 212 936 311 978; x_wconf 83' lang='lat' dir='ltr'>manu</span> <span class='ocrx_word' id='word_1_46' title='bbox 328 929 529 997; x_wconf 88' lang='lat' dir='ltr'>consertum,</span> <span class='ocrx_word' id='word_1_47' title='bbox 546 913 604 978; x_wconf 90' lang='lat' dir='ltr'>sed</span> <span class='ocrx_word' id='word_1_48' title='bbox 621 937 712 1005; x_wconf 85' lang='lat' dir='ltr'>mage</span> <span class='ocrx_word' id='word_1_49' title='bbox 732 916 817 979; x_wconf 82' lang='lat' dir='ltr'>ferro</span> <span class='ocrx_word' id='word_1_50' title='bbox 833 938 902 979; x_wconf 89' lang='lat' dir='ltr'>rem</span> <span class='ocrx_word' id='word_1_51' title='bbox 919 929 1082 1004; x_wconf 89' lang='lat' dir='ltr'>repetunt.</span> <span class='ocrx_word' id='word_1_52' title='bbox 1099 915 1141 978; x_wconf 88' lang='lat' dir='ltr'>Et</span> <span class='ocrx_word' id='word_1_53' title='bbox 1155 930 1193 977; x_wconf 93' lang='lat' dir='ltr'>tu</span> 
     </span>
     <span class='ocr_line' id='line_1_7' title="bbox 124 1017 1193 1109; baseline 0.003 -28"><span class='ocrx_word' id='word_1_54' title='bbox 124 1019 208 1083; x_wconf 87' lang='lat' dir='ltr'>soles</span> <span class='ocrx_word' id='word_1_55' title='bbox 228 1017 270 1083; x_wconf 83' lang='lat' dir='ltr'>ad</span> <span class='ocrx_word' id='word_1_56' title='bbox 284 1019 350 1082; x_wconf 85' lang='lat' dir='ltr'>rim</span> <span class='ocrx_word' id='word_1_57' title='bbox 367 1018 547 1084; x_wconf 78' lang='lat' dir='ltr'>faciendam</span> <span class='ocrx_word' id='word_1_58' title='bbox 567 1019 737 1085; x_wconf 83' lang='lat' dir='ltr'>adhiberi?</span> <span class='ocrx_word' id='word_1_59' title='bbox 748 1053 761 1079; x_wconf 72' lang='grc' dir='ltr'><strong><em>ι</em></strong></span> <span class='ocrx_word' id='word_1_60' title='bbox 783 1036 816 1085; x_wconf 91' lang='lat' dir='ltr'>et</span> <span class='ocrx_word' id='word_1_61' title='bbox 834 1043 907 1109; x_wconf 76' lang='lat' dir='ltr'>quse</span> <span class='ocrx_word' id='word_1_62' title='bbox 923 1035 1116 1108; x_wconf 83' lang='lat' dir='ltr'>sequuntur.</span> <span class='ocrx_word' id='word_1_63' title='bbox 1134 1020 1193 1084; x_wconf 85' lang='lat' dir='ltr'>Est</span> 
     </span>
     <span class='ocr_line' id='line_1_8' title="bbox 123 1120 1193 1200; baseline 0.002 -19"><span class='ocrx_word' id='word_1_64' title='bbox 123 1134 232 1183; x_wconf 85' lang='lat' dir='ltr'>autem</span> <span class='ocrx_word' id='word_1_65' title='bbox 252 1141 375 1184; x_wconf 78' lang='lat' dir='ltr'>«mauu</span> <span class='ocrx_word' id='word_1_66' title='bbox 393 1136 603 1185; x_wconf 77' lang='lat' dir='ltr'>consertum»</span> <span class='ocrx_word' id='word_1_67' title='bbox 620 1120 797 1186; x_wconf 85' lang='lat' dir='ltr'>confictum</span> <span class='ocrx_word' id='word_1_68' title='bbox 821 1121 1035 1197; x_wconf 80' lang='lat' dir='ltr'>vocabulum,</span> <span class='ocrx_word' id='word_1_69' title='bbox 1053 1120 1193 1200; x_wconf 86' lang='lat' dir='ltr'>conjun-</span> 
     </span>
     <span class='ocr_line' id='line_1_9' title="bbox 124 1224 1193 1314; baseline 0.001 -27"><span class='ocrx_word' id='word_1_70' title='bbox 124 1238 279 1312; x_wconf 87' lang='lat' dir='ltr'>ctumque</span> <span class='ocrx_word' id='word_1_71' title='bbox 302 1247 343 1288; x_wconf 85' lang='lat' dir='ltr'>ex</span> <span class='ocrx_word' id='word_1_72' title='bbox 361 1247 475 1288; x_wconf 84' lang='lat' dir='ltr'>mortus</span> <span class='ocrx_word' id='word_1_73' title='bbox 494 1241 527 1289; x_wconf 91' lang='lat' dir='ltr'>et</span> <span class='ocrx_word' id='word_1_74' title='bbox 545 1248 722 1309; x_wconf 79' lang='lat' dir='ltr'><strong><em>conserere,</em></strong></span> <span class='ocrx_word' id='word_1_75' title='bbox 745 1248 810 1314; x_wconf 84' lang='lat' dir='ltr'>qua</span> <span class='ocrx_word' id='word_1_76' title='bbox 830 1224 871 1290; x_wconf 90' lang='lat' dir='ltr'>de</span> <span class='ocrx_word' id='word_1_77' title='bbox 891 1248 926 1291; x_wconf 89' lang='lat' dir='ltr'>re</span> <span class='ocrx_word' id='word_1_78' title='bbox 948 1224 983 1288; x_wconf 87' lang='lat' dir='ltr'>in</span> <span class='ocrx_word' id='word_1_79' title='bbox 1006 1226 1193 1290; x_wconf 84' lang='lat' dir='ltr'>Comment.</span> 
     </span>
     <span class='ocr_line' id='line_1_10' title="bbox 123 1326 720 1415; baseline 0.008 -25"><span class='ocrx_word' id='word_1_80' title='bbox 123 1327 212 1393; x_wconf 81' lang='lat' dir='ltr'>verb.</span> <span class='ocrx_word' id='word_1_81' title='bbox 226 1329 291 1409; x_wconf 89' lang='lat' dir='ltr'>jur.</span> <span class='ocrx_word' id='word_1_82' title='bbox 304 1328 436 1415; x_wconf 83' lang='lat' dir='ltr'>copiose</span> <span class='ocrx_word' id='word_1_83' title='bbox 449 1326 601 1393; x_wconf 80' lang='lat' dir='ltr'>diximus.</span> <span class='ocrx_word' id='word_1_84' title='bbox 617 1332 720 1395; x_wconf 88' lang='lat' dir='ltr'>Horr.</span> 
     </span>
    </p>
   </div>
   <div class='ocr_carea' id='block_1_3' title="bbox 7 1432 1193 1525">
    <p class='ocr_par' dir='ltr' id='par_1_3' title="bbox 7 1432 1193 1525">
     <span class='ocr_line' id='line_1_11' title="bbox 7 1432 1193 1525; baseline 0.002 -28"><span class='ocrx_word' id='word_1_85' title='bbox 7 1456 8 1461; x_wconf 49' lang='lat'>¹</span> <span class='ocrx_word' id='word_1_86' title='bbox 66 1496 68 1501; x_wconf 73' lang='grc'><strong><em>,</em></strong></span> <span class='ocrx_word' id='word_1_87' title='bbox 167 1433 206 1497; x_wconf 85' lang='lat' dir='ltr'>Si</span> <span class='ocrx_word' id='word_1_88' title='bbox 213 1432 317 1520; x_wconf 83' lang='lat' dir='ltr'>facta</span> <span class='ocrx_word' id='word_1_89' title='bbox 335 1438 390 1495; x_wconf 71' lang='lat' dir='ltr'>vu</span> <span class='ocrx_word' id='word_1_90' title='bbox 409 1446 485 1498; x_wconf 78' lang='lat' dir='ltr'>esset</span> <span class='ocrx_word' id='word_1_91' title='bbox 501 1435 646 1499; x_wconf 81' lang='lat' dir='ltr'>moribus.</span> <span class='ocrx_word' id='word_1_92' title='bbox 668 1436 721 1500; x_wconf 89' lang='lat' dir='ltr'>Sic</span> <span class='ocrx_word' id='word_1_93' title='bbox 743 1458 813 1501; x_wconf 88' lang='lat' dir='ltr'>esse</span> <span class='ocrx_word' id='word_1_94' title='bbox 835 1435 1032 1525; x_wconf 81' lang='lat' dir='ltr'>legendum,</span> <span class='ocrx_word' id='word_1_95' title='bbox 1055 1435 1193 1500; x_wconf 78' lang='lat' dir='ltr'>vincunt</span> 
     </span>
    </p>
   </div>
   <div class='ocr_carea' id='block_1_4' title="bbox 121 1536 1226 2888">
    <p class='ocr_par' dir='ltr' id='par_1_4' title="bbox 121 1536 1226 2888">
     <span class='ocr_line' id='line_1_12' title="bbox 124 1536 1193 1631; baseline 0.004 -30"><span class='ocrx_word' id='word_1_96' title='bbox 124 1537 252 1602; x_wconf 89' lang='lat' dir='ltr'>codices</span> <span class='ocrx_word' id='word_1_97' title='bbox 260 1536 327 1602; x_wconf 89' lang='lat' dir='ltr'>duo</span> <span class='ocrx_word' id='word_1_98' title='bbox 334 1538 430 1623; x_wconf 88' lang='lat' dir='ltr'>MSS,</span> <span class='ocrx_word' id='word_1_99' title='bbox 440 1561 459 1603; x_wconf 80' lang='lat' dir='ltr'><strong>a</strong></span> <span class='ocrx_word' id='word_1_100' title='bbox 470 1539 589 1627; x_wconf 87' lang='lat' dir='ltr'>quibus</span> <span class='ocrx_word' id='word_1_101' title='bbox 598 1540 690 1604; x_wconf 79' lang='lat' dir='ltr'>abest</span> <span class='ocrx_word' id='word_1_102' title='bbox 699 1543 827 1631; x_wconf 78' lang='lat' dir='ltr'>negatio</span> <span class='ocrx_word' id='word_1_103' title='bbox 840 1565 848 1606; x_wconf 73' lang='grc' dir='ltr'><strong><em>ε</em></strong></span> <span class='ocrx_word' id='word_1_104' title='bbox 861 1542 962 1606; x_wconf 83' lang='lat' dir='ltr'>vincit</span> <span class='ocrx_word' id='word_1_105' title='bbox 969 1557 1002 1605; x_wconf 87' lang='lat' dir='ltr'>et</span> <span class='ocrx_word' id='word_1_106' title='bbox 1008 1541 1107 1621; x_wconf 80' lang='lat' dir='ltr'>ratio,</span> <span class='ocrx_word' id='word_1_107' title='bbox 1121 1564 1193 1628; x_wconf 84' lang='lat' dir='ltr'>quae</span> 
     </span>
     <span class='ocr_line' id='line_1_13' title="bbox 123 1643 1191 1733; baseline 0.005 -28"><span class='ocrx_word' id='word_1_108' title='bbox 123 1643 197 1731; x_wconf 87' lang='lat' dir='ltr'>plus</span> <span class='ocrx_word' id='word_1_109' title='bbox 212 1659 336 1731; x_wconf 81' lang='lat' dir='ltr'>potest3</span> <span class='ocrx_word' id='word_1_110' title='bbox 351 1666 426 1709; x_wconf 83' lang='lat' dir='ltr'>nom</span> <span class='ocrx_word' id='word_1_111' title='bbox 443 1645 491 1709; x_wconf 85' lang='lat' dir='ltr'>vis</span> <span class='ocrx_word' id='word_1_112' title='bbox 506 1662 574 1710; x_wconf 85' lang='lat' dir='ltr'>erat</span> <span class='ocrx_word' id='word_1_113' title='bbox 586 1644 712 1733; x_wconf 81' lang='lat' dir='ltr'>aliqua,</span> <span class='ocrx_word' id='word_1_114' title='bbox 726 1669 797 1733; x_wconf 81' lang='lat' dir='ltr'>quae</span> <span class='ocrx_word' id='word_1_115' title='bbox 815 1645 913 1711; x_wconf 79' lang='lat' dir='ltr'>fiebat</span> <span class='ocrx_word' id='word_1_116' title='bbox 929 1647 1092 1729; x_wconf 87' lang='lat' dir='ltr'>moribus,</span> <span class='ocrx_word' id='word_1_117' title='bbox 1105 1664 1143 1711; x_wconf 90' lang='lat' dir='ltr'>ut</span> <span class='ocrx_word' id='word_1_118' title='bbox 1157 1648 1191 1710; x_wconf 89' lang='lat' dir='ltr'>hi</span> 
     </span>
     <span class='ocr_line' id='line_1_14' title="bbox 123 1748 1193 1839; baseline 0.004 -26"><span class='ocrx_word' id='word_1_119' title='bbox 123 1749 187 1813; x_wconf 87' lang='lat' dir='ltr'>loci</span> <span class='ocrx_word' id='word_1_120' title='bbox 205 1748 400 1832; x_wconf 72' lang='lat' dir='ltr'>ostendissit,</span> <span class='ocrx_word' id='word_1_121' title='bbox 415 1751 562 1839; x_wconf 87' lang='lat' dir='ltr'>quisunt</span> <span class='ocrx_word' id='word_1_122' title='bbox 574 1753 657 1816; x_wconf 82' lang='lat' dir='ltr'>infra</span> <span class='ocrx_word' id='word_1_123' title='bbox 674 1775 683 1816; x_wconf 75' lang='grc' dir='ltr'><strong><em>ε</em></strong></span> <span class='ocrx_word' id='word_1_124' title='bbox 699 1752 849 1817; x_wconf 75' lang='lat' dir='ltr'>«Placuit</span> <span class='ocrx_word' id='word_1_125' title='bbox 865 1753 1000 1816; x_wconf 75' lang='lat' dir='ltr'>Cocinae</span> <span class='ocrx_word' id='word_1_126' title='bbox 1017 1752 1058 1817; x_wconf 93' lang='lat' dir='ltr'>de</span> <span class='ocrx_word' id='word_1_127' title='bbox 1072 1753 1193 1817; x_wconf 83' lang='lat' dir='ltr'>amico·</span> 
     </span>
     <span class='ocr_line' id='line_1_15' title="bbox 124 1852 1226 1949; baseline 0.005 -32"><span class='ocrx_word' id='word_1_128' title='bbox 124 1877 199 1923; x_wconf 84' lang='lat' dir='ltr'>rum</span> <span class='ocrx_word' id='word_1_129' title='bbox 214 1856 375 1920; x_wconf 81' lang='lat' dir='ltr'>sententia</span> <span class='ocrx_word' id='word_1_130' title='bbox 389 1854 475 1920; x_wconf 88' lang='lat' dir='ltr'>diem</span> <span class='ocrx_word' id='word_1_131' title='bbox 492 1858 705 1941; x_wconf 84' lang='lat' dir='ltr'>constituere,</span> <span class='ocrx_word' id='word_1_132' title='bbox 717 1880 784 1946; x_wconf 89' lang='lat' dir='ltr'>quo</span> <span class='ocrx_word' id='word_1_133' title='bbox 800 1858 853 1922; x_wconf 92' lang='lat' dir='ltr'>die</span> <span class='ocrx_word' id='word_1_134' title='bbox 868 1858 901 1923; x_wconf 90' lang='lat' dir='ltr'>in</span> <span class='ocrx_word' id='word_1_135' title='bbox 916 1852 985 1922; x_wconf 84' lang='lat' dir='ltr'>reru</span> <span class='ocrx_word' id='word_1_136' title='bbox 999 1874 1189 1947; x_wconf 67' lang='lat' dir='ltr'>presentem</span> <span class='ocrx_word' id='word_1_137' title='bbox 1224 1946 1226 1949; x_wconf 16' lang='grc' dir='ltr'>Ι</span> 
     </span>
     <span class='ocr_line' id='line_1_16' title="bbox 122 1957 1195 2040; baseline 0.004 -19"><span class='ocrx_word' id='word_1_138' title='bbox 122 1957 296 2040; x_wconf 81' lang='lat' dir='ltr'>veniretur,</span> <span class='ocrx_word' id='word_1_139' title='bbox 310 1976 343 2023; x_wconf 90' lang='lat' dir='ltr'>et</span> <span class='ocrx_word' id='word_1_140' title='bbox 358 1958 399 2024; x_wconf 90' lang='lat' dir='ltr'>de</span> <span class='ocrx_word' id='word_1_141' title='bbox 415 1959 521 2025; x_wconf 79' lang='lat' dir='ltr'>fundo</span> <span class='ocrx_word' id='word_1_142' title='bbox 534 1961 659 2027; x_wconf 57' lang='lat' dir='ltr'>&amp;cina</span> <span class='ocrx_word' id='word_1_143' title='bbox 675 1962 821 2028; x_wconf 89' lang='lat' dir='ltr'>moribus</span> <span class='ocrx_word' id='word_1_144' title='bbox 834 1961 1082 2027; x_wconf 76' lang='lat' dir='ltr'>deduceretur».</span> <span class='ocrx_word' id='word_1_145' title='bbox 1096 1963 1195 2026; x_wconf 89' lang='lat' dir='ltr'>Etin·</span> 
     </span>
     <span class='ocr_line' id='line_1_17' title="bbox 122 2063 1190 2155; baseline 0.003 -28"><span class='ocrx_word' id='word_1_146' title='bbox 122 2063 180 2128; x_wconf 81' lang='lat' dir='ltr'>fer.</span> <span class='ocrx_word' id='word_1_147' title='bbox 201 2063 274 2128; x_wconf 79' lang='lat' dir='ltr'>«Ad</span> <span class='ocrx_word' id='word_1_148' title='bbox 292 2087 368 2128; x_wconf 89' lang='lat' dir='ltr'>eum</span> <span class='ocrx_word' id='word_1_149' title='bbox 389 2065 530 2130; x_wconf 79' lang='lat' dir='ltr'>fundum</span> <span class='ocrx_word' id='word_1_150' title='bbox 548 2068 714 2154; x_wconf 87' lang='lat' dir='ltr'>profectus</span> <span class='ocrx_word' id='word_1_151' title='bbox 732 2082 800 2150; x_wconf 89' lang='lat' dir='ltr'>est,</span> <span class='ocrx_word' id='word_1_152' title='bbox 824 2090 864 2131; x_wconf 83' lang='lat' dir='ltr'>ex</span> <span class='ocrx_word' id='word_1_153' title='bbox 879 2089 947 2155; x_wconf 93' lang='lat' dir='ltr'>quo</span> <span class='ocrx_word' id='word_1_154' title='bbox 968 2090 1007 2131; x_wconf 85' lang='lat' dir='ltr'>ex</span> <span class='ocrx_word' id='word_1_155' title='bbox 1026 2083 1190 2131; x_wconf 84' lang='lat' dir='ltr'>conventu</span> 
     </span>
     <span class='ocr_line' id='line_1_18' title="bbox 121 2169 1189 2259; baseline 0.003 -27"><span class='ocrx_word' id='word_1_156' title='bbox 121 2170 188 2232; x_wconf 84' lang='lat' dir='ltr'>vim</span> <span class='ocrx_word' id='word_1_157' title='bbox 204 2169 275 2236; x_wconf 88' lang='lat' dir='ltr'>fieri</span> <span class='ocrx_word' id='word_1_158' title='bbox 294 2171 465 2259; x_wconf 86' lang='lat' dir='ltr'>oportebat</span> <span class='ocrx_word' id='word_1_159' title='bbox 476 2203 498 2239; x_wconf 72' lang='grc' dir='ltr'>υ.</span> <span class='ocrx_word' id='word_1_160' title='bbox 516 2173 559 2236; x_wconf 90' lang='lat' dir='ltr'>Et</span> <span class='ocrx_word' id='word_1_161' title='bbox 579 2172 664 2236; x_wconf 77' lang='lat' dir='ltr'>infre</span> <span class='ocrx_word' id='word_1_162' title='bbox 683 2195 692 2236; x_wconf 80' lang='lat' dir='ltr'>t</span> <span class='ocrx_word' id='word_1_163' title='bbox 711 2174 777 2237; x_wconf 78' lang='lat' dir='ltr'>«At</span> <span class='ocrx_word' id='word_1_164' title='bbox 793 2194 871 2236; x_wconf 84' lang='lat' dir='ltr'>vero</span> <span class='ocrx_word' id='word_1_165' title='bbox 889 2171 953 2235; x_wconf 90' lang='lat' dir='ltr'>hoc</span> <span class='ocrx_word' id='word_1_166' title='bbox 973 2171 1108 2259; x_wconf 88' lang='lat' dir='ltr'>quidem</span> <span class='ocrx_word' id='word_1_167' title='bbox 1122 2172 1189 2251; x_wconf 85' lang='lat' dir='ltr'>jam</span> 
     </span>
     <span class='ocr_line' id='line_1_19' title="bbox 122 2278 1192 2367; baseline 0.003 -28"><span class='ocrx_word' id='word_1_168' title='bbox 122 2292 214 2341; x_wconf 80' lang='lat' dir='ltr'>vetus</span> <span class='ocrx_word' id='word_1_169' title='bbox 228 2293 291 2359; x_wconf 89' lang='lat' dir='ltr'>est,</span> <span class='ocrx_word' id='word_1_170' title='bbox 314 2293 347 2342; x_wconf 92' lang='lat' dir='ltr'>et</span> <span class='ocrx_word' id='word_1_171' title='bbox 368 2279 528 2359; x_wconf 80' lang='lat' dir='ltr'>majorum</span> <span class='ocrx_word' id='word_1_172' title='bbox 544 2279 692 2367; x_wconf 74' lang='lat' dir='ltr'>exemplo</span> <span class='ocrx_word' id='word_1_173' title='bbox 714 2278 825 2343; x_wconf 88' lang='lat' dir='ltr'>multis</span> <span class='ocrx_word' id='word_1_174' title='bbox 844 2278 878 2341; x_wconf 88' lang='lat' dir='ltr'>iu</span> <span class='ocrx_word' id='word_1_175' title='bbox 898 2278 996 2343; x_wconf 88' lang='lat' dir='ltr'>rebus</span> <span class='ocrx_word' id='word_1_176' title='bbox 1017 2279 1192 2359; x_wconf 82' lang='lat' dir='ltr'>usitatum,</span> 
     </span>
     <span class='ocr_line' id='line_1_20' title="bbox 122 2382 1191 2474; baseline 0.001 -29"><span class='ocrx_word' id='word_1_177' title='bbox 122 2405 224 2469; x_wconf 88' lang='lat' dir='ltr'>quum</span> <span class='ocrx_word' id='word_1_178' title='bbox 233 2382 274 2447; x_wconf 87' lang='lat' dir='ltr'>ad</span> <span class='ocrx_word' id='word_1_179' title='bbox 282 2385 345 2449; x_wconf 85' lang='lat' dir='ltr'>rim</span> <span class='ocrx_word' id='word_1_180' title='bbox 357 2384 538 2450; x_wconf 82' lang='lat' dir='ltr'>faciendam</span> <span class='ocrx_word' id='word_1_181' title='bbox 547 2385 722 2467; x_wconf 86' lang='lat' dir='ltr'>veniretur,</span> <span class='ocrx_word' id='word_1_182' title='bbox 732 2401 791 2449; x_wconf 89' lang='lat' dir='ltr'>etc.</span> <span class='ocrx_word' id='word_1_183' title='bbox 800 2416 813 2441; x_wconf 73' lang='grc' dir='ltr'>ιι</span> <span class='ocrx_word' id='word_1_184' title='bbox 826 2385 869 2449; x_wconf 84' lang='grc' dir='ltr'>Εῑ</span> <span class='ocrx_word' id='word_1_185' title='bbox 879 2384 973 2449; x_wconf 83' lang='lat' dir='ltr'>infer.</span> <span class='ocrx_word' id='word_1_186' title='bbox 985 2385 1080 2474; x_wconf 76' lang='lat' dir='ltr'>«lpse</span> <span class='ocrx_word' id='word_1_187' title='bbox 1092 2406 1191 2473; x_wconf 88' lang='lat' dir='ltr'>porro</span> 
     </span>
     <span class='ocr_line' id='line_1_21' title="bbox 123 2490 1149 2585; baseline 0.003 -34"><span class='ocrx_word' id='word_1_188' title='bbox 123 2490 265 2571; x_wconf 72' lang='lat' dir='ltr'>(lecina,</span> <span class='ocrx_word' id='word_1_189' title='bbox 280 2512 339 2553; x_wconf 89' lang='lat' dir='ltr'>cur</span> <span class='ocrx_word' id='word_1_190' title='bbox 354 2491 548 2555; x_wconf 87' lang='lat' dir='ltr'>semoribus</span> <span class='ocrx_word' id='word_1_191' title='bbox 563 2490 681 2556; x_wconf 90' lang='lat' dir='ltr'>deduci</span> <span class='ocrx_word' id='word_1_192' title='bbox 696 2491 846 2557; x_wconf 76' lang='lat' dir='ltr'>volebat?</span> <span class='ocrx_word' id='word_1_193' title='bbox 858 2521 872 2547; x_wconf 77' lang='grc' dir='ltr'><strong>ι</strong></span> <span class='ocrx_word' id='word_1_194' title='bbox 884 2491 1025 2555; x_wconf 76' lang='lat' dir='ltr'>Lmrrt.</span> <span class='ocrx_word' id='word_1_195' title='bbox 1143 2568 1149 2585; x_wconf 27' lang='grc' dir='ltr'><em>Α</em></span> 
     </span>
     <span class='ocr_line' id='line_1_22' title="bbox 164 2593 1190 2687; baseline 0.003 -30"><span class='ocrx_word' id='word_1_196' title='bbox 164 2593 304 2679; x_wconf 82' lang='lat' dir='ltr'>Sr&#39;facta</span> <span class='ocrx_word' id='word_1_197' title='bbox 320 2596 372 2657; x_wconf 80' lang='lat' dir='ltr'>vis</span> <span class='ocrx_word' id='word_1_198' title='bbox 386 2608 471 2660; x_wconf 82' lang='lat' dir='ltr'>essct.</span> <span class='ocrx_word' id='word_1_199' title='bbox 488 2594 546 2660; x_wconf 85' lang='lat' dir='ltr'>Vis</span> <span class='ocrx_word' id='word_1_200' title='bbox 563 2596 664 2661; x_wconf 83' lang='lat' dir='ltr'>civilis</span> <span class='ocrx_word' id='word_1_201' title='bbox 683 2614 715 2661; x_wconf 89' lang='lat' dir='ltr'>et</span> <span class='ocrx_word' id='word_1_202' title='bbox 732 2596 934 2685; x_wconf 83' lang='lat' dir='ltr'>quotidiana,</span> <span class='ocrx_word' id='word_1_203' title='bbox 949 2620 1014 2684; x_wconf 83' lang='lat' dir='ltr'>qua</span> <span class='ocrx_word' id='word_1_204' title='bbox 1025 2597 1124 2687; x_wconf 84' lang='lat' dir='ltr'>vulgo</span> <span class='ocrx_word' id='word_1_205' title='bbox 1138 2618 1190 2660; x_wconf 82' lang='lat' dir='ltr'>ex-</span> 
     </span>
     <span class='ocr_line' id='line_1_23' title="bbox 121 2694 1190 2786; baseline 0.004 -29"><span class='ocrx_word' id='word_1_206' title='bbox 121 2694 311 2781; x_wconf 88' lang='lat' dir='ltr'>periuntur,</span> <span class='ocrx_word' id='word_1_207' title='bbox 334 2695 391 2783; x_wconf 90' lang='lat' dir='ltr'>qui</span> <span class='ocrx_word' id='word_1_208' title='bbox 413 2694 455 2760; x_wconf 89' lang='lat' dir='ltr'>de</span> <span class='ocrx_word' id='word_1_209' title='bbox 476 2698 545 2786; x_wconf 81' lang='lat' dir='ltr'>egn‘</span> <span class='ocrx_word' id='word_1_210' title='bbox 569 2699 773 2786; x_wconf 81' lang='lat' dir='ltr'>possessione</span> <span class='ocrx_word' id='word_1_211' title='bbox 796 2697 985 2786; x_wconf 84' lang='lat' dir='ltr'>disceptant.</span> <span class='ocrx_word' id='word_1_212' title='bbox 1009 2699 1102 2761; x_wconf 82' lang='lat' dir='ltr'>Ratio</span> <span class='ocrx_word' id='word_1_213' title='bbox 1120 2697 1190 2761; x_wconf 84' lang='lat' dir='ltr'>haeo</span> 
     </span>
     <span class='ocr_line' id='line_1_24' title="bbox 123 2793 1188 2888; baseline 0.005 -31"><span class='ocrx_word' id='word_1_214' title='bbox 123 2793 248 2859; x_wconf 83' lang='lat' dir='ltr'>AEbutii</span> <span class='ocrx_word' id='word_1_215' title='bbox 260 2793 302 2858; x_wconf 84' lang='lat' dir='ltr'>ad</span> <span class='ocrx_word' id='word_1_216' title='bbox 314 2793 382 2859; x_wconf 91' lang='lat' dir='ltr'>duo</span> <span class='ocrx_word' id='word_1_217' title='bbox 397 2795 520 2862; x_wconf 84' lang='lat' dir='ltr'>diversa</span> <span class='ocrx_word' id='word_1_218' title='bbox 529 2798 708 2880; x_wconf 87' lang='lat' dir='ltr'>reducitur,</span> <span class='ocrx_word' id='word_1_219' title='bbox 720 2797 762 2862; x_wconf 82' lang='lat' dir='ltr'>ad</span> <span class='ocrx_word' id='word_1_220' title='bbox 775 2821 905 2888; x_wconf 83' lang='lat' dir='ltr'>agrum,</span> <span class='ocrx_word' id='word_1_221' title='bbox 923 2814 956 2862; x_wconf 87' lang='lat' dir='ltr'>et</span> <span class='ocrx_word' id='word_1_222' title='bbox 966 2796 1006 2861; x_wconf 81' lang='lat' dir='ltr'>ad</span> <span class='ocrx_word' id='word_1_223' title='bbox 1020 2796 1188 2877; x_wconf 85' lang='lat' dir='ltr'>judicium.</span> 
     </span>
    </p>
   </div>
   <div class='ocr_carea' id='block_1_5' title="bbox 8 2899 1187 2990">
    <p class='ocr_par' dir='ltr' id='par_1_5' title="bbox 8 2899 1187 2990">
     <span class='ocr_line' id='line_1_25' title="bbox 8 2899 1187 2990; baseline 0.005 -30"><span class='ocrx_word' id='word_1_224' title='bbox 8 2912 12 2949; x_wconf 64' lang='grc' dir='ltr'>ἰ</span> <span class='ocrx_word' id='word_1_225' title='bbox 121 2899 160 2961; x_wconf 89' lang='lat' dir='ltr'>ln</span> <span class='ocrx_word' id='word_1_226' title='bbox 178 2921 256 2987; x_wconf 80' lang='lat' dir='ltr'>agro</span> <span class='ocrx_word' id='word_1_227' title='bbox 271 2916 328 2964; x_wconf 82' lang='lat' dir='ltr'>aut</span> <span class='ocrx_word' id='word_1_228' title='bbox 343 2901 391 2965; x_wconf 79' lang='lat' dir='ltr'>vis</span> <span class='ocrx_word' id='word_1_229' title='bbox 407 2904 553 2967; x_wconf 90' lang='lat' dir='ltr'>moribus</span> <span class='ocrx_word' id='word_1_230' title='bbox 571 2903 627 2985; x_wconf 86' lang='lat' dir='ltr'>fit,</span> <span class='ocrx_word' id='word_1_231' title='bbox 641 2921 699 2968; x_wconf 85' lang='lat' dir='ltr'>aut</span> <span class='ocrx_word' id='word_1_232' title='bbox 715 2902 868 2968; x_wconf 79' lang='lat' dir='ltr'>adversus</span> <span class='ocrx_word' id='word_1_233' title='bbox 886 2925 1023 2966; x_wconf 88' lang='lat' dir='ltr'>morem.</span> <span class='ocrx_word' id='word_1_234' title='bbox 1038 2903 1187 2990; x_wconf 89' lang='lat' dir='ltr'>Utroque</span> 
     </span>
    </p>
   </div>
   <div class='ocr_carea' id='block_1_6' title="bbox 120 2997 1188 3409">
    <p class='ocr_par' dir='ltr' id='par_1_6' title="bbox 120 2997 1188 3409">
     <span class='ocr_line' id='line_1_26' title="bbox 121 2997 1188 3092; baseline 0.007 -30"><span class='ocrx_word' id='word_1_235' title='bbox 121 2997 220 3071; x_wconf 81' lang='lat' dir='ltr'>ruodo</span> <span class='ocrx_word' id='word_1_236' title='bbox 236 3001 384 3087; x_wconf 88' lang='lat' dir='ltr'>superior</span> <span class='ocrx_word' id='word_1_237' title='bbox 401 3004 526 3068; x_wconf 64' lang='lat' dir='ltr'>Cercina</span> <span class='ocrx_word' id='word_1_238' title='bbox 541 3027 610 3071; x_wconf 86' lang='lat' dir='ltr'>esse</span> <span class='ocrx_word' id='word_1_239' title='bbox 626 3005 734 3071; x_wconf 88' lang='lat' dir='ltr'>debet.</span> <span class='ocrx_word' id='word_1_240' title='bbox 750 3005 810 3069; x_wconf 92' lang='lat' dir='ltr'>Illo</span> <span class='ocrx_word' id='word_1_241' title='bbox 832 3003 1006 3091; x_wconf 80' lang='lat' dir='ltr'>quoderat</span> <span class='ocrx_word' id='word_1_242' title='bbox 1023 3026 1188 3092; x_wconf 84' lang='lat' dir='ltr'>possessor</span> 
     </span>
     <span class='ocr_line' id='line_1_27' title="bbox 120 3105 1188 3195; baseline 0.008 -30"><span class='ocrx_word' id='word_1_243' title='bbox 120 3125 216 3169; x_wconf 82' lang='lat' dir='ltr'>verus</span> <span class='ocrx_word' id='word_1_244' title='bbox 230 3105 337 3189; x_wconf 80' lang='lat' dir='ltr'>fundi,</span> <span class='ocrx_word' id='word_1_245' title='bbox 349 3107 413 3173; x_wconf 91' lang='lat' dir='ltr'>hoc</span> <span class='ocrx_word' id='word_1_246' title='bbox 427 3109 517 3195; x_wconf 92' lang='lat' dir='ltr'>quod</span> <span class='ocrx_word' id='word_1_247' title='bbox 530 3111 577 3174; x_wconf 85' lang='lat' dir='ltr'>ris</span> <span class='ocrx_word' id='word_1_248' title='bbox 586 3112 683 3174; x_wconf 82' lang='lat' dir='ltr'>arrnis</span> <span class='ocrx_word' id='word_1_249' title='bbox 693 3112 861 3191; x_wconf 79' lang='lat' dir='ltr'>facts,nou</span> <span class='ocrx_word' id='word_1_250' title='bbox 875 3110 1008 3176; x_wconf 84' lang='lat' dir='ltr'>civiliter</span> <span class='ocrx_word' id='word_1_251' title='bbox 1017 3110 1188 3174; x_wconf 81' lang='lat' dir='ltr'>commisso</span> 
     </span>
     <span class='ocr_line' id='line_1_28' title="bbox 121 3209 1186 3305; baseline 0.006 -34"><span class='ocrx_word' id='word_1_252' title='bbox 121 3223 170 3272; x_wconf 88' lang='lat' dir='ltr'>est</span> <span class='ocrx_word' id='word_1_253' title='bbox 185 3209 219 3274; x_wconf 88' lang='lat' dir='ltr'>iu</span> <span class='ocrx_word' id='word_1_254' title='bbox 235 3210 454 3278; x_wconf 85' lang='lat' dir='ltr'>interdictum.</span> <span class='ocrx_word' id='word_1_255' title='bbox 473 3214 512 3276; x_wconf 90' lang='lat' dir='ltr'>In</span> <span class='ocrx_word' id='word_1_256' title='bbox 526 3213 650 3305; x_wconf 80' lang='lat' dir='ltr'>judicio</span> <span class='ocrx_word' id='word_1_257' title='bbox 667 3230 775 3279; x_wconf 88' lang='lat' dir='ltr'>autern</span> <span class='ocrx_word' id='word_1_258' title='bbox 797 3231 854 3279; x_wconf 84' lang='lat' dir='ltr'>aut</span> <span class='ocrx_word' id='word_1_259' title='bbox 874 3236 967 3281; x_wconf 89' lang='lat' dir='ltr'>ruore</span> <span class='ocrx_word' id='word_1_260' title='bbox 984 3230 1017 3278; x_wconf 90' lang='lat' dir='ltr'>et</span> <span class='ocrx_word' id='word_1_261' title='bbox 1036 3215 1186 3280; x_wconf 85' lang='lat' dir='ltr'>instituto</span> 
     </span>
     <span class='ocr_line' id='line_1_29' title="bbox 122 3317 1187 3409; baseline 0.005 -29"><span class='ocrx_word' id='word_1_262' title='bbox 122 3317 341 3405; x_wconf 72' lang='lat' dir='ltr'>wussogitur,</span> <span class='ocrx_word' id='word_1_263' title='bbox 351 3335 409 3395; x_wconf 79' lang='lat' dir='ltr'>aut</span> <span class='ocrx_word' id='word_1_264' title='bbox 420 3317 609 3383; x_wconf 84' lang='lat' dir='ltr'>receditura</span> <span class='ocrx_word' id='word_1_265' title='bbox 621 3320 867 3409; x_wconf 83' lang='lat' dir='ltr'>consuetudine.</span> <span class='ocrx_word' id='word_1_266' title='bbox 882 3321 915 3385; x_wconf 88' lang='lat' dir='ltr'>Si</span> <span class='ocrx_word' id='word_1_267' title='bbox 929 3342 1034 3403; x_wconf 88' lang='lat' dir='ltr'>more,</span> <span class='ocrx_word' id='word_1_268' title='bbox 1051 3321 1187 3385; x_wconf 88' lang='lat' dir='ltr'>inferior</span> 
     </span>
    </p>
   </div>
   <div class='ocr_carea' id='block_1_7' title="bbox 17 3422 1188 3515">
    <p class='ocr_par' dir='ltr' id='par_1_7' title="bbox 17 3422 1188 3515">
     <span class='ocr_line' id='line_1_30' title="bbox 17 3422 1188 3515; baseline 0.006 -33"><span class='ocrx_word' id='word_1_269' title='bbox 17 3454 26 3462; x_wconf 93' lang='lat'><strong>·</strong></span> <span class='ocrx_word' id='word_1_270' title='bbox 121 3443 189 3483; x_wconf 88' lang='lat' dir='ltr'>non</span> <span class='ocrx_word' id='word_1_271' title='bbox 205 3422 267 3484; x_wconf 90' lang='lat' dir='ltr'>erit</span> <span class='ocrx_word' id='word_1_272' title='bbox 278 3423 418 3505; x_wconf 82' lang='lat' dir='ltr'>Caecina;</span> <span class='ocrx_word' id='word_1_273' title='bbox 433 3422 460 3487; x_wconf 89' lang='lat' dir='ltr'>si</span> <span class='ocrx_word' id='word_1_274' title='bbox 472 3439 586 3511; x_wconf 73' lang='lat' dir='ltr'>preter</span> <span class='ocrx_word' id='word_1_275' title='bbox 598 3447 713 3507; x_wconf 78' lang='lat' dir='ltr'>mores,</span> <span class='ocrx_word' id='word_1_276' title='bbox 728 3426 839 3515; x_wconf 88' lang='lat' dir='ltr'>inique</span> <span class='ocrx_word' id='word_1_277' title='bbox 848 3442 961 3515; x_wconf 80' lang='lat' dir='ltr'>egetur</span> <span class='ocrx_word' id='word_1_278' title='bbox 974 3441 1007 3489; x_wconf 83' lang='lat' dir='ltr'>et</span> <span class='ocrx_word' id='word_1_279' title='bbox 1016 3424 1188 3514; x_wconf 88' lang='lat' dir='ltr'>impuden-</span> 
     </span>
    </p>
   </div>
   <div class='ocr_carea' id='block_1_8' title="bbox 120 3526 1186 3806">
    <p class='ocr_par' dir='ltr' id='par_1_8' title="bbox 120 3526 1186 3806">
     <span class='ocr_line' id='line_1_31' title="bbox 122 3526 1185 3621; baseline 0.004 -31"><span class='ocrx_word' id='word_1_280' title='bbox 122 3543 172 3591; x_wconf 89' lang='lat' dir='ltr'>ter</span> <span class='ocrx_word' id='word_1_281' title='bbox 182 3526 223 3590; x_wconf 85' lang='lat' dir='ltr'>ab</span> <span class='ocrx_word' id='word_1_282' title='bbox 233 3526 378 3594; x_wconf 83' lang='lat' dir='ltr'>AEhutio.</span> <span class='ocrx_word' id='word_1_283' title='bbox 395 3529 535 3594; x_wconf 81' lang='lat' dir='ltr'>Moribus</span> <span class='ocrx_word' id='word_1_284' title='bbox 543 3546 651 3595; x_wconf 88' lang='lat' dir='ltr'>autem</span> <span class='ocrx_word' id='word_1_285' title='bbox 663 3541 785 3613; x_wconf 69' lang='grc' dir='ltr'>ἀρχιῡιῶς</span> <span class='ocrx_word' id='word_1_286' title='bbox 797 3555 859 3621; x_wconf 89' lang='lat' dir='ltr'>pro</span> <span class='ocrx_word' id='word_1_287' title='bbox 870 3555 961 3597; x_wconf 89' lang='lat' dir='ltr'>more</span> <span class='ocrx_word' id='word_1_288' title='bbox 973 3548 1006 3597; x_wconf 89' lang='lat' dir='ltr'>et</span> <span class='ocrx_word' id='word_1_289' title='bbox 1017 3533 1185 3611; x_wconf 90' lang='lat' dir='ltr'>instituto,</span> 
     </span>
     <span class='ocr_line' id='line_1_32' title="bbox 120 3634 1186 3722; baseline 0.003 -26"><span class='ocrx_word' id='word_1_290' title='bbox 120 3648 159 3696; x_wconf 90' lang='lat' dir='ltr'>ut</span> <span class='ocrx_word' id='word_1_291' title='bbox 177 3656 253 3701; x_wconf 83' lang='lat' dir='ltr'>mox</span> <span class='ocrx_word' id='word_1_292' title='bbox 270 3634 427 3722; x_wconf 84' lang='lat' dir='ltr'>loquitur.</span> <span class='ocrx_word' id='word_1_293' title='bbox 447 3668 460 3691; x_wconf 78' lang='grc' dir='ltr'>ι</span> <span class='ocrx_word' id='word_1_294' title='bbox 471 3638 527 3701; x_wconf 81' lang='lat' dir='ltr'>ius</span> <span class='ocrx_word' id='word_1_295' title='bbox 543 3658 582 3701; x_wconf 83' lang='lat' dir='ltr'>ex</span> <span class='ocrx_word' id='word_1_296' title='bbox 598 3638 857 3703; x_wconf 81' lang='lat' dir='ltr'>consuetudine·</span> <span class='ocrx_word' id='word_1_297' title='bbox 873 3638 993 3704; x_wconf 88' lang='lat' dir='ltr'>dicitur</span> <span class='ocrx_word' id='word_1_298' title='bbox 1011 3639 1043 3702; x_wconf 92' lang='lat'>11</span> <span class='ocrx_word' id='word_1_299' title='bbox 1062 3636 1103 3701; x_wconf 82' lang='lat' dir='ltr'>ad</span> <span class='ocrx_word' id='word_1_300' title='bbox 1120 3637 1186 3700; x_wconf 88' lang='lat' dir='ltr'>He·</span> 
     </span>
     <span class='ocr_line' id='line_1_33' title="bbox 120 3740 396 3806; baseline 0.004 -3"><span class='ocrx_word' id='word_1_301' title='bbox 120 3759 211 3803; x_wconf 86' lang='lat' dir='ltr'>reon.</span> <span class='ocrx_word' id='word_1_302' title='bbox 224 3740 396 3806; x_wconf 76' lang='lat' dir='ltr'>Ptssrrsr.</span> 
     </span>
    </p>
   </div>
   <div class='ocr_carea' id='block_1_9' title="bbox 396 3932 790 3966">
    <p class='ocr_par' dir='ltr' id='par_1_9' title="bbox 396 3932 790 3966">
     <span class='ocr_line' id='line_1_34' title="bbox 396 3932 790 3966; baseline 0.003 -6"><span class='ocrx_word' id='word_1_303' title='bbox 396 3958 402 3966; x_wconf 81' lang='grc'>,</span> <span class='ocrx_word' id='word_1_304' title='bbox 509 3932 790 3962; x_wconf 47' lang='grc' dir='ltr'>*φν-</span> 
     </span>
    </p>
   </div>
   <div class='ocr_carea' id='block_1_10' title="bbox 0 0 1512 4774">
    <p class='ocr_par' dir='ltr' id='par_1_10' title="bbox 0 0 1512 4774">
     <span class='ocr_line' id='line_1_35' title="bbox 0 0 1512 4774; baseline 0 1"><span class='ocrx_word' id='word_1_305' title='bbox 0 0 1512 4774; x_wconf 95' lang='lat' dir='ltr'> </span> 
     </span>
    </p>
   </div>
  </div>
 </body>
</html>
