3200 4768
439 465 492 535 IN
516 466 731 536 VERREM
754 469 863 539 ACT.
890 468 945 553 ΙΙ,
968 466 1059 537 LIB.
1085 469 1147 539 IV.
1247 470 1318 544 203

261 583 411 657 tlssimas
428 584 558 658 domus
576 589 678 658 istius
697 612 771 658 una
791 589 930 686 capiet?
941 587 1074 660 idcireo
1090 613 1198 662 nemo
1214 616 1321 690 supe·

253 699 399 766 riorum
407 696 522 792 attigit
532 749 542 785 ,
554 713 595 767 ut
603 701 668 768 iste
677 696 817 769 tolleret
827 697 931 768 iideo
941 703 980 769 C.
990 698 1160 771 Claudius
1172 682 1323 775 Pdlcher

259 803 401 891 retulit,
428 817 470 875 ut
497 809 537 876 C.
560 809 690 877 Verres
714 821 836 903 posset
855 803 1019 877 auferre?
1035 812 1082 879 At
1103 832 1177 878 non
1199 811 1321 907 requi·

260 912 364 986 rebat
378 914 601 1013 iileGupido
614 916 754 988 lenonis
767 916 935 1007 domum,
955 941 996 988 ac
1017 920 1254 991 meretriciam
1272 919 1326 992 di·

261 1024 468 1123 sciplinam²
491 1025 620 1097 :facile
636 1026 699 1097 ilio
716 1027 870 1098 sacrario
896 1030 1012 1125 patrio
1039 1026 1292 1100 continebatur
1314 1055 1323 1099 τ

259 1136 350 1206 Heio
364 1159 401 1207 se
415 1160 437 1206 a
451 1135 647 1232 majoribus
659 1137 825 1208 relictum
838 1162 915 1209 esse
928 1135 1062 1209 sciebat
1075 1140 1113 1206 in
1127 1136 1324 1209 hereditate

259 1267 444 1317 sacrorum
463 1272 472 1316 τ
490 1270 566 1316 non
587 1246 771 1344 quaerebat
784 1248 982 1319 meretricis
997 1245 1180 1318 heredem.

307 1354 379 1427 Sed
388 1351 499 1451 quid³
515 1379 583 1452 ego
597 1370 670 1428 tam
684 1355 917 1428 vehementer
931 1356 1104 1427 invehor?
1120 1352 1242 1426 Verbo
1251 1354 1325 1450 jam

260 1488 338 1535 nno
355 1464 518 1562 repellar.
536 1469 634 1553 Emi,
654 1468 783 1562 inquit.
802 1471 834 1537 Ο
855 1466 905 1538 dii
925 1462 1161 1538 immortales!
1181 1465 1325 1564 praecla-

261 1595 340 1642 ram
356 1570 621 1643 defensionem!
637 1588 874 1645 mercatorem
893 1598 976 1646 cnm
995 1577 1148 1673 imperio
1164 1598 1205 1646 ac
1224 1598 1326 1646 secu·

262 1679 364 1751 ribus
390 1682 427 1751 in
446 1684 669 1779 provinciam
695 1684 875 1772 misimus3
900 1685 964 1780 qui
984 1688 1105 1755 omnia
1133 1685 1251 1781 signa,
1273 1697 1327 1754 ta·

262 1788 367 1861 bulas
382 1794 516 1890 pictas,
532 1816 640 1864 omne
653 1807 865 1890 argentum,
879 1816 1027 1883 aurum,
1046 1793 1155 1881 ebur,
1169 1816 1328 1890 gemmas

263 1916 461 1989 coemeret;
485 1900 576 1972 nihil
595 1903 764 1999 cuiquam
776 1902 1009 2000 relinqueret.
1032 1909 1114 1974 Haec
1128 1904 1225 1973 enim
1237 1900 1328 1971 mihi

262 2009 309 2081 ad
327 2013 449 2082 omnia
467 2009 627 2083 defensio
646 2009 807 2108 patefieri
823 2011 979 2101 videtur,
997 2010 1136 2084 emisse.
1153 2014 1329 2095 Primum,

262 2126 293 2196 si
313 2124 371 2215 id,
392 2124 493 2222 quod
511 2129 581 2215 vis,
599 2125 666 2197 tibi
685 2148 753 2223 ego
775 2126 993 2215 concedam,
1011 2140 1053 2196 ut
1072 2126 1217 2212 emeris,
1236 2147 1328 2219 quo·

262 2235 359 2305 niam
377 2237 415 2304 in
434 2249 512 2306 toto
532 2234 604 2306 boc
628 2259 759 2334 genere
779 2234 848 2306 hac
869 2260 941 2306 una
966 2233 1175 2305 defensione
1197 2257 1330 2305 usurus

263 2368 320 2434 εις
337 2369 482 2441 quaero,
501 2344 705 2440 cujusmodi
721 2360 762 2416 tu
777 2344 913 2440 judicia
931 2349 1055 2415 Romae
1073 2347 1210 2442 putaris
1232 2366 1329 2430 esse,

263 2454 292 2523 si
315 2452 382 2524 tibi
411 2452 482 2526 hoc
504 2459 757 2552 quemquam⁴
780 2480 1035 2528 concessurum
1060 2457 1212 2552 putasti,
1234 2467 1270 2525 te
1291 2454 1329 2524 in

263 2578 418 2661 praetura
431 2577 541 2660 atque
558 2566 731 2664 imperio,
752 2580 807 2638 tot
828 2581 977 2638 restam
998 2566 1190 2664 pretiosas,
1205 2587 1332 2636 omnes

264 2670 422 2770 denique
442 2697 516 2761 res,
534 2699 614 2771 quae
630 2675 781 2771 alicujus
800 2679 907 2775 pretii
925 2674 1079 2764 fuerint,
1097 2688 1174 2747 tota
1187 2700 1232 2746 ex
1244 2698 1330 2772 pro-

264 2788 384 2865 vincia
397 2790 592 2861 coemisse?

312 2902 356 2972 V.
387 2900 515 2973 Videte
549 2903 730 2999 majorum
767 2903 1010 3002 diligentiam,
1047 2903 1111 3000 qui
1150 2900 1330 2972 nihildum

303 3166 330 3201 a.
359 3152 397 3201 Ae
427 3152 587 3202 meretriciam
614 3154 775 3220 disemiinam.
819 3155 953 3206 Chelidone
971 3154 1096 3204 meretrice
1116 3154 1186 3202 heres
1204 3153 1331 3201 institutus

265 3230 383 3296 Exempla
396 3230 553 3296 impudicitiae
572 3233 652 3298 qualia
666 3234 776 3283 solebant
818 3232 1331 3286 Verres.VerianthicMSS.Vett.ed.Palf.

266 3313 297 3361 ab
310 3311 412 3377 impuris
424 3311 565 3360 hominibus
579 3311 632 3359 deri
642 3324 667 3360 et
676 3315 776 3374 scortis,
818 3317 856 3365 ad
860 3316 1034 3373 hereditatem
1045 3315 1116 3364 Grut.
1123 3314 1149 3362 irc
1157 3313 1329 3369 hereditatem

266 3392 354 3456 quibus
367 3390 455 3438 domne
475 3391 588 3454 praetoris
609 3403 660 3441 eret
678 3392 773 3443 referte.
819 3392 880 3446 Em.
892 3395 1023 3444 meluitad
1033 3393 1200 3443 hereditatem.
1214 3394 1270 3441 Seh.
1284 3407 1332 3439 no·

265 3468 386 3517 -Facile
394 3468 571 3517 continebatur
583 3470 697 3519 Libenter
705 3471 774 3520 hebi·
816 3475 912 3523 hiscum
921 3475 1051 3539 plerosque
1061 3473 1135 3522 codd
1145 3481 1314 3536 sequutueest.

266 3548 343 3608 taber,
353 3559 481 3597 contentus
490 3559 540 3596 erat
547 3549 595 3597 hoc
608 3566 676 3599 sacro
685 3553 774 3616 patrio,
854 3554 878 3601 3.
888 3554 937 3601 Sed
948 3554 1009 3619 quid
1020 3559 1084 3619 ego?
1097 3556 1209 3616 Occupet
1221 3551 1262 3597 hic
1275 3565 1331 3596 ore·

264 3628 358 3688 idest,
371 3629 397 3675 in
410 3643 459 3692 qno
480 3627 510 3676 eb
528 3630 583 3677 Heii
597 3631 729 3691 majoribus
741 3630 775 3679 ad
818 3644 857 3682 tor
869 3634 953 3681 Verris
967 3632 1132 3682 defensionem
1154 3644 1226 3694 quem
1240 3626 1333 3691 triplici

265 3708 374 3756 ΗεὶιιιιιΙ
367 3724 446 3773 rpenm
464 3707 596 3757 hereditate
619 3722 773 3774 pervenerat.
818 3711 893 3759 modo
904 3712 1001 3761 refeiht

265 3814 301 3825 -
316 3788 454 3836 Sacrorum.
475 3790 559 3835 nome
577 3804 727 3853 unsqnaeque
741 3789 775 3837 fe·
855 3798 879 3846 6.
901 3790 928 3837 Si
939 3789 985 3838 tibi
1004 3785 1054 3837 leoe
1073 3801 1230 3852 quemqnam.
1245 3787 1333 3834 &mur

266 3846 346 3925 milia,
359 3882 401 3913 ena
425 3882 491 3914 saera
511 3867 589 3930 gentis
613 3883 661 3916 sue
676 3870 776 3933 propris
819 3865 1334 3929 eet.Srmaxrmetrh1hoclargrcreteon

265 3945 384 4002 hebebcu
396 3962 451 4009 qua
471 3944 570 4009 gentilia
584 3945 734 3994 vocabuntur
751 3959 776 3995 et
820 3947 905 3996 eedem
918 3946 1055 3995 teemiese:
1065 3954 1204 3993 tamennon
1218 3960 1332 4008 nequeeo

266 4014 589 4088 perpetneJubebentureeee
596 4022 648 4087 lege
655 4027 705 4074 111
714 4024 775 4076 Tab.
817 4026 912 4088 judicer
929 4025 998 4075 nuile
1011 4036 1091 4075 mente
1105 4041 1132 4073 ac
1151 4024 1221 4073 nullo
1236 4023 1331 4087 judicio

267 4104 350 4165 ltaque
371 4103 493 4151 bonoram
518 4102 631 4150 heredem
652 4119 775 4151 merorum
819 4119 926 4168 sunt,ut
935 4106 961 4155 id
970 4106 1099 4158 confestim
1113 4105 1331 4168 eredenntibiqm

269 4195 365 4245 qnoque
377 4198 429 4230 esse
441 4181 580 4246 oportebet.
596 4183 651 4231 ruit
663 4195 744 4232 ιιιιιι
762 4199 776 4229 ι
820 4187 965 4238 concedent.
