3176 4770
289 335 354 416 rod
608 336 656 401 Μ.
682 336 720 401 Τ.
748 336 1026 411 CICERONIS

282 453 395 550 coepit
425 452 622 525 Scandilius
648 451 975 553 recuperatores¹⁵,
1002 466 1064 524 aut
1092 451 1254 548 judicem
1280 479 1347 558 po-

284 562 425 634 stulare.

330 679 419 746 LIX.
454 676 591 747 Satisne
623 673 727 746 vobis
758 678 902 774 praetori
934 672 1104 773 improbo
1135 671 1345 744 circumdati

282 789 452 861 cancelii¹
476 790 647 861 videntur
660 790 697 860 in
714 814 778 861 sna
793 791 996 889 provincia,
1013 791 1088 860 imo
1103 813 1189 890 vero
1207 790 1244 858 in
1260 787 1347 859 sella

281 924 323 970 ac
340 899 531 987 tribunali3
549 915 590 971 ut
609 914 671 971 aut
689 899 734 972 de
759 926 826 971 suo
850 904 967 998 capite
984 899 1161 995 judicium
1181 897 1260 969 fieri
1280 921 1345 994 pa-

282 1012 391 1081 tiatur
404 1035 560 1109 praesens
573 1035 614 1081 ac
629 1010 757 1089 sedens
766 1021 793 1098 ²,
806 1026 869 1082 aut
884 1008 1112 1097 confiteatur,
1124 1033 1161 1081 se
1175 1006 1347 1079 omnibus

278 1119 423 1213 judiciis
453 1121 618 1191 convinci
648 1143 793 1192 necesse
825 1121 924 1191 esse?
950 1121 1106 1217 Sponsio
1133 1131 1206 1203 est,
1233 1121 1280 1190 Νι
1302 1141 1345 1186 rc

279 1234 460 1300 Arnornns
475 1254 514 1301 ru
529 1255 685 1311 nrcuun
700 1254 834 1301 socrnn
848 1254 927 1301 assa
946 1254 1070 1318 mour,
1088 1230 1270 1327 provincia
1283 1241 1345 1297 tua
1401 1270 1403 1274 -

281 1353 355 1425 est;
381 1337 485 1423 ades3
513 1337 577 1410 abs
604 1354 639 1410 te
662 1340 839 1437 judiciuin
867 1339 1081 1438 postulatur.
1111 1336 1209 1428 Quid
1236 1335 1345 1407 facis?

281 1447 369 1544 'quid
387 1448 572 1520 decernis?
588 1455 873 1549 Recuperatores
890 1449 980 1520 dieis
997 1462 1033 1520 te
1051 1447 1345 1519 daturum-Bene

280 1558 355 1654 agis
368 1555 405 1627 ³:
421 1561 560 1630 tametsi
578 1561 768 1658 quierunt
784 1560 893 1631 tantis
913 1557 1134 1630 cervicibusi
1152 1579 1344 1654 recupera·

281 1682 397 1755 tores,
415 1670 479 1764 qui
503 1668 659 1741 audeant
675 1673 713 1739 in
732 1670 942 1766 provincia„
953 1692 1066 1764 quum
1085 1682 1218 1766 praetor
1235 1664 1343 1749 adsit,

279 1802 356 1848 non
376 1779 494 1849 solum
512 1794 638 1850 eontra
654 1778 877 1849 voluntatem
897 1777 994 1872 ejus,
1011 1776 1075 1849 sed
1093 1777 1199 1848 etiarn
1219 1788 1345 1844 contra

279 1884 444 1960 fortunas
468 1888 654 1984 judicare?
675 1893 817 1980 ‘Verum
842 1886 940 1960 esto⁵
959 1885 1173 1959 :manifesta
1192 1908 1248 1955 res
1271 1896 1344 1967 est,

266 2023 396 2097 'quum
422 2024 531 2071 nemo
562 2014 672 2084 esset,
700 2002 790 2097 quin
816 1998 887 2069 hoc
908 2023 945 2070 se
967 1997 1108 2068 audisse
1130 1994 1270 2093 liquido
1289 1991 1344 2062 di·

280 2125 394 2197 ceret,
410 2108 710 2208 locupletissimus
724 2113 879 2206 quisque
892 2108 1110 2179 certissimus
1122 2109 1221 2178 testis
1234 2116 1344 2175 esset:

280 2241 389 2287 nemo
403 2233 480 2289 erat
496 2219 612 2290 Sicilia
627 2232 721 2307 tota,
738 2223 801 2314 qui
819 2222 975 2289 nesciret
986 2217 1157 2288 decumas
1171 2240 1248 2288 esse
1263 2238 1348 2312 prae-

281 2328 389 2413 toris;
415 2352 542 2413 nemo,
570 2330 635 2424 qui
664 2353 740 2399 non
765 2327 922 2399 audisset
944 2331 993 2399 ita
1018 2329 1220 2425 Apronium
1243 2325 1345 2397 dicti·

281 2448 396 2505 tasse:
416 2449 589 2531 praeterea
609 2451 808 2508 conventus
828 2437 1003 2509 honestus
1024 2440 1221 2535 Syracusis,
1241 2434 1345 2505 multi

282 2546 423 2641 equites
450 2546 613 2631 romani,
634 2548 702 2617 viri
724 2549 906 2643 primarii,
930 2572 974 2619 ex
996 2573 1069 2644 qua
1091 2541 1217 2646 eopia⁶
1241 2567 1344 2615 recn-

281 2668 465 2750 peratores
486 2654 587 2750 rejici
610 2671 814 2753 oporteret,
840 2641 904 2753 q'in
926 2657 1050 2728 aliter⁷
1067 2655 1227 2753 judicare
1244 2652 1346 2723 nullo

179 2768 184 2777 ‘
282 2763 393 2835 modo
420 2781 576 2862 possent.
607 2771 722 2838 Instat
750 2766 951 2839 Scandilius
978 2792 1128 2865 poscere
1155 2788 1345 2862 recupera·

284 2889 389 2947 tores.
414 2881 506 2948 Tum
524 2878 590 2949 iste
611 2877 723 2949 horno
747 2879 941 2966 innocens,
968 2879 1030 2975 qui
1055 2877 1150 2949 illam
1172 2879 1346 2976 suspicio-

322 3115 361 3162 15.
376 3117 572 3178 Recuperatores.
587 3118 617 3164 In
635 3118 736 3180 privatis
752 3120 791 3180 ju·
872 3127 896 3175 4.
908 3117 1206 3169 Tantiscervicibus.Tam
1215 3118 1287 3179 sorti,
1297 3129 1347 3165 tam

282 3193 353 3240 dicits
373 3192 491 3241 arbitratu
512 3198 638 3259 praetoris,
657 3206 701 3244 ent
714 3197 792 3259 judex
835 3199 913 3247 libero
922 3197 1272 3246 animoTranahtiosbobua
1281 3213 1349 3244 eume

283 3271 386 3319 dabatur
398 3286 474 3334 unus,
483 3274 527 3335 qui
536 3273 566 3321 do
581 3276 646 3322 secto
659 3291 791 3340 eognosce-
835 3288 996 3342 pta‚quorum
1010 3276 1085 3324 robur
1095 3277 1122 3323 in
1135 3274 1270 3323 cervicibus
1281 3290 1346 3338 prae·

281 3362 331 3406 ret,
342 3348 385 3398 adt
397 3363 578 3415 recuperatores
593 3364 649 3401 uer.
824 3359 935 3422 ¹cipunm
952 3367 996 3405 est.

317 3432 381 3480 ux.
399 3447 421 3478 ι.
435 3432 549 3481 Carroelli.
564 3433 635 3497 Septa
648 3450 679 3481 ex
688 3436 752 3483 ferro
765 3437 791 3484 in
873 3438 897 3484 5.
914 3441 1071 3485 Vernmesto.
1085 3434 1134 3483 snt
1145 3436 1295 3500 reperientur
1303 3433 1347 3481 iste

283 3511 381 3560 modum
393 3511 451 3560 retia
460 3512 568 3560 saeta.—
577 3512 792 3564 Circumdatiean·
836 3516 910 3561 animi
923 3514 1066 3564 fortitudine
1082 3524 1277 3578 recuperator-023
1290 3513 1347 3577 qnia

282 3594 336 3641 vetti
358 3594 522 3661 metaphorice
538 3592 653 3643 dicuntur
668 3595 731 3656 illia,
749 3597 792 3661 qui
837 3593 962 3641 manifesta
984 3611 1022 3642 res
1043 3606 1095 3652 est,
1108 3604 1133 3641 et
1152 3602 1286 3641 conventus
1306 3590 1347 3638 ille

283 3672 390 3738 undique
412 3685 541 3736 tenentur,
561 3690 639 3743 neque
651 3675 714 3723 elabi
731 3692 792 3740 por-
836 3673 952 3719 honestus
962 3671 1083 3737 inprimis
1096 3682 1145 3728 est,
1158 3672 1229 3719 aliter
1239 3669 1348 3730 judicare

283 3763 346 3799 sunt.
770 3810 775 3824 ·
836 3766 886 3799 non
904 3762 1041 3815 poterunt..

318 3845 342 3876 a.
357 3834 466 3880 Proerens
483 3850 513 3883 ac
526 3835 618 3883 sedens.
633 3832 747 3883 Nonndn
763 3832 790 3879 in
871 3832 896 3877 6.
910 3832 952 3877 Ex
963 3848 1014 3896 qna
1024 3831 1104 3895 eopia.
1124 3834 1162 3880 Ex
1175 3843 1279 3895 quorum
1299 3840 1348 3875 uu·¹

282 3908 321 3955 his
331 3910 458 3972 emphasis.
835 3925 901 3957 mero
914 3922 970 3959 sunt
987 3910 1092 3975 eligendi
1101 3911 1206 3971 judices.

319 3989 345 4035 3.
358 3986 456 4035 Lallem.
480 4001 537 4052 post
555 3991 677 4039 Graevinm
690 3991 792 4049 maluit,
873 4006 896 4051 7.
915 3991 964 4051 Qui
974 3990 1053 4040 aliter.
1072 3991 1100 4040 ld
1111 4002 1161 4051 eat,
1176 3999 1261 4037 contre
1272 3988 1347 4035 Scan·

284 4066 412 4125 Bracaris,
424 4076 452 4115 ut
460 4067 567 4128 infra,e.
579 4070 620 4117 6².
632 4069 656 4115 J.
667 4069 699 4117 V,
712 4070 738 4116 L.
838 4070 930 4118 dilium.
