3142 4774
300 414 347 498 u
621 412 669 489 Μ.
696 412 733 478 Τ.
762 407 1039 479 elcunoms

297 550 358 605 tur
367 531 414 604 ab
426 534 469 602 iis
479 529 614 628 palam,
626 555 785 627 quorum
799 534 836 599 in
846 527 945 599 bona
957 525 1165 626 liberosque
1177 550 1360 597 summum

295 644 489 741 imperium
510 655 799 739 potestatemque
820 637 980 710 haberet.
1004 641 1119 708 Tanta
1140 639 1194 707 vis
1212 650 1288 708 erat
1304 638 1359 706 in·

293 754 488 850 juriarum,
509 765 551 821 ut
572 750 736 821 homines
752 747 894 845 quidvis
912 750 1075 845 perpeti,
1093 770 1203 843 quam
1220 770 1296 818 non
1314 745 1361 816 de

296 863 398 934 istius
413 862 588 958 pravitate
608 873 645 930 et
662 857 804 953 injuriis
823 857 1012 955 deplorare
1028 870 1064 928 et
1078 855 1256 952 conqueri
1273 856 1360 927 mal-

297 974 382 1045 lent.
411 974 509 1063 Quas
537 968 656 1039 literas
682 991 796 1064 quum
826 966 872 1039 ad
902 990 1029 1038 omnes
1056 969 1217 1038 civitates
1245 988 1360 1062 prope

296 1078 505 1180 suppliciter
530 1078 684 1149 misisset
710 1077 893 1166 Metellus;
915 1091 1037 1148 tamen
1062 1078 1254 1173 antiquum
1281 1099 1360 1145 mo·

295 1188 384 1261 dum
410 1187 557 1258 sationis
581 1185 680 1257 nulla
704 1200 874 1284 exparte
898 1189 1064 1283 assequi⁴
1087 1188 1233 1284 potuit:
1254 1182 1361 1256 disiu-

296 1312 423 1407 gerant
443 1296 539 1368 enim
559 1296 745 1395 permulti,
759 1296 797 1367 id
816 1296 915 1394 quod
930 1293 1140 1383 ostendam3
1154 1320 1230 1366 non
1243 1295 1360 1366 solum

297 1410 496 1497 arationes,
514 1406 576 1479 sed
596 1410 703 1479 etiam
724 1407 825 1480 sedes
843 1431 924 1480 suas
941 1408 1087 1505 patrias,
1106 1408 1207 1477 istius
1221 1404 1361 1499 injuriis

298 1518 483 1615 exagitati,
502 1518 734 1616 reliquerant.

347 1629 429 1699 Non
447 1628 653 1700 mehercule
672 1629 832 1700 criminis
849 1625 1004 1724 augendi
1026 1650 1131 1698 causa
1151 1624 1287 1711 dicam,
1301 1626 1362 1720 ju-

300 1735 413 1826 dices3
427 1736 508 1826 sed,
524 1764 633 1835 quem
646 1743 769 1837 accepi
779 1741 856 1837 ipsc
869 1738 983 1811 oculis
995 1738 1191 1834 animoque
1201 1760 1363 1821 sensum,

299 1846 398 1918 hunc
416 1870 498 1919 vere
516 1847 614 1946 apud
631 1871 715 1935 vos,
731 1861 786 1935 et,
805 1864 846 1919 ut
864 1860 1013 1946 potero,
1029 1846 1233 1945 planissime
1250 1869 1362 1943 expo·

299 1981 396 2028 nam.
414 1961 525 2045 Nam,
543 1983 658 2055 quum
679 1956 919 2056 quadriennio
941 1954 1049 2056 post⁵
1067 1956 1107 2026 in
1124 1954 1280 2025 Siciliam
1300 1979 1363 2024 ve-

298 2067 452 2154 nissem,
472 2068 523 2139 sic
541 2067 631 2138 mihi
650 2066 777 2140 allecta
792 2069 867 2139 visa
883 2082 957 2156 est,
975 2081 1016 2138 ut
1036 2066 1091 2136 hae
1112 2080 1217 2136 terrae
1227 2065 1364 2153 solent,

299 2177 338 2246 in
360 2175 493 2273 quibus
517 2176 653 2251 bellum
680 2177 851 2250 acerbum
873 2176 1161 2274 diuturnumque
1182 2180 1363 2249 versatum

300 2300 365 2358 est.
396 2291 497 2378 Quos
526 2313 594 2387 ego
620 2313 767 2388 campos
793 2303 897 2361 antea
924 2288 1105 2387 collesque
1134 2286 1365 2359 nitidissimos

301 2395 605 2495 viridissimosque
631 2400 817 2484 vidissem,
842 2400 910 2471 hos
938 2404 988 2471 ita
1012 2413 1165 2470 vastatos
1187 2424 1304 2485 nunc,
1323 2421 1365 2469 ae

301 2504 462 2613 desertos
482 2507 667 2597 videbam,
691 2525 732 2581 ut
750 2533 836 2608 ager
854 2512 931 2608 ipse
949 2510 1125 2582 cultorem
1144 2506 1364 2594 desiderare,

302 2641 342 2688 ac
360 2616 484 2716 lugere
502 2617 691 2691 dominum
707 2621 900 2693 videretur.
920 2619 1143 2692 Herbitensis
1155 2642 1239 2716 ager
1246 2616 1274 2703 ⁶,
1292 2621 1364 2697 En·

302 2730 438 2814 nensis,
450 2732 701 2828 Morgantinus
709 2744 736 2816 ⁷,
749 2734 957 2819 Assorinus,
968 2721 1261 2809 Imacharensisss,
1273 2728 1366 2824 Agy-

301 2837 475 2928 rinensis,
499 2842 548 2911 ita
573 2840 718 2914 relictus
742 2856 818 2912 erat
845 2867 888 2913 ex
913 2841 1067 2911 maxima
1089 2852 1208 2936 parte,
1230 2849 1365 2907 utnon

303 2947 419 3019 solum
431 2949 599 3047 jugerum
608 2963 637 3039 ⁹,
655 2950 718 3023 sed
731 2953 839 3022 etiam
852 2949 1084 3021 dominorum
1097 2943 1366 3018 multitudinem

302 3082 556 3155 quaereremus.
587 3062 767 3132 AEtnensis
794 3084 880 3131 vero
909 3083 1010 3157 ager,
1038 3059 1103 3156 qui
1127 3055 1266 3128 solebat
1291 3078 1366 3127 esse

303 3165 534 3257 cultissimus,
549 3183 604 3256 et,
623 3168 723 3267 quod
739 3184 848 3268 caput
862 3186 917 3242 est
931 3171 983 3243 rei
997 3167 1254 3253 frumentariae,
1271 3190 1367 3236 cam·

303 3340 354 3378 srte
366 3343 520 3394 commonet,
536 3333 661 3382 hominem
681 3345 730 3383 tem
748 3351 812 3384 eons-
856 3353 907 3387 esse
921 3338 998 3386 videri
1018 3344 1131 3400 poterat,
1146 3330 1216 3396 qnod
1231 3328 1283 3398 jssn
1303 3329 1367 3377 dixit

301 3409 371 3458 muni
401 3410 461 3458 odio
490 3411 630 3477 flagrantem
656 3430 707 3462 non
739 3430 813 3480 posse
856 3414 1006 3474 orator3sed
1019 3428 1070 3476 quo
1080 3412 1154 3472 linins
1162 3408 1301 3459 solitudinis
1313 3422 1368 3471 grs-

217 3500 220 3509 '
303 3505 390 3539 eornm
401 3492 527 3539 sententiis
540 3492 644 3542 absolvi.
856 3496 918 3543 vius
931 3493 1026 3557 plenius
1045 3500 1156 3549 constet,
1166 3490 1216 3550 ism
1229 3489 1367 3554 proecipuoe

338 3577 364 3625 l·
376 3571 486 3634 Assequt'.
496 3572 570 3621 Nulla
582 3590 615 3621 ex
627 3584 695 3637 parte
705 3571 815 3631 efficere,
858 3572 980 3621 fertilitate
995 3585 1066 3634 egros
1082 3580 1204 3627 recenset,
1219 3566 1263 3633 qni
1276 3581 1368 3614 novum

303 3661 332 3699 ut
342 3660 436 3699 tsntnns
445 3650 760 3717 sgsiseseretnr,qnsntnm
771 3669 815 3701 sn·
859 3651 957 3718 pondus
968 3650 1045 3714 ipsius
1059 3649 1163 3714 querelis
1173 3648 1298 3710 adjicimt.
1376 3685 1381 3694 .

303 3729 572 3795 tesserisolebn,qnis
581 3732 814 3797 lugersntsrstores.
895 3748 921 3792 7.
940 3729 1004 3791 Atti,
1016 3729 1193 3795 Murgentinus.
1204 3729 1270 3776 tv,
1279 3729 1307 3773 1.

305 3808 370 3856 lufss
385 3811 427 3859 51.
894 3811 919 3858 8.
930 3808 996 3869 Alii,
1008 3807 1183 3858 Maclsmuis.
1204 3804 1366 3855 Deblsoonl.

341 3887 368 3935 5.
390 3889 456 3937 Post.
470 3892 601 3955 Postquam
619 3891 647 3939 in
659 3908 685 3939 es
708 3899 815 3955 qusestor
858 3887 913 3936 tud.
926 3887 992 3936 utet.

307 3966 447 4014 sutum-
456 3967 816 4030 resinensnvffleminqni·
894 3983 921 4030 9.
935 3969 1060 4032 lugemus.
1074 3967 1151 4028 Qua,
1169 3964 1226 4028 quis
1241 3961 1370 4011 srsbsntnr

306 4042 377 4091 rendi
385 4060 464 4092 csnss.
859 4055 942 4104 autes,
961 4046 1053 4111 optime
1071 4054 1139 4093 ersnt
1159 4043 1285 4101 distincte,
1304 4055 1370 4090 nunc

339 4124 364 4172 6.
384 4123 531 4173 Herbitensis
551 4140 620 4189 ager.
643 4126 706 4173 Setis
723 4123 815 4173 dictum
860 4142 918 4174 vero
932 4125 1023 4174 inculta
1037 4121 1269 4182 etconlnssiseent.
