3176 4770
324 392 391 464 160
637 390 685 456 M.
711 386 751 455 T.
775 385 1066 455 CICERONIS

317 509 491 613 prehendi
517 507 591 579 ulia
612 506 818 591 estimatio,
837 528 919 601 quae
936 502 1069 574 aratori
1089 525 1166 574 nou
1191 501 1331 574 modo
1323 530 1379 575 rn-

317 618 599 693 commodanon
618 627 690 701 est,
712 611 775 685 sed
796 614 904 683 etiam
925 626 1025 708 grata
1045 624 1109 682 est.
1130 612 1322 702 Sacerdos,
1340 628 1381 684 ut

318 733 356 800 in
370 719 592 828 provincidm
609 727 727 809 venit,
743 720 993 793 frumentum
984 747 1023 791 ru
1041 720 1190 791 celiam
1181 727 1380 819 imperavit

318 844 441 930 Quum
472 849 583 919 esset,
611 848 694 904 ante
719 828 894 918 novum³,
920 831 1030 900 tritioi
1055 830 1199 901 modius
1225 833 1380 903 denariis

316 951 498 1074 quinque3
517 945 721 1064 petiverunt
734 941 779 1012 ab
793 966 839 1012 eo
852 941 1030 1027 civitates,
1044 954 1085 1010 ut
1100 943 1301 1013 estimaret.
1314 950 1381 1015 Re-

315 1060 457 1128 missior
472 1051 702 1150 aliquanto
671 1075 748 1145 elus
762 1047 829 1121 suit
843 1050 1028 1119 aestimatio
1035 1054 1193 1146 ‚quam‘t
1208 1076 1378 1124 annonae:

316 1192 402 1238 nam
417 1163 602 1235 aestimavit
616 1160 770 1232 denariis
786 1184 839 1230 111.
857 1156 985 1246 Vides,
1000 1153 1163 1231 eamdem
1180 1163 1381 1233 aestimatio·

317 1299 422 1363 nem,
443 1274 595 1371 propter
612 1270 786 1368 temporis
805 1267 1152 1360 dissimilitudinem,
1170 1272 1207 1341 in
1226 1272 1288 1343 ilio
1308 1274 1381 1344 iau·

317 1386 373 1458 dis
388 1406 531 1456 causam
548 1380 701 1468 habere3
716 1384 753 1450 in
767 1394 825 1466 te,
841 1380 1021 1450 criminis:
1039 1381 1077 1449 in
1094 1380 1178 1469 iilo,
1194 1379 1379 1468 beneficii;

318 1499 356 1567 in
374 1509 432 1581 te,
447 1490 611 1588 iujuriae?
629 1490 765 1561 Eodem
786 1504 951 1587 tempore
970 1491 1149 1587 Antonios
1167 1518 1208 1563 ιιι
1228 1491 1383 1564 denariis

317 1605 523 1688 aestimavit,
549 1615 633 1698 post
657 1624 831 1688 messem,
857 1623 997 1671 summa
1026 1603 1064 1670 in
1091 1601 1244 1689 vilitate,
1267 1626 1382 1699 quum

317 1730 475 1787 aratores
496 1710 720 1784 frumentum
736 1709 821 1780 dare
836 1706 968 1806 gratis⁵
982 1708 1175 1781 malebant.
1189 1715 1236 1782 Et
1249 1713 1382 1801 aiebat,

318 1850 356 1897 se
380 1823 554 1895 tantidem
582 1826 797 1908 aestimasse,
826 1820 953 1922 quanti
984 1819 1237 1907 Sacerdotem
1261 1848 1382 1921 neque

318 1932 580 2006 mentiebatur:
598 1930 660 2002 sed
675 1928 800 2002 eadem
815 1934 882 2001 ista
895 1931 1148 2019 aestimatione,
1164 1931 1253 2001 alter
1266 1931 1387 2005 subie-¹

317 2060 416 2118 varat
437 2059 612 2128 aratores,
629 2041 720 2112 alter
739 2054 924 2112 everterat.
943 2039 1050 2130 Quod
1074 2042 1141 2111 nisi
1164 2044 1283 2112 omuis
1304 2040 1383 2113 fru-

318 2157 431 2228 menti
455 2156 545 2226 ratio
568 2177 614 2224 ex
640 2148 864 2247 temporibus
892 2164 985 2221 esset
1003 2163 1039 2220 et
1057 2173 1219 2237 annona,
1239 2175 1315 2222 non
1339 2176 1384 2223 ex

317 2262 508 2348 numero⁶‚
526 2287 646 2359 neque
660 2286 705 2333 ex
720 2285 877 2349 summa,
890 2258 1167 2350 consideranda;
1185 2285 1384 2359 numquam

320 2392 392 2446 tarn
406 2373 497 2470 grati
510 2372 548 2442 hi
563 2369 819 2467 sesquimodii,
838 2372 884 2460 Q.
903 2373 1090 2457 Hortensi,
1108 2368 1273 2461 fuissent,
1290 2396 1384 2469 quos

320 2495 382 2555 tu⁷
403 2506 520 2580 quum
535 2479 581 2551 ad
592 2502 770 2550 mensurae
786 2494 861 2551 tam
876 2481 1040 2577 exiguam
1055 2484 1232 2553 rationem
1246 2481 1384 2578 populo

318 2614 472 2665 romano
489 2591 527 2658 in
544 2588 659 2686 capita
679 2586 942 2686 descripsisses,
956 2592 1196 2687 gratissimum
1214 2591 1384 2663 omuibus

319 2702 433 2776 fecisti
448 2727 456 2771 :
476 2701 604 2771 caritas
621 2698 720 2770 enim
738 2723 891 2769 annonae
907 2697 1082 2788 faciebat,
1099 2714 1141 2770 ut
1157 2701 1264 2786 istuc,
1283 2699 1384 2795 quod

318 2839 360 2886 re
388 2834 540 2912 parvum
567 2808 770 2895 videbatur,
798 2821 965 2905 tempore
993 2830 1165 2907 magnum
1188 2808 1383 2882 videretur.

321 2923 423 2995 Idem
451 2925 544 2993 istuc
573 2924 602 2991 si
629 2920 669 2989 in
692 2918 826 2989 vilitate
846 2918 986 3016 populo
1008 2942 1159 2991 romano
1180 2918 1300 3017 largiri
1319 2945 1385 2992 vo·

321 3135 832 3201 mautprooonnium‚oedmrntomm
874 3137 979 3189 Antonii
998 3140 1157 3189 estimatione
1177 3139 1387 3192 solvi-enrrillie

323 3232 397 3283 utque
407 3216 534 3265 civitatum
548 3215 686 3263 commodo.
696 3216 756 3280 Cap.
770 3218 813 3265 81.
876 3218 941 3266 enim
960 3218 1102 3277 denarium,
1114 3236 1157 3269 reu
1176 3230 1280 3283 quatuor
1291 3231 1386 3269 rantum

359 3300 384 3346 3.
399 3298 465 3343 Ante
482 3309 577 3341 norum.
601 3290 711 3343 subaud
725 3295 833 3343 stamm-
876 3297 1036 3346 mtertiotin
1047 3298 1156 3347 modium
1168 3297 1279 3346 decretos
1290 3315 1304 3346 ι
1315 3313 1386 3346 rena·

323 3390 390 3433 rum,
402 3372 428 3422 id
442 3383 495 3433 ert,
506 3382 565 3420 nate
575 3373 834 3421 mutem—Denaris
877 3385 919 3438 tu,
929 3376 1083 3435 ernittebant3
1092 3378 1212 3436 hisvero,
1224 3375 1256 3425 ad
1263 3375 1388 3440 illosque·

323 3451 533 3523 quinqueviginti
545 3450 662 3499 sestertii·
675 3451 742 3518 (gali
752 3452 832 3517 tin).
878 3463 1084 3512 remonoctono·
1098 3466 1213 3521 praeterea
1227 3457 1350 3505 sestertios
1360 3458 1387 3503 in

361 3544 384 3592 4.
398 3534 478 3597 Quam
495 3546 612 3579 aanonae.
622 3532 703 3593 Quum
714 3531 833 3596 pretium,
877 3531 990 3580 modium
999 3531 1030 3582 de
1043 3550 1089 3583 tuo
1102 3535 1191 3585 rddere
1203 3536 1363 3600 oogebmtnr

323 3632 375 3683 quo
386 3610 536 3661 vendebatur
548 3609 704 3658 trumentum
710 3611 836 3659 -Doua-
913 3610 939 3658 6.
958 3611 1058 3660 Nom
1072 3629 1180 3662 numero.
1194 3615 1388 3664 Nonexmniti·

323 3697 367 3746 riis
385 3692 470 3742 tribus.
491 3705 520 3739 ra
537 3688 653 3738 sestertiis
669 3689 746 3756 (gall.
765 3704 780 3737 a
803 3689 834 3738 ir.
878 3687 976 3749 tudine,
994 3703 1036 3740 aut
1052 3694 1175 3756 paucitate
1186 3694 1324 3742 modiorum
1344 3693 1388 3755 qni

328 3776 360 3831 46
373 3769 466 3836 rent).
879 3766 982 3830 dantur,
989 3770 1033 3819 aed
1045 3771 1234 3820 exeantateaut
1246 3769 1389 3818 virinum
1470 3752 1490 3841 ’ἒ
1551 3748 1564 3767 ἰ

361 3854 385 3900 5.
400 3853 469 3899 Dm
478 3846 565 3915 gratie.
577 3849 626 3897 Pro
638 3863 669 3897 eo
681 3862 733 3896 aon
743 3845 836 3909 recipe·
879 3861 960 3898 noan.

324 3946 351 3976 re
363 3930 485 3977 doenum
497 3944 511 3973 ι
524 3938 609 3975 remu
620 3926 749 3991 pecuniam
759 3923 836 3970 maie·
916 3940 939 3986 7.
963 3928 1029 3991 Quos
1048 3939 1083 3975 tn.
1105 3925 1215 3976 Sohund.
1237 3942 1313 3990 quum
1326 3942 1390 3976 esses

325 4007 399 4063 tane,
407 4005 465 4067 quia
472 4005 560 4052 minori
567 4020 612 4052 sno
620 4015 721 4066 sumpto
731 4003 836 4049 numen·
879 4016 977 4068 pretor.
999 4008 1067 4053 Inter
1085 4016 1235 4068 questurum
1252 4005 1391 4070 provintias

326 4096 379 4134 ton
392 4081 609 4147 ratumagum,
620 4080 724 4143 qnamei
735 4078 796 4128 iilud
803 4096 836 4131 ex
879 4083 914 4131 rei
927 4083 1088 4135 mummia
1098 4098 1157 4133 cura
1171 4094 1230 4134 erat.
