3186 4772
373 395 431 466 sn
456 396 879 483 tennemonn,
903 398 996 467 mn.
1016 400 1082 469 ιν.
1192 423 1261 495 277

200 516 340 615 regium
370 514 497 587 dentes
516 512 715 604 eburneos,
739 514 938 588 incredibili
962 516 1223 615 magnitudine,
1242 546 1263 590 e

201 625 288 698 fano
312 625 515 710 sustulisse,
533 639 569 695 et
589 648 652 696 eos
674 627 712 696 in
731 626 885 697 Africam
909 641 1086 725 portasse,
1105 631 1266 700 Masinis·

200 759 320 832 saeque
336 734 497 806 donasse.
513 736 647 831 Regem
662 734 810 831 quidem
822 736 941 833 primo
954 734 1170 807 delectatum
1188 762 1264 808 esse

196 868 349 916 munere
363 871 372 913 ε
388 857 489 941 post,
502 842 567 913 ubi
580 843 760 931 audisset,
783 843 880 914 unde
901 859 1041 931 essent,
1056 845 1175 915 statim
1189 869 1265 916 eer-

198 966 257 1026 tos
273 953 459 1026 homines⁷
475 954 513 1023 in
528 944 785 1050 quinqueremi
801 948 961 1043 misisse,
979 954 1043 1050 qui
1062 978 1124 1026 eos
1141 952 1268 1026 dentes

109 1084 115 1097 ’
200 1079 435 1163 reportarent.
456 1066 586 1160 Itaque
611 1065 650 1133 in
673 1064 730 1136 his
754 1067 967 1162 inscriptum
993 1064 1105 1135 literis
1124 1065 1268 1136 Punicis

201 1172 291 1247 fuit:
308 1175 711 1271 «Regemeasinissam
728 1175 995 1273 imprudentem
1011 1176 1210 1272 accepisse3
1227 1201 1268 1247 re

201 1286 395 1382 «cognita,
411 1283 645 1381 reponendos
661 1284 979 1382 restituendosque
993 1308 1134 1357 curasse
1142 1316 1169 1353 s.
1185 1289 1270 1356 Erat

204 1409 376 1492 praeterea
390 1418 519 1490 magna
535 1396 588 1463 vis
604 1392 744 1477 eboris,
759 1395 874 1466 multa
891 1410 1120 1484 ornamenta3
1135 1396 1173 1465 in
1190 1397 1270 1492 qui·

203 1501 272 1575 hus
298 1503 465 1574 eburneae
491 1504 659 1573 Victoriae
667 1496 695 1587 ⁸,
725 1505 876 1599 antiquo
903 1528 1034 1600 opere,
1062 1528 1104 1575 ac
1128 1527 1269 1575 summa

204 1625 279 1682 arte
297 1609 475 1710 perfectu.
493 1614 576 1681 uaec
597 1611 662 1681 iste
680 1614 819 1697 omnia,
838 1635 885 1681 ue
905 1612 1027 1682 multis
1045 1636 1177 1701 morer,
1193 1638 1269 1686 uno

204 1723 343 1819 impetu
356 1734 464 1816 atque
483 1743 558 1790 uno
575 1722 727 1805 nuntio,
745 1742 812 1816 per
828 1743 949 1791 servos
961 1724 1157 1805 Venerios,
1174 1746 1268 1819 quos

205 1830 283 1926 ejus
296 1830 350 1901 rei
367 1853 473 1902 causa
489 1829 654 1918 miserat,
675 1828 833 1901 tollenda
851 1843 961 1927 atque
978 1829 1193 1928 asportanda
1210 1856 1271 1903 cu·

205 1943 311 2017 ravit,

254 2054 394 2122 XLVII.
421 2055 489 2123 Pro
513 2050 562 2121 dii
587 2048 849 2122 immortales¹l
871 2075 980 2148 quem
999 2075 1066 2147 ego
1083 2049 1271 2121 hominem

210 2161 366 2235 accuso?
382 2184 493 2257 quem
511 2159 653 2259 legibus
666 2184 708 2232 ae
717 2158 877 2255 judiciali
892 2160 974 2253 jure
991 2161 1212 2256 persequor?
1225 2157 1274 2229 de

207 2293 282 2367 quo
300 2293 367 2341 vos
385 2272 598 2341 sententiam
616 2294 684 2369 per
703 2268 869 2340 tabellam
887 2266 1052 2339 feretis?
1070 2267 1270 2341 Dicuntle·

208 2383 280 2475 gati
309 2380 516 2455 Melitenses
545 2379 692 2477 publice
705 2376 732 2465 ³,
763 2379 954 2477 spoliatum
986 2380 1163 2478 templum
1195 2403 1272 2451 esse

210 2491 384 2579 Junonis3
402 2486 491 2559 nihil
507 2489 613 2560 istum
630 2490 668 2559 in
686 2487 951 2585 religiosissimo
965 2486 1050 2559 fano
1064 2488 1271 2585 reliquisse:

209 2623 317 2695 quem
334 2598 511 2676 inlocum
529 2597 657 2668 classes
675 2596 835 2669 hostium
854 2620 945 2693 saepe
959 2598 1191 2684 accesserint3
1205 2595 1270 2667 nbi

209 2711 332 2806 piratae
353 2706 428 2781 fere
449 2708 646 2804 quotannis
672 2704 832 2777 hiemare
855 2704 1013 2787 soleant3
1035 2702 1270 2801 quodneque

210 2816 335 2914 praedo
350 2817 488 2887 violarit
505 2831 627 2903 antea,
646 2840 766 2912 neque
780 2837 954 2912 umquam
971 2813 1089 2884 hostis·
1101 2813 1269 2908 attigerit,

247 3021 271 3067 7.
286 3004 367 3054 Certos
378 3002 494 3054 homines,
508 3007 660 3053 Hotomann.
675 3007 715 3052 in·
759 3020 801 3053 sos
808 3002 970 3052 totsoelsrum
980 3000 1117 3051 narratione
1126 3001 1220 3048 ammos
1229 3013 1269 3050 to-

211 3081 462 3147 tslliffl'tlromiussrsi
478 3083 549 3130 nnius
562 3098 631 3131 rarus
645 3099 716 3147 pers·
760 3082 792 3130 tis
802 3081 946 3145 eloquentia
961 3080 1053 3129 viribus
1065 3080 1165 3128 suscitat
1175 3096 1204 3128 ao
1213 3078 1269 3128 ssli-

212 3172 269 3223 tos,
286 3162 338 3208 imo
354 3176 412 3208 vero
434 3159 500 3222 apud
517 3161 659 3211 cimonem
679 3162 718 3208 vir
760 3159 1034 3224 eit.Vsrrsmsppellst,
1050 3176 1105 3208 eum
1115 3159 1269 3223 ipsoruest,

212 3251 292 3290 sertus
304 3249 357 3298 est,
371 3238 432 3286 rivis
444 3236 493 3285 litls
513 3236 608 3302 dignus,
618 3238 658 3285 oni
667 3254 718 3286 rem
760 3238 826 3287 hune
838 3251 908 3303 urget
918 3238 994 3286 oblita
1006 3237 1123 3286 scelerum
1136 3239 1269 3298 mentions,

211 3321 348 3387 quampiam
364 3329 418 3367 tuto
430 3318 573 3367 committas.
583 3320 718 3383 -Imprw
760 3333 791 3365 ne
799 3318 886 3365 anisnis
895 3316 1017 3365 fastidium
1027 3318 1203 3366 mvasvtm
1215 3334 1271 3366 suns

211 3401 315 3450 denum.
336 3401 392 3447 Hoc
405 3409 458 3456 ost,
474 3398 625 3461 ignoramm
638 3412 719 3445 saeros
761 3395 901 3459 recolligers
912 3394 1022 3456 ridetur,
1039 3403 1067 3443 ut
1080 3412 1135 3444 eum
1146 3399 1222 3445 tutius
1233 3407 1273 3446 tot

211 3480 267 3529 illos
277 3479 357 3527 fuisso.
761 3475 822 3525 mals
835 3476 956 3523 uotorum
966 3472 1076 3537 ponders
1087 3474 1218 3538 opprimat.

248 3561 272 3609 8.
284 3559 405 3606 Ebumsoe
419 3553 599 3603 Victorioe.vid.
610 3554 640 3603 ds
651 3554 719 3603 ebur
797 3572 822 3603 a.
830 3558 878 3602 Per
885 3552 1001 3602 tabellam
1003 3551 1100 3617 feretis
1109 3553 1174 3601 Olim
1178 3554 1274 3614 judiees

213 3639 264 3685 usis
279 3646 384 3685 veterum
406 3636 507 3694 statuis,
529 3649 584 3696 quse
606 3634 719 3682 disseruit
761 3634 890 3681 misnen
899 3647 958 3679 νοω
973 3631 1176 3695 proferebant:st
1184 3634 1211 3678 L.
1218 3632 1275 3680 Cas-

213 3719 300 3782 llryns
309 3714 340 3763 sd
350 3713 441 3762 eurem
453 3713 526 3775 primi
537 3712 667 3761 voluminis
677 3713 721 3762 lli·
765 3712 815 3758 sius
829 3709 940 3756 tribunus
963 3708 1041 3772 plebis
1057 3722 1122 3754 suno
1142 3706 1193 3754 616
1217 3706 1274 3754 tulit

213 3795 298 3851 storin
308 3794 367 3842 artis
378 3808 394 3840 s
405 3789 578 3839 Winkslutsnn
593 3801 703 3839 exeram.
766 3788 797 3835 ds
808 3786 930 3849 sullrsgiis
942 3787 1034 3849 legem,
1052 3800 1096 3832 seu
1109 3783 1273 3842 tabellarium,

248 3875 351 3927 xuvu.
364 3888 387 3919 s.
398 3872 446 3917 Pro
456 3867 492 3917 dii
504 3867 723 3917 immmenso
766 3882 813 3930 qus
827 3865 946 3912 sancitum
959 3875 1033 3912 estut
1044 3862 1160 3926 deinceps
1177 3874 1273 3911 ssntsn·

216 3963 267 4000 tum
280 3961 354 4014 eaput
363 3948 426 3997 illud
433 3945 514 3997 vivide
523 3956 560 3994 est
571 3947 681 3997 transitio
691 3947 723 3995 sd
768 3947 808 3994 tier
819 3960 862 4009 per
870 3942 969 3991 tabellas
978 3943 1098 3991 damulus.

216 4031 312 4091 gravius
328 4027 452 4090 multoque
475 4026 550 4089 magis
572 4025 722 4073 horrendum
803 4026 826 4074 3.
839 4022 943 4071 Publice.
956 4021 1054 4071 Publica
1068 4021 1210 4072 ructoritsts
1223 4038 1273 4071 suas

217 4108 319 4157 facinus.
327 4106 463 4156 Paullulum
472 4104 535 4153 sistit
545 4114 635 4165 orator,
643 4115 668 4153 st
677 4105 723 4152 fes·
767 4102 873 4153 civitatis
885 4101 976 4153 donati.
