3054 4772
340 434 527 508 ORATIO
552 433 653 505 PRO
677 430 737 503 Μ’.
764 431 1007 505 FONTEIO.
1113 430 1208 528 w649

140 561 249 656 hujus
275 561 402 629 virtuti
430 571 539 655 atque
572 557 791 628 innocentiae
826 556 1037 626 testimonio
1070 557 1211 651 possint

140 695 238 759 esse3
280 683 448 739 tamenne
479 666 561 764 plus
595 665 783 738 Gallorum
820 664 1008 735 consensio
1046 662 1209 751 valebit,

31 834 32 841 .
141 803 249 878 quam
269 801 420 850 summae
434 776 684 847 auctoritatist
702 773 923 845 hominum?
942 776 1066 865 Quum
1086 773 1209 844 Galliae

31 914 32 951 1
140 891 311 961 Fonteius
337 901 521 986 praesset,
551 889 668 974 scitis,
693 884 853 982 judices,
878 885 1052 955 maximos
1077 883 1207 982 populi

138 1001 279 1074 romani
301 997 478 1070 exercitus
492 994 689 1083 induabus
704 995 904 1092 Hispaniis,
920 993 1209 1091 clarissimosque

140 1102 408 1206 imperatores.⁵
436 1105 557 1179 fuisse.
591 1109 707 1196 Quam
739 1105 845 1176 multi
876 1107 1016 1203 equites
1042 1107 1206 1192 romani,

140 1240 250 1314 quam
261 1215 368 1286 multi
382 1213 521 1286 tribuni
538 1214 692 1288 militum
703 1269 713 1304 ,
726 1216 872 1312 quales,
886 1229 923 1285 et
936 1228 1045 1312 quot,
1062 1229 1099 1285 et
1112 1239 1205 1312 quo·

31 1334 32 1353 ¹
138 1328 207 1397 ties
226 1326 332 1421 legati
353 1322 399 1394 ad
422 1326 509 1396 eos?
528 1322 741 1397 Exercitus⁶
763 1339 935 1423 praeterea
961 1328 1026 1396 Cn.
1047 1325 1209 1422 Pompeii

139 1437 317 1511 maximus
351 1448 462 1533 atque
499 1437 748 1508 ornatissimus
786 1434 956 1507 hiemavit
991 1437 1029 1505 in
1064 1434 1207 1523 Gallia,

140 1546 200 1616 Μ’.
223 1546 373 1643 Fonteio
398 1547 613 1644 imperante.
641 1547 779 1616 Satisne
805 1544 910 1616 vobis
935 1543 1091 1633 multos,
1121 1546 1206 1615 satis

31 1744 32 1753 ἵ
140 1653 292 1727 idoneos
316 1668 424 1727 testes
449 1669 485 1727 et
507 1656 672 1729 conscios
693 1653 836 1727 videtur
857 1657 933 1754 ipsa
957 1652 1102 1727 fortuna
1128 1679 1206 1728 esse

31 1836 33 1850 ,
141 1764 296 1837 voluisse
318 1789 440 1836 earum
460 1789 601 1853 rerum,
621 1789 703 1863 quae
723 1763 786 1835 M’.
806 1765 959 1834 Fonteio
974 1779 1125 1860 praetore
1144 1787 1206 1861 ge·

141 1888 310 1946 rerentur
323 1877 360 1947 in
379 1875 515 1946 Gallia?
532 1878 652 1967 Quem
666 1898 711 1946 ex
725 1889 827 1947 tanto
844 1873 1036 1944 hominum
1051 1898 1206 1945 numero

31 2032 33 2073 i
142 1999 271 2057 testem
293 1987 331 2056 in
353 1986 422 2057 hac
443 2010 548 2063 causa
572 1984 775 2084 producere
793 1983 965 2083 potestis?
985 1986 1068 2080 quis
1093 1999 1146 2056 est
1162 2009 1207 2056 ex

142 2119 187 2170 eo
208 2121 379 2185 numero,
407 2098 472 2194 qui
489 2095 594 2168 vobis
621 2107 772 2168 auctora
798 2094 960 2192 placeat?
982 2117 1026 2164 eo
1046 2117 1113 2164 nos
1132 2093 1206 2188 jam

142 2204 328 2277 laudatore
347 2221 383 2278 et
404 2221 494 2277 teste
512 2221 668 2278 utemur.

191 2315 412 2391 Dubitabitis
426 2319 534 2387 etiam
548 2315 700 2403 diutius,
711 2312 864 2410 judices,
878 2313 968 2411 quin
982 2311 1090 2400 illud,
1105 2311 1205 2410 quod

142 2425 245 2496 initio
262 2426 366 2497 vobis
384 2430 577 2524 proposui,
601 2426 828 2499 verissimum
849 2426 914 2513 sit,
932 2422 1029 2496 aliud
1048 2448 1120 2521 per
1134 2423 1205 2496 boc

31 2608 32 2617 ,
139 2534 318 2630 judicium
348 2535 440 2607 nihil
466 2539 543 2634 agi,
574 2537 643 2608 nisi
670 2550 730 2624 ut,
757 2533 816 2607 Μ’.
850 2534 1000 2606 Fonteio
1029 2557 1205 2630 oppresso

143 2645 357 2717 testimoniis
372 2670 518 2734 eorum,
535 2645 669 2744 quibus
683 2645 796 2717 multa
809 2644 1016 2743 reipublicae
1030 2667 1137 2715 causa
1150 2646 1206 2714 in·

143 2756 323 2826 vitissimis
338 2756 511 2853 imperata
528 2771 635 2840 sunt,
655 2757 836 2854 segniores
856 2755 1007 2853 posthac
1025 2753 1070 2824 ad
1087 2756 1205 2851 impe-

143 2863 298 2936 randum
326 2868 435 2936 ceteri
460 2869 551 2956 sint,
584 2890 697 2963 quum
723 2864 868 2937 videant
893 2887 955 2935 eos
982 2865 1204 2960 oppugnari,

144 2973 279 3071 quibus
298 2977 478 3073 oppressis
505 2976 633 3075 populi
650 2976 792 3047 romani
807 2975 1002 3072 imperinm
1022 2970 1205 3041 incolume

144 3086 221 3178 e'sse
237 3111 313 3156 non
332 3087 445 3183 possit
456 3082 497 3154 ⁸?

191 3200 269 3269 Vll.
295 3196 490 3292 Objectum
511 3210 565 3269 est
587 3200 714 3285 etiam,
736 3208 912 3293 quaestum
932 3194 992 3266 Μ’.
1013 3193 1204 3264 Fonteium

181 3382 206 3431 4.
216 3375 652 3425 Summotwton'tutis.01im·sum·
695 3377 817 3441 «profecti
834 3387 925 3437 mut»,
935 3375 1004 3440 quod
1019 3390 1103 3424 unam
1120 3384 1206 3438 postu·

144 3469 182 3500 ma
199 3454 360 3505 auotoritas».
378 3454 508 3504 Lambinus
526 3455 652 3504 dubitabat
696 3457 746 3505 lore
755 3456 862 3504 videtur.

142 3549 175 3581 ru
190 3532 318 3597 legendum
333 3545 397 3585 estet
409 3550 529 3584 «summu
543 3535 651 3585 auetori-
733 3551 756 3597 7.
774 3537 875 3583 Auctor.
888 3535 980 3592 Testis,
993 3535 1063 3594 enjus
1075 3531 1207 3580 auotorita-

144 3623 205 3661 ntes
214 3634 237 3662 a.
695 3625 743 3663 tem
754 3614 887 3678 sequimur,
899 3623 923 3661 et
936 3613 975 3661 eui
985 3610 1059 3660 iidem
1069 3610 1205 3660 babendum

163 3678 168 3690 '
179 3691 381 3754 §.Imperatores
393 3695 424 3755 Q.
434 3692 561 3742 Metellum
569 3693 651 3753 Pium,
695 3693 794 3758 putetis.

144 3770 269 3819 Numidici
282 3769 373 3831 lilium,
386 3783 410 3820 et
423 3772 470 3821 Cn.
483 3773 635 3837 Pompeium.
735 3774 760 3821 8.
772 3774 831 3821 Esse
842 3787 892 3820 non
901 3770 985 3835 possit.
996 3769 1038 3819 ste
1050 3769 1081 3817 ab
1094 3768 1149 3819 utili
1160 3759 1211 3818 ‹lir-⁴

179 3849 653 3916 6.01im··deosmreitnstt²raetem
695 3861 766 3916 putat
783 3851 884 3908 Cicor03
902 3865 954 3898 nou
966 3850 1016 3909 iam
1033 3848 1120 3896 dumi-e
1135 3864 1208 3913 poue

143 3928 190 3975 Cn.
202 3930 331 3993 Pompeius
344 3946 408 3979 max.
418 3952 431 3972 ι
445 3931 521 3993 Quod
533 3931 651 3979 insulsum
694 3930 781 3994 populi
794 3946 856 3977 rom.
874 3928 1001 3994 imperium
1014 3927 1116 3976 sublatis
1130 3929 1208 3977 vecti·

144 4007 271 4057 ediderunt
278 4012 398 4076 Verburg.
407 4023 431 4061 et
439 4012 530 4060 Olivet.
540 4012 651 4075 quamvis
694 4009 799 4074 palibus,
811 4026 866 4073 quae
877 4010 964 4074 tuipsa
973 4020 1088 4074 pereunt,
1097 4009 1118 4056 ni
1126 4009 1152 4056 in
1161 4024 1204 4056 eos

145 4085 195 4136 duo
208 4089 270 4137 MSS
285 4102 367 4139 eontra
382 4093 496 4140 lacerem.
511 4091 593 4141 Credit
607 4093 652 4138 Er·
695 4089 901 4149 animadvertitur,
914 4091 957 4155 qni
968 4107 995 4139 ea
1007 4089 1089 4154 pnulto
1100 4092 1207 4140 serenus

144 4178 205 4214 nest.
216 4177 272 4229 post
281 4168 331 4214 «ad
342 4184 402 4217 ons»
419 4170 535 4218 omissum
552 4169 651 4218 verbum
696 4181 834 4233 exegerunt.
