3116 4774
392 425 582 493 ORATIO
607 426 706 492 PRO
729 425 770 491 A.
798 417 1011 490 CAECINA.
1164 409 1228 482 521

173 560 247 634 est,
266 541 367 641 qnod
389 540 564 641 aequabile
583 544 680 614 inter
702 544 829 613 omnes
841 545 873 628 4,
892 553 1002 636 atque
1019 558 1134 607 unum
1154 557 1233 604 om·

172 653 280 725 nibus
300 677 377 725 esse
398 656 521 751 possit.
549 657 676 749 ltaque
702 654 741 724 in
760 653 888 723 ceteris
910 646 1161 722 controversiis
1178 658 1233 715 at·

173 790 245 862 que
266 764 428 859 judiciis,
450 788 564 862 quum
587 767 770 860 quaeritur‚
789 760 926 858 aliquid
946 754 1101 844 factum,
1119 776 1234 825 necne

174 874 236 960 sit,
256 898 380 945 verum
402 898 449 944 an
464 871 592 944 fulsum
609 872 835 971 proseratur3
853 869 1011 942 et'fictus
1031 866 1131 936 testis
1152 861 1236 934 snb·

174 985 296 1054 ornari
325 982 435 1072 solet,
460 998 496 1054 et
515 983 700 1080 interponi
728 982 826 1055 falsae
851 973 1025 1066 tabulae⁵;
1050 997 1236 1067 nonnum·

173 1119 301 1190 quam,
323 1093 478 1166 honesto
497 1093 738 1191 reprobabili
759 1086 942 1177 nomine⁶‚
963 1086 1064 1158 bono
1082 1085 1159 1155 viro
1174 1084 1235 1179 ju·
1265 1142 1268 1149 ,

171 1201 245 1275 dici
270 1229 371 1276 error
397 1202 530 1298 objici3
555 1203 723 1301 improbo
747 1202 899 1275 'facultas
920 1199 1015 1284 dari,
1040 1208 1101 1284 ut,
1121 1214 1236 1291 quum

173 1315 290 1385 sciens
311 1336 501 1411 perperam
522 1312 708 1407 judicarit,v
728 1312 997 1389 testimonium⁷
1017 1321 1080 1379 aut
1097 1302 1237 1375 tabulas

174 1435 351 1520 sequutus
376 1445 454 1493 esse
479 1420 652 1493 videntur.
682 1427 724 1495 In
750 1423 833 1516 jure
854 1420 946 1493 nihil
967 1431 1021 1490 est.
1037 1410 1236 1511 ejusmodi,

173 1545 467 1627 recuperatores:
491 1554 565 1601 non
586 1527 716 1601 tabulae
739 1529 852 1617 falsae,
877 1554 953 1601 non
975 1526 1075 1599 testis
1100 1526 1235 1620 impro-

174 1637 266 1710 bus:
283 1637 440 1736 denique
460 1640 668 1727 nimaina,
691 1664 773 1736 quae
794 1638 1002 1710 dominatur
1017 1638 1056 1707 in
1077 1634 1235 1719 civitate,

174 1751 358 1847 potentia,
390 1750 428 1819 in
457 1748 528 1820 hoc
554 1749 633 1820 solo
663 1773 794 1846 genere
819 1750 993 1845 quiescit;
1023 1744 1113 1842 quid
1140 1754 1237 1840 agat,

174 1858 363 1956 quomodo
380 1858 606 1957 aggrediatur
618 1858 796 1955 judicem,
814 1883 886 1957 qua
904 1856 1061 1952 deniqne
1082 1852 1237 1950 digitum

173 1965 373 2068 proseratss,
404 1969 618 2042 nonhabet.
648 1970 743 2042 Illud
766 1973 864 2041 enim
886 1980 1007 2066 potest
1029 1963 1100 2035 dici
1124 1959 1238 2056 judici

175 2078 222 2150 ab
248 2080 371 2179 aliquo
400 2105 477 2152 non
509 2094 580 2151 tam
605 2079 813 2152 verecundo
834 2080 1002 2163 homine,
1025 2094 1134 2171 quam
1161 2091 1237 2166 gra·

175 2188 318 2259 tioso⁹z
340 2189 466 2262 Judica
485 2189 557 2261 hoc
578 2188 712 2260 fuctum
734 2213 834 2274 esse,
857 2199 920 2257 aut
942 2204 1142 2279 numquam
1160 2200 1237 2248 esse

174 2295 329 2388 factum,
353 2300 411 2371 vel
441 2303 659 2398 cogitatum
690 2298 795 2371 crede
823 2297 910 2368 huic
933 2295 1033 2381 testi;
1053 2292 1117 2361 has
1137 2310 1236 2360 com·

173 2542 218 2603 iis,
231 2542 342 2605 quisunt
351 2542 460 2602 ejusdem
473 2541 594 2601 civitatis,
605 2541 681 2590 udres
763 2559 789 2604 7.
807 2544 994 2592 Testamentum.
1009 2542 1105 2589 Rursus
1117 2536 1233 2584 Hottom.

174 2636 228 2669 sues
241 2620 394 2669 obtinendus.
407 2619 471 2669 Vide
480 2620 525 2672 lib.
540 2621 553 2667 1
566 2619 598 2668 de
610 2623 681 2671 Oret.
724 2622 857 2686 eeqrrimur.
866 2625 884 2671 J
886 2654 894 2667 .
901 2624 933 2670 V.
945 2624 973 2670 L.

174 2700 274 2747 Peren.
316 2734 321 2745 .
762 2702 786 2748 8.
805 2704 861 2766 Qua
879 2700 982 2764 denique
998 2697 1100 2763 digitum
1113 2690 1236 2758 proferat.

209 2787 237 2834 t.
252 2777 321 2825 Nitit
335 2790 382 2835 est,
402 2778 471 2842 quod
484 2778 603 2843 aquatile
619 2778 683 2827 inter
725 2780 764 2828 Ne
773 2779 894 2828 tantulum
906 2778 1021 2842 quidem,
1033 2792 1084 2839 qno
1095 2770 1237 2837 progredit-

175 2872 264 2905 omnes.
274 2859 329 2905 Hoc
342 2856 374 2904 sd
390 2859 431 2917 J'ns
448 2868 541 2906 eertum
561 2842 681 2922 pertinet,
702 2860 705 2867 ’
725 2852 1108 2916 tur,noninvenit.1n1.ucutto:
1118 2849 1234 2911 uQuibut

174 2935 243 2999 quod
252 2946 295 2982 unt
307 2935 399 2998 scripto
412 2946 539 2997 constare,
556 2936 682 2985 rutmori·
727 2938 848 2985 concessis
861 2936 964 2999 digitum
978 2929 1094 2997 progredi
1112 2944 1164 2977 non
1177 2942 1236 2991 poe·

173 3014 235 3072 bus,
257 3030 286 3062 ex
305 3012 458 3076 Quintiliano
479 3014 622 3075 docuimus,
640 3026 683 3063 unt
726 3026 783 3062 sunt
794 3036 814 3062 ι.
827 3017 927 3062 Pessum
939 3038 975 3049 -
988 3012 1044 3073 Qua
1057 3007 1160 3070 denique
1173 3004 1237 3070 digi-

171 3092 339 3153 jurisconsulti
358 3093 389 3140 de
407 3092 462 3151 jure
483 3092 560 3140 dubio
583 3109 683 3156 respon-
726 3106 776 3142 uam
786 3092 906 3157 proferat.
918 3090 977 3139 Nou
988 3100 1054 3137 reete
1065 3090 1238 3149 interpretatur

175 3169 240 3217 dent.
254 3171 374 3227 Horrore.
467 3188 470 3193 ’
726 3173 879 3221 Passeratius.
892 3169 939 3220 Sed
959 3170 1009 3216 hoe
1028 3164 1166 3231 significant
1183 3162 1236 3210 haee

211 3249 235 3298 5.
251 3250 284 3295 Et
297 3247 389 3312 imponi
392 3246 470 3313 falses
482 3248 582 3297 tabula.
600 3248 683 3298 anb.
728 3253 818 3312 verbs,
841 3268 873 3300 ne
892 3249 1012 3299 tantillum
1031 3247 1130 3312 quidem
1146 3242 1235 3301 habet,

174 3326 306 3391 interponi,
329 3326 373 3373 sed
393 3342 407 3374 u
434 3327 571 3387 conjecturs
597 3328 684 3377 Hotto-
727 3330 796 3395 quod
807 3330 929 3388 molietur,
942 3339 985 3376 aut
997 3342 1067 3392 agere
1079 3323 1164 3390 possit.
1173 3322 1236 3370 Nem

174 3406 273 3466 menni,
292 3407 377 3453 oon'tru
394 3404 472 3454 libros
493 3417 553 3455 vett.
568 3405 684 3470 quemad·
728 3410 853 3474 «digitum
874 3410 995 3473 proferre,
1015 3421 1141 3465 mutere,
1160 3402 1239 3468 porri-

174 3486 274 3534 modum
293 3484 377 3548 paullo
389 3496 447 3548 post
464 3484 562 3533 admisit
575 3484 684 3547 ejusdem
727 3506 801 3554 gere·
816 3488 906 3536 dicitnr
924 3487 954 3536 de
971 3486 1067 3536 notione
1086 3484 1198 3539 minum,
1210 3491 1238 3528 ut

173 3564 699 3625 divinatorishariolstionem,testimom'um-
726 3579 794 3632 putet
812 3585 844 3617 ex
859 3567 916 3616 loeo
938 3566 982 3615 illo
1000 3567 1038 3612 111
1063 3564 1094 3611 de
1121 3561 1236 3609 timum:

174 3662 220 3709 pro
236 3655 412 3692 testamentum.
425 3645 542 3694 Guurm.
559 3672 595 3682 -—
607 3646 683 3693 Recte
728 3646 899 3714 «chrysippus
913 3663 944 3694 ns
958 3645 1061 3708 digitum
1074 3639 1173 3706 quidem
1184 3640 1237 3699 ejus

173 3740 280 3773 summus
302 3725 418 3772 Emestus
436 3726 461 3771 iu
483 3724 540 3772 Iud.
558 3722 683 3782 defendit,
728 3743 798 3775 esum
806 3725 982 3791 porrigendum
992 3722 1119 3769 dicebat».
1130 3721 1219 3767 Germ.

174 3804 273 3869 imponi.
285 3806 384 3854 Gener.
763 3822 788 3868 9.
812 3807 870 3853 Non
886 3815 938 3851 tam
951 3819 977 3850 v.
991 3800 1015 3848 Ιι,
1032 3816 1107 3864 quam
1117 3798 1236 3864 gratioso.

209 3885 234 3933 6.
252 3883 440 3948 Nonnumquam
459 3880 558 3930 bonate
576 3898 608 3929 ae
627 3897 684 3944 pm·
727 3884 775 3935 Cui
787 3885 867 3932 miuus
882 3883 913 3930 sit
927 3881 1041 3946 pudoris,
1057 3895 1131 3943 quum
1144 3879 1233 3941 gratim

173 3962 250 4011 tabiit
261 3963 366 4012 nomine.
379 3962 470 4026 Aliqua
482 3963 563 4027 speeie
571 3961 683 4011 honeste·
726 3991 762 4001 -
781 3965 836 4011 Hoc
847 3961 950 4024 jectum
969 3973 1026 4007 esse.
1046 3958 1098 4017 Ut,
1121 3956 1235 4006 Clodium

174 4041 205 4088 tis
217 4053 242 4089 et
252 4042 378 4104 aequitstis.
391 4046 420 4089 In
429 4042 513 4092 Vutin.
530 4041 681 4089 «misericor
727 4044 836 4092 occisum
852 4057 867 4088 s
885 4039 989 4089 Milone.
1002 4064 1037 4075 -
1045 4040 1098 4087 Has
1106 4036 1236 4102 comproba

176 4118 222 4168 dire
237 4120 336 4169 nomine
349 4122 498 4185 promulgari
507 4122 612 4186 tegam».
727 4122 830 4170 tabulas.
846 4120 951 4187 Judies,
970 4134 1032 4166 verse
1044 4131 1077 4165 sn
1092 4117 1158 4166 sulse
1178 4116 1234 4163 rint.
