3142 4774
331 408 375 477 50
525 470 529 481 ,
653 410 700 474 M.
726 409 764 474 T.
788 408 1063 476 CICERONIS

325 534 391 603 iste
415 526 594 623 judicium
605 523 632 616 ³,
657 551 687 597 st
713 551 892 613 ruamur,
917 527 1044 622 jugera
1073 526 1150 620 ejus
1178 526 1283 621 fundi
1309 552 1385 599 esse

324 640 445 741 plura,
465 661 573 736 quam
594 638 746 711 colonus
766 651 858 709 esset
880 635 1081 734 professus,
1102 651 1182 708 tum
1207 641 1259 709 uti
1281 643 1386 709 Xeno

323 750 561 825 damnaretur.
584 747 737 821 Dicebat
758 746 836 835 ille,
862 771 939 818 non
960 746 1071 818 modo
1094 771 1169 819 non
1193 770 1309 817 arasse
1329 771 1384 831 se,

323 859 360 929 id
374 856 474 955 quod
488 860 572 929 satis
586 860 698 943 eratt,
711 855 773 927 sed
788 881 856 935 nec
871 855 1062 928 dominum
1080 858 1157 953 ejus
1172 880 1249 927 esse
1262 853 1382 939 fundi,

321 993 388 1040 nec
406 968 621 1051 locatorem;
643 969 766 1039 uxoris
787 962 901 1055 esse⁵;
923 990 1001 1037 eam
1020 968 1134 1064 ipsam
1148 991 1255 1037 suum
1271 991 1381 1064 nego·

320 1083 413 1150 tium
434 1101 579 1174 gerere,
600 1080 714 1174 ipsam
736 1078 916 1153 locavisse.
941 1074 1171 1149 Delendebat
1194 1082 1381 1148 Xenonem

319 1189 430 1263 homo
449 1212 593 1259 summo
610 1186 824 1289 splendore,
848 1201 884 1258 et
902 1209 1043 1259 summa
1060 1187 1273 1259 auctoritate
1295 1210 1384 1282 prae·

318 1299 436 1385 ditus,
457 1302 507 1371 M.
530 1300 721 1369 Cossetius.
745 1303 815 1368 Iste
840 1291 1097 1366 nihilomiuus⁶
1116 1292 1292 1387 judicium
1313 1298 1382 1363 H·S

318 1434 411 1479 ιω
428 1395 580 1481 millium
601 1406 719 1477 dabat.
741 1406 804 1476 Ille
823 1407 966 1477 tametsi
976 1418 1249 1503 recuperatores
1262 1403 1309 1474 de
1322 1428 1381 1475 co-

317 1518 421 1589 horte
445 1518 625 1589 latronum
650 1516 719 1589 sihi
739 1519 856 1615 parari
881 1514 1043 1604 videbat3
1063 1531 1182 1586 tamen
1196 1542 1199 1547 ’
1203 1513 1380 1609 judicium

316 1645 549 1728 accepturum
577 1656 615 1701 se
643 1655 720 1702 esse
750 1629 902 1702 dicebat.
929 1633 1022 1701 Tum
1045 1633 1113 1701 iste
1140 1653 1266 1725 magna
1292 1652 1379 1699 voee

315 1742 498 1811 Veneriis⁷
522 1741 696 1837 imperat,
714 1755 758 1811 ut
780 1746 886 1811 Xeno
908 1738 1073 1817 audiret:
1090 1742 1188 1809 Dum
1208 1763 1265 1810 ros
1281 1735 1379 1832 judi·

316 1864 430 1937 cetur,
454 1848 640 1921 hominem
666 1865 708 1919 ut
731 1864 932 1934 asservent3
956 1874 1070 1946 quum
1093 1847 1292 1943 judicatum
1315 1851 1379 1936 sit,

316 1955 362 2028 ad
382 1982 420 2031 se
443 1956 642 2045 adducant;
663 1973 700 2029 et
716 1956 810 2028 illud
826 1958 935 2030 simul
949 1959 1061 2029 dixit:
1081 1963 1126 2028 Se
1142 1983 1218 2028 non
1231 1971 1379 2056 putare,

315 2066 435 2153 illum,
459 2069 508 2155 si,
531 2081 681 2164 propter
703 2066 862 2155 divitias,
882 2092 1009 2164 poeuas
1027 2066 1268 2151 damnationis
1289 2091 1377 2141 con·
1476 2096 1480 2103 ·
1526 2032 1534 2041 .
1566 2050 1567 2059 ἵ

316 2186 512 2263 temneret,
531 2180 638 2249 etiam
656 2178 772 2274 virgas
790 2193 1033 2251 contemnere.
1046 2182 1119 2247 Hac
1136 2176 1196 2251 ille
1208 2180 1244 2249 vi
1259 2190 1295 2249 et
1307 2177 1378 2249 hoc

316 2301 416 2356 metu
430 2285 622 2374 adductus,
638 2302 778 2358 tantum
796 2286 1023 2372 decumanis,
1039 2301 1216 2382 quantum
1234 2287 1300 2357 iste
1314 2287 1378 2354 im-

316 2395 473 2489 peravit,
497 2396 657 2467 exsolvit.
1312 2472 1316 2481 ,

363 2506 492 2577 XXIII.
505 2504 757 2577 Polemarchus
769 2522 821 2578 est
841 2511 1109 2605 Morgantinus,
1127 2511 1182 2578 vir
1195 2507 1316 2578 bonus
1328 2524 1378 2591 at·

316 2635 388 2707 que
411 2610 596 2685 honestus.
619 2618 669 2697 ls,
694 2640 810 2712 quum
828 2642 895 2715 pro
910 2615 1098 2714 jugeribus
1117 2619 1378 2713 quinquaginta

317 2718 499 2791 medimna
518 2733 615 2795 ιοοοΙ
642 2723 803 2796 decumae
822 2728 1099 2824 imperarentur,
1119 2725 1220 2822 quod
1241 2750 1377 2799 recusa·

213 2920 217 2927 ⁴
270 2934 273 2941 1
314 2827 397 2916 bat,
411 2831 562 2903 domum
575 2834 620 2904 ad
635 2836 744 2907 istum
762 2838 800 2907 in
814 2837 895 2931 jus²
917 2836 1094 2923 deductus
1108 2850 1178 2922 est,
1193 2850 1247 2921 et,
1262 2861 1376 2931 quum

351 3016 375 3063 3.
385 3015 649 3080 Dabatistejudr'cium.
658 2998 824 3081 Verrssiube·
867 3019 961 3077 «nuit,
971 3031 999 3067 ut
1008 3018 1130 3077 audirem,
1139 3028 1219 3066 tenera
1233 3035 1288 3067 enm
1302 3030 1388 3067 matre·

313 3094 609 3155 bateamremeoramsnis
614 3096 740 3156 indicibus
749 3098 823 3147 disus·
866 3097 993 3162 Cupido.»
1001 3097 1096 3147 -Alii
1107 3097 1197 3163 hahent
1206 3121 1218 3141 ι
1225 3100 1339 3147 Xenon».

316 3173 448 3236 ptari,cum
458 3173 820 3240 easormula,siappareret‚eto.
901 3179 997 3227 xxm.
1014 3195 1037 3227 s.
1054 3179 1263 3231 medianense.
1280 3178 1310 3225 ld
1326 3189 1374 3237 est,

350 3260 374 3305 4.
386 3251 449 3297 Satis
461 3262 524 3300 erat.
541 3250 683 3303 Snfficiebat
700 3265 729 3302 ut
739 3254 821 3313 abrol-
865 3258 1027 3322 septingenta.
1051 3258 1134 3319 Quum
1163 3273 1176 3303 e
1200 3256 1375 3319 quinquaginta

314 3338 418 3377 veretur.
427 3330 563 3377 Hotomin
573 3341 631 3378 vett.
642 3332 752 3399 agitatu
765 3334 822 3397 aptis
862 3336 989 3400 jugeribus
1008 3335 1039 3381 ad
1057 3349 1177 3381 minarum
1189 3334 1262 3379 saneti
1274 3345 1375 3395 possent

313 3409 470 3455 errantium
478 3410 573 3471 sequuti
585 3421 642 3458 sunt
655 3413 683 3459 Ρ.
696 3413 790 3463 Manui.
797 3424 821 3461 et
864 3416 996 3477 quingenta
1006 3411 1141 3468 medimna,
1151 3425 1257 3474 qnorum
1266 3409 1374 3463 deonmoe

312 3486 421 3546 Desjard.
433 3501 484 3533 non
499 3488 644 3539 necessario.
863 3489 1147 3554 fmssentqninqnaginta
1156 3487 1373 3548 medimna,iucae

349 3567 373 3613 5.
384 3565 452 3611 Vici.
464 3564 534 3611 Man.
544 3565 628 3614 lamb.
638 3582 738 3617 uaonm
748 3584 806 3619 esse.
863 3569 939 3618 dibile
952 3567 1030 3617 videri
1046 3578 1129 3631 posset
1147 3569 1247 3615 Verrem
1264 3583 1310 3632 pro
1331 3568 1374 3615 de-

309 3721 404 3780 judioes
423 3737 465 3771 seu
484 3732 683 3784 recuperatores,
702 3726 745 3788 qui
764 3742 819 3774 eum
863 3725 1129 3793 etiampoateadisertia
1137 3724 1218 3775 verbis
1227 3736 1374 3786 narraretur,

311 3802 445 3848 sestertium
457 3798 581 3863 octoginta
593 3801 695 3851 millium
709 3802 819 3868 (16,too
863 3821 920 3855 eum
933 3805 1010 3857 tribus
1027 3804 1080 3851 aliis
1095 3803 1150 3868 plus
1169 3805 1282 3855 frumenti
1300 3804 1373 3861 deen-

313 3874 353 3939 sr.)
365 3877 564 3941 condemnarent.
862 3899 956 3933 marum
965 3887 1065 3933 nomine
1070 3884 1211 3949 imperasse,
1220 3900 1292 3947 quam
1300 3900 1374 3949 quara

349 3974 373 4017 7.
391 3955 506 4002 Veneriis.
519 3959 707 4022 Apparitoribus
717 3959 775 4006 suis.
784 3985 818 3995 ·-
863 3973 914 4009 tum
928 3974 1062 4027 exararant.
1077 3966 1185 4013 Soanas.

315 4036 346 4081 Ut
361 4035 430 4081 Xeno
445 4034 549 4083 audiret.
566 4038 597 4085 Et
613 4039 685 4085 minis
703 4037 755 4084 istis
770 4048 817 4085 ter·
899 4056 923 4088 a.
937 4044 967 4089 ln
975 4042 1029 4106 jus.
1048 4041 1151 4091 Uarinis
1164 4041 1263 4091 inclusit
1275 4044 1370 4093 moui.

309 4125 410 4163 seretur.
429 4115 468 4175 Sic
484 4115 556 4163 Orid.
571 4117 615 4164 lib.
635 4117 660 4163 11
678 4119 796 4165 Amorum
809 4132 815 4164 :
862 4120 919 4185 quia
931 4120 1032 4171 domun
1045 4136 1096 4168 non
1108 4121 1218 4171 veniatur
1229 4120 1255 4167 in
1262 4122 1315 4182 jus,
1328 4120 1372 4171 sed

1501 3434 1561 3571 i

347 3644 372 3690 6.
395 3645 445 3690 1sce
457 3641 623 3692 nihilominus.
639 3644 724 3701 Dabat
733 3650 820 3695 Verres
864 3647 1009 3695 eumisraoc
1026 3645 1147 3694 medimna
1165 3645 1310 3709 imperasse,
1326 3647 1374 3703 nisi
1468 3638 1481 3679 ’Ν
1559 3638 1560 3645 ¹

1555 3912 1558 4031 ᾧ
