3054 4772
472 396 742 467 EXCURSUS
766 396 908 465 XXIV.
1153 396 1224 494 607

154 544 255 613 supra
269 521 368 591 citare
385 516 521 583 memini
538 540 547 582 ε
568 546 582 573 ι
599 515 702 599 Quod
716 538 776 605 per
790 517 965 594 colonum,
981 514 1103 605 inquit,
1123 521 1230 607 possi·

156 628 239 710 deo,
256 628 350 691 heres
366 645 459 689 meus
477 622 542 687 uisi
553 623 622 712 ipse
637 639 751 687 nactus
767 622 1007 712 possessionem
1026 646 1094 687 non
1109 626 1231 714 poterit

156 733 360 826 possidere».
378 733 420 796 At
435 729 515 794 mihi
534 752 602 794 nou
621 729 722 820 magis
742 752 873 795 necesse
892 744 958 811 est,
975 731 1033 818 qui
1048 730 1126 795 huic
1143 732 1232 797 velut

158 852 292 922 ἀντινομίᾳ
306 859 492 919 occurram,
509 836 671 914 laborare,
691 859 789 925 quam
807 837 841 900 iu
854 852 921 901 tam
935 838 1046 919 multis
1062 838 1143 921 illis,
1160 862 1233 927 quae

108 987 117 1007 .
159 972 258 1037 supra
276 945 431 1035 exposui,
455 943 489 1008 in
508 944 629 1031 quibus
649 942 874 1025 jurisconsulti
894 966 961 1007 uon
984 944 1085 1033 magis
1103 967 1121 1008 a
1139 944 1231 1010 Cice·

158 1077 260 1136 rone,
277 1076 375 1141 quam
389 1050 452 1141 ipsi
467 1051 552 1115 inter
569 1072 604 1114 se
621 1049 866 1115 dissentiebant.
885 1049 922 1113 P.
940 1050 1064 1114 Fauna.
1084 1086 1089 1095 ·

91 1180 104 1203 ⁸
203 1162 338 1248 Propter
362 1155 602 1244 mumfiuctmr.
620 1156 663 1221 Aa
685 1156 721 1219 in
745 1156 767 1220 l.
787 1154 957 1219 sciendum
979 1160 997 1236 ς
1021 1178 1097 1221 eum
1115 1178 1231 1221 verum

159 1267 199 1331 D.
212 1264 280 1348 Qui
295 1261 448 1329 satisdare
464 1277 642 1351 cogantur,
657 1261 767 1326 Macer
786 1261 915 1343 scribit,
931 1283 1008 1325 eum
1027 1262 1085 1349 qui
1104 1278 1233 1327 tautum

160 1371 406 1435 usumfructum
429 1365 564 1448 babeat,
586 1388 806 1454 possessorem
829 1388 898 1430 non
926 1387 995 1431 esse
1015 1389 1055 1431 ex
1073 1369 1233 1451 sententia

160 1476 299 1565 Ulpiani.
319 1472 383 1538 Sed
397 1495 501 1537 causoe
516 1471 614 1535 servit
629 1472 752 1536 Cicero.
770 1473 860 1537 Psss.

205 1581 284 1645 Erat
298 1576 459 1661 ejusmodi
474 1577 610 1665 quaestio
627 1598 635 1640 ε
651 1575 835 1640 Possederit
850 1599 892 1642 ne
909 1578 1076 1643 Caesennia
1090 1578 1232 1646 fundum
1336 1616 1347 1626 ·

161 1709 201 1750 ex
213 1699 408 1750 testamento
422 1683 499 1765 viri,
513 1682 571 1770 qui
585 1680 759 1770 reliquerat
770 1680 816 1744 illi
829 1683 1069 1748 usumfructum
1083 1686 1232 1752 omnium

132 1806 134 1810 ‘
161 1790 346 1871 bonorum,
370 1812 412 1853 an
435 1786 610 1876 emptionis
628 1787 719 1867 jure,
739 1784 831 1873 quod
854 1786 895 1849 ab
917 1786 1009 1852 basta
1023 1789 1058 1853 in
1076 1792 1230 1857 auctione

162 1894 323 1976 fundum,
340 1893 381 1958 de
404 1915 471 1981 quo
488 1892 654 1981 agebatur,
672 1890 812 1955 emisset.
832 1888 919 1956 Illud
937 1891 1013 1957 Piso
1030 1892 1229 1980 affirmabat,
1252 1896 1255 1901 ’

163 2002 228 2065 hoc
245 2000 361 2065 Cicero
384 2013 521 2064 conatur
540 1997 706 2062 adstruere
729 2018 757 2060 c.
776 2020 807 2084 7.
831 1996 866 2060 Si
885 1996 1079 2063 concederet
1099 2002 1232 2085 Cicero,

163 2123 321 2197 «propter
335 2106 575 2171 usumfructum
586 2134 599 2159 ν
616 2102 816 2167 sasenniam
833 2102 1029 2190 possedisse,
1046 2106 1133 2169 nulfa
1147 2090 1244 2173 esset*

92 2227 97 2235 ‘
163 2211 391 2276 controversia.
405 2211 447 2274 At
459 2231 558 2298 supra
569 2204 881 2295 quumidnegasset,
889 2206 943 2270 hic
956 2207 1052 2272 etiam
1062 2226 1167 2299 negat.
1179 2211 1233 2278 Sic

162 2334 273 2383 autem
282 2330 528 2406 argumentatur
542 2336 550 2377 τ
566 2312 634 2395 Qui
650 2310 795 2400 possidet
807 2312 933 2376 ratione
946 2314 1169 2399 ususfructus,
1185 2318 1234 2381 lo·

162 2424 247 2489 catio
262 2423 303 2487 ab
322 2444 362 2487 eo
380 2422 499 2485 colono
517 2421 599 2483 facta
617 2416 705 2481 nulla
724 2434 787 2501 est,
810 2434 983 2506 postquam
1001 2419 1070 2508 ipse
1087 2421 1235 2488 decesse-

82 2594 86 2599 ,
162 2530 227 2594 rit:
245 2526 485 2617 quiemptionis
500 2525 626 2589 ratione
640 2522 851 2613 possidet,ab
865 2547 905 2589 eo
921 2526 1003 2591 facta
1020 2527 1136 2601 locatio
1149 2530 1235 2597 valet

163 2635 261 2700 miam
277 2633 338 2698 sub
357 2629 495 2713 herede,
512 2645 587 2719 post
602 2646 741 2695 mortem
758 2632 929 2697 testatoris.
946 2632 1161 2718 Ascalone,
1175 2637 1234 2725 qui

163 2739 304 2805 fundum
321 2737 414 2803 illum
432 2738 548 2801 babuit
562 2734 765 2801 conductum
781 2736 822 2800 de
837 2736 1020 2820 Caesennia,
1037 2739 1069 2802 vi
1088 2739 1233 2821 ejusdem

164 2843 391 2909 conductionis
401 2842 560 2926 obtinuit,
571 2843 624 2906 illa
634 2858 780 2924 mortua,
792 2842 855 2906 sub
868 2841 989 2906 herede
997 2845 1133 2910 Caecina.
1148 2847 1236 2936 Ergo

164 2948 305 3014 fundum
322 2949 489 3014 Caesennia
501 2948 646 3036 possedit
658 2949 783 3013 ratione
796 2948 988 3037 emptionis,
1002 2972 1071 3014 non
1083 2954 1236 3016 ususfru-

163 3072 236 3121 ctus
248 3078 256 3121 :
268 3054 472 3146 proindeque
482 3071 557 3143 post
571 3055 656 3119 illius
672 3070 826 3135 mortem,
841 3053 964 3118 Caecina
983 3053 1076 3120 heres
1092 3056 1234 3123 fundum

160 3164 234 3246 jure
259 3163 414 3253 possedit.
433 3163 575 3228 Faunae.
592 3199 637 3212 -
657 3164 725 3252 Qui
746 3161 876 3226 colonus
895 3161 1008 3231 dadttit
1030 3165 1231 3231 conductum.

164 3271 327 3335 Palatinus
340 3266 503 3334 secundus
519 3270 692 3360 quoniam:
708 3265 800 3357 quod
817 3291 895 3333 sane
909 3268 964 3334 hic
978 3270 1095 3358 aptius.
1112 3271 1213 3338 Gaur.

209 3376 276 3458 Qui
290 3376 374 3440 liber
390 3373 497 3438 firmat
512 3372 773 3439 emendationem
785 3373 821 3437 P.
839 3373 944 3439 Fabri.
965 3375 1073 3441 Gnuv.

208 3479 339 3545 Lallem.
359 3501 398 3542 ex
425 3499 486 3542 suo
503 3477 562 3542 tts
585 3476 687 3542 edidit
707 3479 804 3566 quia5
821 3476 905 3542 adde
922 3478 961 3545 V.
980 3479 1017 3543 L.
1046 3480 1133 3546 Tum
1151 3504 1234 3575 «per

106 3586 109 3601 “
164 3587 319 3653 colonum
329 3615 363 3667 ι,
379 3601 418 3648 ut
429 3583 590 3649 exLamb.
602 3582 735 3649 dederat
750 3583 846 3648 etiam
860 3584 978 3649 Olivet.
995 3585 1117 3653 Probat
1124 3603 1234 3654 tamen

165 3693 261 3759 Fabri
279 3691 553 3757 emendationem.
573 3689 662 3774 Quid
680 3688 814 3755 tandem
831 3688 977 3774 codices,
996 3707 1029 3758 et
1047 3692 1121 3759 edd.
1141 3694 1234 3759 dese-

165 3798 289 3880 rimus,
311 3813 350 3862 ut
373 3792 621 3861 emendantibus
651 3795 897 3884 obsequamur?
921 3798 1023 3882 Cave,
1055 3798 1234 3889 quidquam

165 3919 282 3967 mutes.
294 3903 457 3967 Ferratius
473 3924 542 3966 rem
558 3900 662 3966 vidit:
679 3900 740 3964 nisi
757 3899 848 3989 quod
864 3900 917 3966 hic
933 3924 1000 3966 non
1016 3906 1181 3993 quaeritur,
1192 3930 1234 3971 au

165 4008 339 4096 emptionis
351 4008 540 4074 transmisso
553 4009 627 4095 jure
641 4006 962 4096 possederitCaecina,
977 4008 1034 4074 sed
1048 4026 1175 4076 tantum
1190 4034 1232 4077 an

166 4112 355 4204 possederit.
375 4113 530 4180 AEbutius
552 4136 619 4178 non
643 4114 782 4204 negabat
804 4113 985 4203 possedisse
1010 4118 1233 4201 Caesenniam
