3148 4780
367 465 423 533 IN
447 465 662 533 VERREM
687 466 795 535 ACT.
823 468 881 550 11,
907 466 999 535 LlB.
1023 468 1065 534 V.
1177 466 1246 564 389

189 583 433 682 praefectoque
456 584 591 671 classis,
620 583 787 656 eumdem
809 586 1010 657 necessario
1029 610 1173 659 cursum
1194 604 1247 659 te·

190 719 277 766 nere
292 708 491 792 coeperunt.

186 806 189 813 ’
237 803 385 874 Elorum
400 825 525 874 versus
536 812 584 886 ¹²,
602 817 645 873 ut
661 805 738 899 ipse
750 802 979 891 Cleomenes,
997 804 1045 874 ita
1062 808 1171 876 ceteri
1188 831 1249 878 na-

190 911 384 1009 rigabant:
402 936 521 1008 neque
543 911 581 981 hi
599 925 718 983 tamen
740 926 812 982 tam
835 910 1044 1009 praedonum
1064 910 1249 1010 fugiebant

192 1023 383 1118 impetum,
402 1044 512 1119 qnam
528 1021 782 1118 imperatorem
803 1018 1058 1116 sequebantur.
1077 1026 1186 1111 Tum,
1207 1038 1248 1093 ut

191 1133 345 1227 quisque
373 1132 410 1201 in
437 1128 521 1227 fuga
544 1145 763 1228 postremus,
785 1133 834 1201 ita
857 1127 1059 1225 periculo¹³
1081 1134 1249 1230 princeps

190 1255 289 1311 crat:
310 1255 525 1338 postremam
549 1242 645 1310 enim
673 1262 855 1335 quamque
883 1262 1010 1308 navem
1031 1241 1152 1335 piratae
1175 1241 1248 1335 pri-

190 1372 284 1419 mam
310 1346 575 1421 adoriebantur.
607 1351 662 1418 Ita
697 1350 812 1446 prima
839 1347 1120 1419 Haluntinorum
1150 1351 1249 1419 navis

191 1458 347 1553 capitur,
364 1458 421 1527 cui
439 1470 588 1552 praeerat
604 1456 839 1543 Haluntinus,
862 1456 972 1528 homo
992 1457 1144 1545 nobilis,
1165 1456 1248 1527 Phi·

192 1563 359 1652 larchus;
372 1588 481 1660 quem
502 1562 547 1634 ab
565 1564 635 1635 illis
652 1564 883 1660 predonibus
907 1571 1103 1639 Locrenses
1125 1582 1249 1665 postea

193 1670 337 1770 publice
356 1671 616 1749 redemerunt::
636 1697 680 1743 ex
700 1698 775 1770 quo
801 1698 865 1744 vos
890 1678 1010 1772 priore
1033 1682 1174 1749 actione
1188 1677 1249 1772 ju-

192 1795 271 1852 rato
280 1805 358 1852 rem
373 1805 520 1853 omnem
529 1806 745 1879 causamque
755 1784 1097 1881 cognostis'Deinde
1107 1786 1250 1883 Apollo-

192 1892 326 1963 niensis
339 1893 609 1988 naviscapitur,
630 1906 667 1963 et
692 1891 770 1987 ejus
792 1886 979 1991 praefectus
1000 1893 1250 1992 Anthropinus

192 2000 379 2071 occiditur.

239 2114 381 2182 XXXV.
403 2115 486 2181 Haec
503 2109 590 2181 dum
605 2125 781 2205 aguntur,
797 2113 933 2183 interea
953 2110 1162 2181 Cleomenes
1177 2111 1251 2205 jam

192 2217 237 2289 ad
255 2219 352 2290 Elori
371 2219 455 2291 litus
477 2232 705 2315 pervenerat;
730 2219 805 2312 jam
825 2242 902 2289 sese
920 2221 959 2289 in
979 2232 1109 2290 terram
1129 2242 1152 2289 e
1169 2221 1251 2289 navi

193 2328 379 2424 ejecerat1,
398 2327 736 2424 quadrirememque
759 2328 795 2397 in
818 2327 893 2398 salo
913 2326 1147 2399 fluctuantem
1169 2327 1252 2399 reli·

193 2452 331 2535 querat.
362 2438 505 2533 Reliqui
534 2435 691 2535 praefecti
719 2438 888 2525 navium,
914 2462 1029 2534 quum
1055 2440 1092 2506 in
1121 2453 1252 2508 terram
1347 2497 1352 2511 .

193 2549 542 2647 imperatorexissct,
556 2570 673 2642 quum
687 2548 756 2643 ipsi
766 2570 885 2642 neque
895 2570 1114 2644 repugnare,
1131 2570 1251 2642 neque

193 2659 282 2729 mari
299 2656 458 2755 effugere
475 2654 551 2726 ullo
562 2653 672 2726 modo
685 2670 849 2754 possent,
868 2656 1027 2753 appulsis
1044 2655 1089 2726 ad
1102 2656 1250 2726 Elorum

194 2764 364 2852 navibus,
385 2767 617 2837 Cleomenem
637 2769 848 2862 persequuti
866 2780 961 2836 sunt.
985 2769 1087 2836 Tunc
1108 2764 1250 2861 praedo·

194 2897 284 2945 num
310 2874 384 2945 dux
410 2874 598 2959 Heracleo,
615 2888 785 2970 repente,
805 2888 934 2972 praeter
954 2897 1074 2970 spem,
1092 2897 1168 2943 non
1186 2896 1250 2942 sua

195 2985 343 3071 virtute,
362 2980 424 3053 sed
449 2984 549 3054 istius
580 2984 726 3054 avaritia
744 2986 978 3079 nequitiaque
1008 2983 1140 3069 victor,
1161 2982 1250 3053 clas·

195 3114 270 3166 sem
287 3091 563 3188 pulcherrimam
589 3092 716 3188 populi
735 3092 894 3178 romani,
910 3092 1049 3162 inlitus
1066 3089 1251 3188 expulsam

196 3219 232 3275 et
251 3192 420 3298 ejectam,
442 3206 557 3298 quum
580 3202 736 3296 primum
763 3198 1089 3298 advesperasceret,
1110 3198 1252 3275 inflam-

84 3370 96 3395 ¹,
195 3314 284 3384 mari
302 3309 517 3407 incendique
534 3309 650 3410 jussit.
1061 3306 1064 3315 '

245 3428 277 3494 O
296 3436 439 3519 tempus
456 3420 628 3491 miserum
646 3433 754 3516 atque
771 3419 941 3493 acerbum
960 3420 1151 3518 provinciae
1170 3419 1254 3488 Sici·

197 3531 267 3602 liae!
287 3557 310 3603 o
333 3554 454 3602 casum
473 3528 576 3600 illum
596 3527 720 3599 multis
738 3527 993 3601 innocentibus
1010 3528 1254 3600 calamitosum

235 3702 705 3769 n.1t10mmversas.oppitumrnao
748 3697 876 3745 lentium
906 3706 998 3743 mutare
1018 3709 1070 3742 non
1096 3706 1168 3740 ausas
1197 3690 1253 3741 fuit.

196 3787 268 3835 litore
279 3786 351 3833 sitnm
363 3786 428 3832 intes
440 3785 603 3847 Syracusaset
615 3781 707 3845 Paohy.
787 3772 826 3825 13.
845 3778 874 3825 ln
886 3773 996 3839 periculo
1012 3771 1130 3836 prs'nceps.
1145 3769 1252 3828 mnus,

195 3880 265 3913 num.
284 3863 403 3912 Scribitur
420 3872 499 3909 autern
516 3861 547 3908 ab
564 3859 630 3917 aliis,
649 3874 705 3907 cunr
748 3854 881 3920 proximus.

198 3942 373 4007 adspiratione,
396 3940 514 3997 Helonis,
537 3949 562 3986 et
580 3939 704 3985 Helorum.
783 3933 892 3981 XXXV·
908 3946 930 3979 s.
943 3930 998 3977 Sese
1009 3927 1035 3975 iu
1049 3923 1257 3993 terram...sjees·

199 4017 594 4085 otimtegebsturrelomm,quod
605 4016 705 4065 omnino
751 4023 797 4077 κζ.
821 4013 946 4060 Saturnum
974 4007 1109 4059 Cleomenis
1139 4003 1258 4071 significat

201 4099 289 4146 falsum
312 4097 450 4146 ostenderat
468 4100 526 4145 Ant.
552 4095 709 4159 Augustinus.
753 4093 872 4139 timorem.
889 4090 988 4139 Novum
1004 4087 1071 4137 bunc
1087 4085 1273 4163 imperatorem¹

162 4160 166 4164 ’
201 4175 352 4223 Viditetiam
366 4177 446 4224 Graes.
465 4187 489 4223 et
502 4173 712 4238 tanenvnlgatam
757 4168 873 4219 irridendi
887 4183 957 4216 causa
969 4182 1000 4215 eo
1012 4166 1087 4214 verbo
1097 4163 1183 4214 nutat.
