3176 4770
384 437 439 505 tu
464 437 675 507 vernum
697 440 805 508 ier.
834 442 889 525 11,
914 439 1004 509 mu
1030 439 1101 506 111.
1213 457 1272 503 tot

216 554 390 657 cipuum⁵
410 572 481 643 est,
506 573 657 657 prepter
678 559 927 631 crudelitatem
949 572 1181 643 metueretur,
1202 556 1279 626 mil-

218 669 281 739 lies
305 665 459 752 audivit,
480 692 594 764 quum
617 668 694 763 ejus
717 671 877 741 animuin
897 667 967 740 ad⁶
987 665 1278 767 persequendum

214 802 290 849 noe
324 777 539 874 negligentia
566 778 743 867 tardaret,
779 778 841 850 sed
871 780 1109 850 conscientia⁷
1135 776 1279 847 sceleris

216 886 442 983 avaritiaeque
470 911 543 957 suae
569 886 776 961 refrenaret.
804 886 1064 987 Loquebantur
1090 887 1188 957 enim
1213 885 1278 957 de·

129 1076 135 1087 ¹
217 998 359 1067 cumani
377 997 513 1095 palam,
535 1012 571 1068 et
591 1013 719 1096 praeter
738 996 901 1071 ceteros8
918 1002 965 1087 is,
980 999 1043 1096 qui
1057 995 1156 1096 apud
1170 999 1278 1066 istum

215 1105 411 1204 plurimum
441 1123 603 1206 poterat,
625 1111 874 1208 maximosque
899 1133 1005 1207 agros
1025 1104 1278 1206 populabatur,

215 1218 415 1315 Apronius:
438 1242 654 1320 perparvum
678 1246 721 1291 ex
747 1221 815 1292 illis
838 1224 974 1318 magnis
998 1218 1107 1289 lucris
1133 1216 1179 1286 ad
1201 1240 1277 1287 sese

213 1330 422 1423 pervenire;
435 1343 623 1424 praetorem
648 1355 731 1401 esse
742 1335 880 1402 socium
888 1343 915 1399 9.
930 1335 1007 1401 Hoc
1027 1352 1141 1425 quum
1160 1326 1278 1423 palam

213 1433 404 1508 decumani
430 1452 505 1509 tota
529 1443 714 1536 provincia
740 1439 987 1536 loquerentur,
1013 1454 1191 1534 tuumque
1213 1461 1278 1506 no·

215 1570 299 1616 men
312 1548 350 1615 in
362 1570 403 1616 re
417 1561 490 1617 tam
504 1549 602 1645 turpi
616 1546 822 1645 nefariaque
836 1554 1125 1648 interponerent3
1138 1546 1277 1617 nihilne

216 1653 281 1725 tibi
305 1657 404 1724 venit
430 1657 467 1725 in
497 1673 656 1728 mentem
686 1661 947 1730 existimationi.
970 1674 1040 1730 tuae
1065 1657 1278 1730 consulere?

214 1762 306 1834 nihil
319 1763 476 1862 denique
491 1770 601 1864 capiti
615 1793 655 1838 ac
669 1766 825 1841 fortunis
843 1776 916 1842 tuis
931 1769 1141 1867 providere?
1153 1772 1276 1858 Quum

214 1873 268 1942 tui
300 1876 456 1944 nominis
480 1889 597 1947 terror
623 1879 668 1946 in
696 1878 846 1951 auribus
866 1883 1069 1978 animisque
1094 1892 1276 1949 aratorum

213 1998 433 2073 versaretur,
457 2012 573 2084 quum
596 1986 786 2061 decumani
809 1991 1011 2063 aratoribus
1032 1990 1078 2061 ad
1094 1990 1277 2087 pactiones

212 2090 410 2180 faciendas,
434 2119 511 2165 non
542 2121 643 2166 suam
670 2102 762 2186 vim,
784 2099 848 2171 sed
873 2115 976 2172 tuum
1005 2098 1121 2172 scelus
1145 2121 1187 2169 ac
1210 2121 1274 2166 no,

213 2232 296 2280 men
331 2223 636 2307 opponerent¹⁰:
669 2214 813 2312 ecquod
844 2216 1020 2310 judicium
1052 2219 1175 2285 Romae
1203 2226 1275 2283 tam

212 2317 448 2400 dissolutum,
467 2335 542 2391 tam
561 2322 763 2420 perditum,
790 2340 861 2395 tam
885 2328 1127 2396 nummarium
1142 2334 1170 2381 ¹-¹
1196 2321 1274 2393 lore

210 2431 362 2524 putasti,
382 2455 457 2527 quo
471 2434 515 2502 eir
527 2431 666 2526 judicio
681 2448 716 2505 te
735 2434 805 2506 ulla
819 2434 919 2507 Salus
930 2447 959 2482 ¹²
975 2460 1114 2507 servare
1132 2433 1275 2534 posset?

210 2561 327 2639 quum
343 2537 490 2635 planum
505 2539 626 2630 fieret,
643 2541 804 2614 decumis
822 2561 947 2617 contra
960 2548 1143 2634 instituta,
1159 2545 1273 2641 leges,

210 2647 586 2747 consuetudinemque
616 2655 781 2724 omnium
813 2657 985 2745 venditis,
1017 2659 1054 2726 in
1090 2670 1273 2727 aratorum

210 2753 316 2829 bonis
343 2756 571 2857 fortunisque
599 2761 812 2860 diripiendis
839 2766 1060 2837 decumanos
1095 2764 1274 2835 dictitasse

210 2877 376 2939 tuasesse
388 2884 507 2968 partes
519 2868 561 2956 ¹³,
579 2885 678 2942 tuam
692 2899 788 2959 rem,
805 2890 905 2945 tuam
922 2873 1094 2972 praedam,
1112 2872 1223 2969 idque
1237 2886 1274 2942 te

211 2976 383 3065 tacuisse,
404 2993 457 3067 et,
480 3005 593 3077 quum
613 2982 836 3055 dissimulare
854 3009 930 3055 non
952 3008 1092 3083 posses,
1113 2985 1273 3079 potuisse

246 3205 270 3253 5.
281 3204 440 3270 Proeerspuum.
451 3207 587 3271 Proprium,
595 3211 641 3259 soli
648 3212 719 3259 Verri
802 3231 840 3262 ro.
853 3216 947 3267 Nomen
961 3223 1117 3278 opponerent,
1128 3214 1182 3260 Tuo
1194 3212 1271 3260 nemi·

208 3282 337 3346 Wullm
763 3309 793 3340 ue
805 3294 837 3341 ed
848 3294 974 3342 vexandos
987 3304 1093 3342 aratore·
1106 3293 1271 3340 abuterentur.

243 3363 268 3410 6.
278 3363 322 3410 Ad
330 3364 533 3427 persequendum.
544 3367 584 3414 Ad
593 3368 718 3417 vindicen-
800 3389 840 3422 11.
866 3373 1042 3421 Numerium.
1063 3373 1168 3421 Pecunia
1188 3388 1272 3419 corru-

208 3440 267 3489 dum
276 3442 344 3490 ietud
355 3443 525 3509 opprobrium.
559 3456 579 3505 ᾗ
761 3462 838 3516 ptum.
866 3453 905 3499 Sic
923 3453 1073 3500 nnummerii
1095 3451 1209 3513 judicer»
1227 3466 1273 3513 pro

243 3538 267 3582 7.
287 3522 336 3570 Sed
348 3522 502 3574 eemeieett'e.
524 3526 570 3574 Sed
594 3530 651 3592 qula
670 3528 715 3576 eibi
760 3530 856 3580 Cluent.

206 3599 258 3663 ipre
270 3601 361 3649 scelera
373 3617 415 3649 em
429 3602 577 3653 diedmulrre
595 3623 646 3655 nen
656 3624 715 3672 poe·
799 3611 924 3659 m.SaIus.
933 3611 1029 3659 Nomen
1036 3609 1272 3675 propriumetDeem

91 3661 101 3717 '·
205 3688 292 3736 eet‚et
304 3696 360 3728 vera
371 3680 417 3728 eibi
426 3683 503 3744 objici
512 3686 622 3735 emeeiue
634 3697 704 3735 esset.
761 3685 1273 3750 significaeffictmiaosuniouehutce

242 3757 267 3809 8.
291 3762 326 3807 Et
338 3762 554 3823 proeter'ceteres.
581 3766 641 3814 Htee
666 3784 717 3816 nen
762 3781 863 3814 censere
892 3767 970 3816 locate
994 3767 1059 3822 fuit,
1086 3780 1158 3826 quem
1188 3764 1273 3813 couenl

97 3824 108 3885 J
207 3839 369 3897 attonsum,
383 3841 681 3907 vimadduntepereem.
762 3845 991 3893 bellosmuitium
1016 3854 1133 3903 vorem,
1154 3854 1178 3889 et
1200 3859 1273 3907 quem

242 3917 404 3979 9.Proeterem
412 3921 717 3974 essesocium.8edeteuta
763 3935 846 3988 poete·
867 3924 972 3973 dictetur
997 3923 1129 3973 dedicavit.
1149 3923 1203 3973 Liv.
1221 3924 1275 3981 lx,

207 3997 311 4058 pecurda
326 4013 403 4060 peuce
419 3997 523 4057 lucrari,
538 4004 563 4048 lu
582 4002 626 4051 hac
639 4005 717 4053 serto·
762 4006 847 4062 cad,
862 4002 1253 4068 t.111‚p·g.110edit.uomae.

209 4092 262 4123 rum
280 4076 447 4142 redemptione
466 4081 547 4130 omnia
568 4083 600 4129 ad
619 4086 718 4132 Verrem
801 4085 840 4131 13.
854 4086 974 4132 namne
983 4084 1274 4146 partes.'l'uurneeeene·

209 4154 301 4204 socium
315 4168 339 4205 et
351 4160 489 4221 magistrum
502 4161 587 4212 redire.
764 4167 866 4225 getium
