3016 4774
425 408 696 481 EXGURSUS
725 394 877 480 XXIII.
1116 412 1189 485 605

116 534 207 616 1000,
224 522 483 622 spectemus.
508 511 1191 622 car',0t0.1nusrsuarna‚vsusnu‚

116 640 283 729 impressis
302 637 421 703 deinde
443 660 464 701 n
488 637 572 703 Rob.
599 637 781 726 Stephano,
804 640 882 703 item
904 661 924 703 a
949 640 1066 706 Carolo
1090 643 1189 710 finus

116 746 206 811 illius
216 794 227 829 ,
242 762 309 829 est,
322 777 336 803 ι
346 745 403 834 qui
419 746 453 809 in
469 767 511 810 eo
527 745 601 810 loco
612 761 707 810 esset.
724 745 823 811 Nunc
832 744 898 826 jam
909 767 1004 834 posse
1017 748 1189 817 concedis:

117 874 213 936 eum,
228 853 286 941 qui
301 850 482 942 possident,
497 873 597 941 negas
614 850 710 932 dejici
721 873 817 940 posse
828 882 852 917 ι.
868 853 936 918 Cur
950 850 1072 917 horum
1088 852 1189 920 libro-

116 983 194 1024 rum
216 959 393 1024 aliorumve
417 958 644 1023 auctoritatem
668 955 870 1047 repudiarint
891 958 1136 1026 Hortomannus
1159 977 1192 1026 et

115 1066 313 1148 Lambinus,
338 1089 407 1131 non
429 1063 526 1130 rideo
553 1087 561 1129 :
585 1063 676 1154 quod
700 1062 850 1129 videatur
872 1064 1042 1131 obscurius
1065 1065 1191 1133 dictura

116 1187 255 1261 propter
270 1181 374 1252 1111110
392 1200 406 1228 ι
416 1171 475 1259 qui
492 1170 527 1235 in
545 1192 585 1235 eo
597 1170 672 1236 1000
687 1185 808 1251 esset»,
821 1170 855 1234 in
872 1192 912 1234 eo
926 1170 1019 1236 facile
1034 1171 1192 1238 subaudi·

116 1299 194 1341 mus
216 1278 312 1343 toties
334 1279 473 1366 repetita
495 1278 611 1360 rerba,
638 1307 651 1333 ι
671 1275 761 1342 unde
786 1275 978 1357 dejiceretur
997 1307 1021 1343 ι.
1046 1278 1192 1363 Deinde,

116 1413 131 1439 κ
142 1405 233 1447 nunc
245 1383 312 1463 jam
322 1412 353 1465 s,
368 1405 429 1446 cur
447 1402 645 1470 quemquam
658 1380 828 1447 offendere
841 1380 979 1464 debeat,
989 1383 1080 1471 qraod
1091 1385 1192 1473 quin

118 1488 212 1575 quies
228 1487 393 1576 usurparit
407 1488 442 1551 in
459 1509 525 1550 una
540 1485 764 1575 Adelphorum
780 1509 877 1552 scena
891 1487 1086 1554 Terentius?
1099 1490 1192 1578 quod
1275 1519 1279 1530 ·

119 1594 268 1659 Donatus
283 1615 388 1682 quum
401 1592 555 1681 explieat,
572 1592 617 1656 ait
629 1591 715 1674 jam,
733 1592 991 1658 «incusationem
1008 1616 1078 1660 esse
1092 1595 1193 1661 tsrdi·

121 1699 194 1762 tatis
207 1730 219 1755 υ
234 1720 243 1763 z
257 1715 296 1764 ut
310 1699 373 1763 hac
391 1698 548 1787 particula
562 1697 644 1761 nihil
657 1697 707 1761 his
722 1697 867 1786 potuerit
884 1720 954 1764 esse
969 1700 1190 1770 commodius.

120 1804 253 1886 Cetera,
269 1805 398 1894 opinor,
414 1819 494 1868 sunt
508 1804 563 1868 hic
585 1803 770 1892 planissima
785 1804 906 1868 omnia.
919 1803 957 1870 P.
973 1807 1092 1873 Fusae.

103 1996 104 1999 Ἴ
166 1910 227 1974 llic
239 1910 331 1975 locus
349 1910 383 1974 in
402 1909 525 1975 Erfurt.
545 1911 659 1975 Franc.
671 1908 815 1974 editione
831 1910 953 1998 prima,
969 1927 1004 1976 et
1015 1911 1194 1982 Mediolan.

121 2016 168 2081 sic
183 2016 313 2107 legitur,
332 2033 390 2081 ·te
403 2016 470 2097 jam
487 2015 583 2096 dejici
604 2039 715 2106 posse,
735 2017 799 2080 nisi
813 2014 989 2082 indubium
1009 2016 1073 2105 (ed
1096 2020 1194 2107 prim.

121 2124 184 2185 nisi
198 2121 344 2209 dubium)
361 2144 431 2187 esse
449 2122 547 2186 etism
563 2143 658 2210 posse
674 2119 839 2185 concedis.
856 2121 940 2185 Eum
958 2121 1015 2209 qui
1026 2144 1094 2187 non
1114 2146 1193 2211 pos·

122 2229 242 2311 sidens,
259 2253 357 2320 negas
370 2229 464 2311 dejici
484 2252 611 2319 posse».
626 2229 781 2317 Suspicor
796 2229 988 2293 Ciceronem
1007 2228 1194 2318 scripsisse:

123 2366 136 2391 ι
148 2335 247 2418 Quod
263 2337 402 2426 negabas
418 2359 617 2425 quemquam
632 2334 726 2416 dejici
738 2357 850 2423 posse,
866 2335 929 2399 nisi
945 2334 1050 2423 quiin
1064 2358 1105 2400 eo
1121 2336 1194 2402 loco

123 2440 238 2524 fuerit,
256 2440 290 2506 id
305 2439 481 2505 indubium
495 2463 582 2523 esse,
600 2462 690 2505 nunc
706 2440 804 2506 etiarn
819 2462 915 2529 posse
929 2439 1091 2508 concedis.
1105 2441 1191 2520 Eurn

11 2639 14 2645 Ι
125 2547 180 2634 qui
195 2569 262 2611 nou
279 2545 454 2636 possideat,
471 2569 568 2637 negas
583 2545 679 2628 dejici
691 2568 787 2635 pom
797 2576 820 2612 .‚
837 2545 947 2612 Gm

131 2726 312 2749 mm
590 2728 1190 2752 ΜΜΜΜΜΜἊΜΜΜ

289 2906 748 3063 excursus
795 2810 1024 3027 xxrr

207 3130 271 3199 AD
292 3128 569 3200 ORATIONEM
591 3129 681 3199 PRO
706 3127 905 3210 CAECINA,
931 3126 1029 3198 CAP.
1051 3124 1109 3198 32.

538 3292 780 3320 *-

174 3395 370 3459 Caesennium
382 3391 553 3481 possedisse
564 3405 695 3481 propter
714 3389 961 3480 usumfructum,
976 3407 1038 3457 eto.
1049 3386 1138 3476 ¹Quis
1156 3397 1191 3461 in

133 3498 198 3579 jure
210 3498 294 3564 cirili
313 3520 396 3563 rom.
414 3496 628 3562 'mediocriter
651 3513 812 3577 versatus,
831 3519 898 3563 nou
918 3494 1019 3579 ridet,
1033 3496 1125 3563 hunc
1140 3500 1191 3565 lo-

135 3627 204 3669 cum
219 3626 288 3670 esse
303 3602 519 3686 mendosum,
536 3625 644 3692 neque
666 3602 806 3673 dubium
826 3625 914 3684 esse,
935 3602 1034 3691 quin,
1058 3620 1193 3672 mortuo

138 3710 383 3790 usufructuario,
398 3709 551 3798 quirem,
567 3708 661 3788 cujus
674 3708 815 3773 habebat
828 3710 1089 3791 usumfructum,
1099 3709 1194 3776 rivus

22 3876 25 3885 ,
138 3817 304 3898 locaverat,
319 3815 413 3878 heres
425 3812 594 3878 fructuarii
608 3812 781 3893 nibiljuris
793 3812 827 3876 in
844 3835 882 3877 es
896 3834 932 3876 re
943 3811 1076 3895 hebeat,
1087 3832 1193 3902 quum

141 3921 177 3987 ad
192 3920 372 4004 dominum,
387 3943 447 3985 seu
465 3919 516 4008 (ut
531 3918 704 4007 appellant)
718 3919 986 4007 proprietarium,
1004 3921 1195 3987 reverterit?

142 4029 216 4093 Nam
230 4029 317 4117 quod
331 4027 463 4117 quidam
477 4025 610 4109 dicunt,
627 4048 731 4091 causas
744 4026 878 4091 servisse
886 4026 1075 4091 Ciceronem
1087 4049 1096 4091 1
1113 4026 1194 4116 quid

145 4135 240 4201 minus
254 4133 425 4218 credibile,
446 4156 545 4223 quam
568 4134 613 4197 ita
630 4154 734 4197 csusae
753 4132 908 4213 servisse,
928 4148 966 4195 ut
979 4131 1195 4219 impudentis·
