3186 4772
302 363 374 439 311
647 361 1028 435 ARGUMENTUM.

339 504 446 567 parum
458 458 593 563 1111111111
607 495 686 543 amat
702 496 798 543 autem
811 483 911 563 priora
923 484 1049 557 idcirco,
1064 481 1145 563 qnod
1157 480 1321 566 incompta,
1336 499 1368 548 et
1416 520 1420 527 ·

341 583 454 656 brevis,
462 594 494 642 et
502 600 562 641 nou
573 600 715 661 operosa,
726 582 777 641 sed
788 582 885 642 neura
897 584 1022 661 quadam
1036 581 1177 641 maritate
1188 596 1266 656 sunt,
1275 584 1373 662 qnod,

338 700 398 759 que
411 680 442 738 in
454 679 500 738 bis
510 677 614 737 umbra
622 691 655 736 et
669 680 751 737 color
761 679 844 756 quasi
856 696 955 756 opacae
968 678 1116 737 vetustatis
1128 691 1172 736 cst
1183 700 1191 736 :
1204 679 1248 753 is,
1260 679 1369 758 siquid

337 776 441 857 judicii
450 774 554 849 babet,
566 774 732 835 consideret
744 775 775 834 in
787 794 874 833 causa
886 776 951 853 pari
961 779 1005 834 Μ.
1013 775 1145 848 (1111111,
1159 774 1284 835 hominis
1295 778 1369 836 anti·

341 873 470 953 quioris,
483 872 665 932 orationem:
681 870 718 929 ad
730 871 811 949 cujru
824 873 883 931 rim
894 885 926 931 et
938 871 1051 950 copiam
1065 871 1213 930 Gracchus
1224 893 1279 931 nec
1293 874 1368 953 aspi·

340 971 415 1029 ravit
426 992 433 1028 :
445 969 599 1048 intelliget,
617 967 738 1046 opinor,
761 972 899 1028 0111111111
916 981 1084 1027 contentum
1098 968 1263 1045 eloquentia
1277 969 1369 1028 aetatis

339 1087 399 1127 sua
407 1087 467 1125 non
477 1067 580 1138 luissc3
592 1077 623 1124 et
635 1063 733 1142 idjam
744 1076 805 1124 tum
812 1064 906 1124 lacere
914 1065 1050 1139 voluisse,
1061 1064 1140 1143 quod
1155 1065 1257 1124 Cicem
1267 1079 1368 1144 postea

339 1163 471 1244 perfecit.
484 1167 519 1220 In
534 1180 570 1219 co
583 1180 708 1239 namque
721 1159 814 1234 libro,
828 1161 880 1238 qui
893 1164 930 1217 de
930 1160 1019 1235 salsr's
1025 1163 1132 1238 pugnis
1142 1161 1295 1240 inscriptus
1305 1174 1366 1230 est,

340 1260 382 1319 ita
393 1257 430 1317 de
444 1264 481 1332 Q.
496 1257 625 1316 Thermo
645 1268 820 1335 conquestus
838 1270 882 1315 est
898 1277 906 1314 ε
924 1256 1028 1316 «Dixit
1043 1277 1061 1315 a
1076 1256 1245 1317 decemviris
1264 1276 1369 1336 parum

339 1354 396 1415 sibi
410 1354 485 1414 bene
500 1353 610 1414 cibaria
626 1367 726 1414 curata
745 1373 807 1412 esse
826 1375 833 1411 :
852 1352 937 1431 jussit
951 1352 1121 1413 vestimenta
1139 1354 1266 1424 detrahi,
1281 1367 1368 1432 atque

339 1454 431 1532 flagro
447 1451 539 1511 caedi:
560 1450 741 1510 decemuiros
763 1450 906 1510 Bruttiani
929 1449 1144 1509 verberarere:
1168 1449 1268 1510 ridere
1286 1450 1370 1509 multi

263 1600 269 1609 .
340 1547 487 1607 mortales.
497 1547 571 1620 Quis
581 1546 658 1605 hanc
668 1546 1285 1625 coutumeliam‚quishocimperium‚quis
1294 1546 1370 1606 hanc

340 1645 509 1705 servitutem
530 1643 606 1703 ferre
627 1647 739 1723 potest?
755 1663 841 1703 nemo
861 1643 918 1702 hoc
932 1663 984 1702 rex
1004 1662 1092 1701 ausus
1106 1655 1150 1701 est
1168 1643 1284 1702 lacere:
1298 1663 1371 1704 eane

340 1742 404 1800 11111
417 1739 503 1799 bonis
517 1740 598 1799 bono
611 1760 717 1819 genere
733 1741 827 1818 gnatis
839 1738 912 1798 boni
926 1738 1091 1798 consulitis?
1103 1737 1155 1797 ubi
1165 1740 1308 1799 societas?
1319 1739 1370 1801 ubi

340 1838 412 1896 fides
425 1837 589 1915 majorum?
604 1837 754 1915 insignitas
767 1836 904 1915 injurias,
915 1836 1025 1914 plagas,
1038 1834 1170 1909 verbera,
1183 1834 1309 1909 vibices,
1319 1856 1370 1896 eos

337 1933 455 1994 dolores
469 1947 556 2011 atque
570 1933 767 2002 carnificinas,
782 1951 836 2010 per
850 1930 977 1990 dedecus
991 1946 1078 2010 atque
1096 1932 1250 1991 maximam
1269 1949 1370 1993 contu·

340 2032 473 2103 melium,
490 2028 717 2107 inspectantibus
731 2026 922 2106 popularibus
942 2026 1001 2086 suis
1021 2040 1107 2106 atquc
1127 2029 1223 2086 multis
1243 2029 1369 2087 mortali·

339 2127 413 2199 bus,
433 2140 461 2186 te
474 2126 568 2186 facere
582 2145 683 2184 ausum
697 2128 781 2184 esse?
794 2123 845 2183 sed
861 2137 1002 2202 quantum
1018 2125 1147 2197 luctum,
1163 2137 1368 2215 1111111111-

339 2225 458 2297 mitum,
472 2223 543 2303 quid
555 2223 757 2299 lacrymarum,
767 2234 909 2298 quantum
922 2220 1022 2279 fletum
1036 2222 1143 2280 factum
1154 2221 1271 2280 audivi?
1285 2221 1369 2283 Servi

339 2321 459 2400 injurias
470 2320 554 2378 nimis
569 2339 644 2398 aegre
656 2319 760 2377 ferunt
774 2316 854 2391 Quid
863 2317 928 2375 illos
938 2316 1019 2376 bono
1028 2338 1134 2397 genere
1146 2330 1257 2395 gnatos,
1267 2338 1370 2397 magna

340 2416 448 2474 virtute
458 2415 612 2492 praeditos,
624 2413 784 2492 opinamini
794 2412 883 2471 animi
891 2410 1026 2473 habuisse
1038 2426 1125 2492 atque
1138 2413 1290 2473 habituros
1300 2414 1370 2475 dum

340 2510 496 2568 viverent?
507 2534 520 2561 »
679 2504 683 2517 '
707 2498 713 2507 ’
953 2564 959 2574 .

380 2604 468 2678 Quod
492 2609 564 2666 Cato
582 2601 672 2676 dixit,
695 2608 844 2666 Bruttiani
856 2607 1060 2668 uerberaoere:
1075 2629 1112 2668 11
1128 2607 1179 2687 qui
1197 2609 1317 2667 sortasse
1330 2608 1369 2666 de

338 2703 498 2759 Bruttianis
511 2701 642 2779 requirat
660 2725 668 2761 1
685 2703 715 2762 id
735 2704 883 2783 significat.
904 2711 1002 2779 Quum
1021 2704 1165 2765 Hannibal
1179 2709 1283 2763 Poenus
1301 2724 1369 2763 cum

341 2799 470 2859 exercitu
483 2799 609 2859 initalia
620 2813 708 2872 esset,
720 2812 750 2857 11
768 2801 880 2878 aliquot
897 2822 1009 2880 pugnas
1025 2804 1152 2880 populus
1169 2821 1305 2860 romanus
1319 2800 1370 2859 ad·

338 2914 437 2954 versas
454 2895 658 2973 pugnavisset3
682 2895 769 2973 primi
790 2896 878 2955 totius
894 2896 985 2955 ltalia
999 2901 1108 2955 Bruttii
1123 2897 1159 2956 ad
1176 2896 1369 2956 Hannibalem

339 2990 533 3051 desciverunt.
554 2991 589 3050 Id
610 2993 735 3051 Romani
755 3011 830 3071 aegre
842 2994 935 3071 passi,
952 3007 1107 3072 postquam
1122 2993 1267 3052 Hannibal
1288 2994 1370 3053 ltalia

339 3086 481 3160 decessit,
494 3087 680 3166 superatique
691 3090 773 3148 Poeni
786 3102 854 3148 sunt
865 3133 874 3161 ‚
887 3094 1014 3149 Bruttios
1029 3091 1194 3169 ignominiae
1207 3111 1295 3150 causa
1310 3110 1370 3148 non

339 3183 445 3240 milites
462 3182 646 3255 scribebant,
666 3205 720 3243 nec
736 3205 791 3264 pro
807 3186 892 3245 sociis
912 3187 1076 3259 habebam
1090 3187 1141 3247 sed
1156 3187 1369 3266 magistratibus
1458 3241 1463 3247 .

340 3279 370 3336 iu
382 3278 546 3358 provincias
555 3278 691 3339 euntibus
702 3301 804 3360 parere
813 3296 844 3342 et
852 3285 1092 3362 praeministrare,
1104 3305 1256 3343 servorum
1268 3285 1369 3351 vicem,
1452 3328 1457 3335 .

336 3374 496 3452 jusserunt.
517 3380 618 3453 Itaque
629 3376 661 3434 hi
673 3377 869 3455 sequebantur
884 3383 1081 3460 magistratus,
1098 3395 1244 3459 tamquam
1261 3382 1290 3439 in
1304 3399 1369 3437 sce·

338 3471 411 3530 uicis
428 3470 532 3531 sabulis
549 3472 601 3549 qui
614 3471 785 3533 dicebantur
796 3478 912 3547 amrin
924 3489 970 3549 et,
983 3495 1057 3553 quos
1071 3491 1154 3535 erant
1165 3478 1249 3555 jussi,
1264 3475 1369 3535 vincie·

338 3567 426 3639 bant,
441 3577 491 3626 aut
502 3565 708 3626 verberabant.
720 3570 807 3642 Quod
821 3583 918 3630 autem
928 3590 963 3628 ex
979 3571 1098 3629 Bruttiis
1114 3585 1214 3646 erant,
1232 3570 1369 3652 appellati

340 3678 409 3726 suut
424 3666 581 3724 emanat
601 3668 686 3726 Noct.
703 3670 821 3740 Atax,
838 3669 867 3727 3.

690 3839 985 3921 SYNOPSIS.

298 3992 367 4045 Post
377 3989 530 4050 exordium
547 3991 627 4070 quod
641 3992 674 4050 fit
686 4011 740 4070 per
751 3990 974 4050 insinuationem
987 4006 1017 4052 11
1030 4004 1123 4053 totum
1136 4007 1246 4055 constat
1256 3993 1366 4061 1111111,

338 4100 395 4159 qua
412 4083 503 4142 utitur
515 4100 634 4158 orator,
654 4099 685 4145 et
705 4084 742 4144 ad
756 4084 892 4147 fiduciam
906 4108 966 4149 suae
984 4108 1077 4150 causa
1097 4090 1321 4169 ostendendam,
1338 4103 1369 4151 et
