3116 4774
366 444 559 516 orario
584 448 682 515 eno
707 450 747 516 a
773 446 985 518 officina.
1132 453 1205 546 499

144 583 218 640 tem
230 566 423 666 repulerit,
439 590 515 636 non
534 570 701 662 cogatur?
714 568 862 658 Videte,
876 593 943 667 per
956 569 1044 641 deos
1057 573 1202 643 immor-

143 675 250 749 tales!
275 675 374 774 quod
397 676 457 771 jus
481 674 606 761 nobis,
627 701 735 775 quam
758 678 1002 751 conditionem
1027 679 1204 753 vobismet

144 790 231 885 ipsis
239 783 266 873 ⁵,
289 806 399 883 quam
418 784 577 883 denique
596 789 730 858 civitati
747 786 887 885 legem⁰
906 790 1124 860 constituere
1143 814 1202 861 ve·

143 897 225 968 litis.
254 897 412 992 Hujusce
439 899 580 993 generis
606 921 679 968 una
707 913 759 969 est
786 900 879 969 actio
905 921 971 994 per
999 897 1070 969 hoc
1094 901 1205 969 inter·

143 1005 300 1094 dictum,
322 1030 398 1104 quo
419 1030 487 1076 nos
513 1008 568 1076 usi
596 1031 737 1096 sumus,
763 1010 968 1078 constituta.
995 1010 1044 1077 Ea
1064 1008 1094 1077 si
1114 1006 1205 1078 nihil

141 1116 255 1203 valet,
280 1132 342 1187 aut
362 1118 391 1187 si
409 1115 453 1186 ad
476 1114 570 1185 hanc
587 1140 664 1186 rem
682 1141 757 1187 non
779 1118 954 1214 pertinet;
976 1114 1066 1214 quid
1090 1110 1214 1214 negli·'

142 1230 305 1322 gentius,
328 1241 390 1297 aut
412 1224 501 1323 quid
521 1225 665 1313 stultius
683 1225 876 1322 majoribus
898 1230 1030 1295 nostris
1049 1224 1119 1297 dici
1137 1251 1205 1323 po·

142 1350 231 1419 test,
250 1338 315 1434 qui
334 1350 396 1406 aut
413 1348 520 1405 tantae
541 1338 593 1406 rei
616 1339 908 1432 praetenuiserint
925 1339 1124 1422 actionem,
1143 1350 1205 1406 aut

142 1469 222 1515 cam
239 1445 513 1529 constituerint,
536 1467 615 1539 quae
634 1468 864 1541 nequaquam
883 1445 966 1515 satis
983 1441 1103 1515 verbis
1119 1468 1202 1515 cau·

142 1577 218 1622 sam
247 1567 284 1623 'et
306 1553 482 1622 rationem
508 1552 599 1645 juris
627 1552 930 1648 amplecteretur?
958 1552 1203 1624 Periculosum

143 1676 198 1733 est
224 1662 372 1733 dissolvi
400 1660 471 1732 hoc
495 1660 772 1749 interdictum73
793 1676 849 1734 est
866 1664 1067 1760 captiosum
1090 1665 1206 1732 omni·

141 1766 248 1856 bus⁸‚
266 1795 342 1841 rem
359 1768 469 1839 ullam
493 1771 666 1840 constitui
684 1769 880 1865 ejusmodi,
897 1793 997 1865 quac,
1018 1795 1133 1866 quum
1147 1796 1203 1841 ar·
1274 1831 1281 1846 .

142 1882 210 1950 mis
231 1893 329 1978 gestu
349 1880 415 1966 sit,
436 1876 592 1950 rescindi
607 1878 689 1972 jure
707 1903 782 1949 non
802 1880 923 1976 possit.
945 1883 1204 1950 Verumtamen

36 1984 48 1999 ”
143 2000 197 2061 est
217 1989 465 2086 turpissimum
484 1987 592 2076 illud,
610 2000 716 2058 tantae
729 1988 888 2059 stultitiae
906 1988 1203 2085 prudentissimos

145 2097 311 2168 homines
332 2095 586 2183 condemnari,
604 2111 646 2167 ut
662 2120 726 2167 vos
741 2097 928 2189 judicetis,
950 2097 1060 2192 hujus
1077 2097 1129 2167 rei
1151 2112 1205 2168 at-

15 2200 47 2299 1⁴
142 2231 214 2305 que
236 2208 410 2279 actionis⁹
432 2209 469 2277 in
497 2221 655 2278 mentem
679 2206 877 2300 majoribus
900 2209 1032 2277 nostris
1050 2231 1124 2277 non
1145 2231 1205 2277 ve-

143 2317 250 2388 nisse.

192 2430 418 2518 Queramur‚
449 2428 607 2522 inquit,·
623 2426 725 2514 licet3
757 2438 878 2496 tamen
909 2424 980 2495 hoc
1011 2425 1202 2497 interdicto

143 2534 307 2607 AEbutius
326 2558 403 2605 non
426 2546 581 2604 tenetur.
603 2532 702 2629 Quid
720 2536 790 2605 ital
812 2530 921 2623 Quod
939 2533 993 2603 vis
1011 2536 1202 2605 Caecinae¹⁰

45 2650 53 2659 “
143 2642 235 2715 facta
248 2668 323 2715 non
340 2655 405 2715 est.
425 2644 505 2714 Dici
521 2645 560 2712 in
575 2642 643 2714 hac
657 2666 760 2715 causa
778 2656 918 2741 potest,
931 2642 996 2714 ubi
1013 2668 1111 2714 arma
1126 2643 1201 2716 fue-

31 2798 52 2849 ⁴.
142 2754 233 2839 rint,
247 2753 313 2825 ubi
331 2766 453 2824 coacta
471 2752 662 2824 hominum
676 2752 889 2839 multitudo,
907 2750 972 2821 ubi
986 2753 1152 2824 instructi
1165 2768 1201 2825 et

74 2968 78 2975 '
179 2962 205 3011 5.
233 2960 312 3023 Quam
336 2959 499 3008 conditionem
530 2960 652 3010 vobismet
729 2976 756 3023 α.
769 2959 933 3009 Periculosum
945 2968 981 3028 eet
994 2956 1094 3006 da'tsolve'
1106 2957 1200 3007 Ιιοοὺι-

103 3100 106 3105 ,
144 3039 387 3106 ipsis.Qnibuthaec‚
401 3039 484 3087 itidem
494 3040 649 3099 ntCaecinae,
694 3040 829 3089 terdrctum.
842 3037 917 3101 Quod
930 3037 995 3085 bom
1011 3049 1036 3087 et
1050 3040 1154 3089 fortunae
1168 3040 1199 3087 ad

144 3136 190 3167 nen
202 3119 285 3165 venire
299 3127 406 3181 possunt.
421 3118 504 3166 Horu.
515 3118 597 3164 —Ex
608 3118 649 3165 tit.
693 3119 813 3166 incertum
831 3115 1013 3166 revocabantur.
1026 3117 1144 3179 Dissolvi,
1163 3131 1200 3167 ert

144 3215 178 3257 n,
197 3196 288 3255 nnn,
309 3196 339 3243 D.
351 3196 424 3259 Quod
437 3195 538 3261 quisque
544 3212 608 3261 Juns
624 3196 650 3243 iu
694 3194 813 3254 convelli,
826 3211 878 3243 non
890 3194 955 3243 nudo
966 3192 1088 3244 infirmari.
1099 3199 1198 3247 Proser.

75 3294 95 3339 j
116 3277 245 3324 ”alterum
261 3273 361 3331 statius,
382 3285 410 3322 ut
428 3275 481 3338 lpse
499 3273 581 3322 ecdem
595 3272 652 3338 jure
731 3277 756 3323 8.
772 3273 911 3340 Capticsum
924 3286 960 3322 est
973 3275 1090 3324 omuibus.
1109 3276 1199 3325 Omnes

89 3340 93 3347 ¹
144 3366 234 3403 utatur.
243 3356 362 3402 Praeterea
373 3367 458 3401 omnes
470 3353 610 3417 confugient
620 3352 654 3405 nd
694 3354 720 3401 in
730 3353 840 3402 fraudem
850 3353 965 3418 impellet.
980 3352 1070 3419 capere
1085 3371 1147 3421 etepe
1162 3367 1198 3404 eet

131 3431 220 3494 ἰτωι,
232 3444 261 3482 ut
272 3432 437 3498 possessionen
452 3431 568 3479 adimant.
582 3432 649 3485 Pare.
695 3428 805 3497 decipere
820 3443 867 3481 :nt
879 3431 960 3497 captio
973 3443 999 3480 et
1011 3431 1138 3497 captiosus.
1159 3435 1198 3482 Sic

178 3512 202 3560 6.
219 3515 300 3578 Quam
321 3510 427 3574 denique
450 3509 546 3559 civitati
564 3498 652 3575 legemss
693 3508 721 3558 in
737 3512 830 3560 Bruto:
852 3511 1014 3576 «captiosum
1036 3522 1071 3560 cet
1089 3512 1199 3576 populo,

143 3592 196 3641 Lib.
205 3595 247 3655 Π,
261 3589 409 3641 Cornificius
422 3590 454 3639 cd
468 3591 575 3639 licrenn.
590 3584 651 3638 «Joe'
695 3590 763 3653 qnod
773 3590 890 3654 scriptum
900 3590 932 3638 tit
941 3590 1044 3655 negligi,
1058 3591 1200 3655 opinionem

143 3682 237 3720 constet
255 3683 356 3730 nutura,
374 3669 444 3733 lego,
461 3669 651 3729 consuetudine,
696 3669 771 3732 quaeri
786 3668 924 3717 volontatis.

142 3750 264 3812 judicato,
284 3765 356 3815 aeqno
374 3747 651 3811 bono,pacto-.1bid.
731 3762 755 3810 p
769 3745 836 3806 Alii,
859 3748 908 3797 «h.
922 3764 943 3795 r.
956 3745 1112 3795 interdictum
1128 3756 1201 3810 nque

144 3827 304 3877 uindicatum
326 3836 364 3877 eet
382 3827 409 3875 id
428 3824 521 3889 dequo
534 3827 651 3874 sententis
695 3825 845 3875 actionem».

143 3905 209 3967 tau,
227 3917 269 3955 ant
294 3905 418 3955 decretum
442 3904 612 3969 interpositum
629 3925 650 3953 a.
734 3919 773 3952 ro.
787 3902 913 3968 Quodvis
926 3900 1041 3959 cactnae,
1058 3911 1105 3951 etc.
1121 3901 1201 3950 Verba

146 3987 210 4049 Ergo
230 3984 272 4034 hic
293 3984 333 4033 lex
352 4001 399 4051 pro
422 4001 448 4032 re
470 3985 586 4046 judicata.
604 3985 652 4031 Pro
696 3977 754 4030 aurit
764 3981 856 4030 AEbutii
865 3980 1041 4047 respondentis.
1050 3980 1114 4044 Quia
1123 3992 1204 4031 numm

145 4063 232 4112 Sulla:
260 4065 362 4112 estates
389 4063 528 4129 reipublicae
551 4062 654 4110 maxime
698 4060 999 4127 repoeni,ad1nonitnea
1018 4058 1204 4109 eodtcemann-

144 4138 340 4206 judicutlrrebor
353 4142 518 4191 continetur..
527 4143 596 4191 Piis.
699 4142 807 4205 scripto,
819 4140 846 4188 in
864 4156 915 4205 qno
933 4150 969 4189 eet
988 4136 1056 4204 quid.
1070 4141 1152 4190 Lan.
1170 4164 1205 4178 -

1029 4223 1085 4294 32.
