3200 4768
351 424 426 522 ‘¹96
750 405 1020 497 suuorms„

394 548 451 607 reis
469 559 499 605 et
513 545 662 624 gemmeis,
676 544 707 602 in
723 545 824 621 primis
840 544 1018 604 candelabro
1040 544 1237 623 pulcherrimo
1256 565 1273 604 e
1293 550 1411 625 gemmis

394 641 556 703 clarissimis
576 660 666 721 opere
689 639 814 699 muabili
832 642 978 720 perlecto,
996 640 1075 717 quod
1095 641 1126 698 in
1144 640 1289 720 Capitolio
1304 662 1412 721 ponen-

393 741 463 800 dum
473 738 631 797 Antiochus
641 738 789 808 attulerat,
801 739 956 817 spoliavit,
968 740 1069 811 27-31.

431 835 570 915 sequitur
596 832 634 892 de
652 835 754 894 Dianae
774 838 936 911 Segestanae
962 847 1055 894 statua
1078 854 1165 912 quam
1192 835 1269 893 idem
1296 838 1409 895 antefe-

392 933 514 995 rendam
529 930 660 1002 curavit,
678 931 873 1011 pulcherrima
881 944 912 989 et
926 930 1051 989 mirabili
1064 931 1206 990 suavitate
1218 930 1334 992 condita
1345 953 1412 992 ora·

394 1034 452 1103 tio,
474 1029 576 1088 32-38.
590 1032 657 1087 Nou
671 1029 787 1089 minora
803 1047 872 1087 sane
891 1029 928 1085 de
947 1028 982 1085 iis
1000 1026 1283 1106 predicandum,
1305 1028 1412 1106 quibus

393 1137 549 1187 narramur
563 1143 628 1201 quae
638 1122 855 1200 Tyndaritanis,
871 1126 963 1200 39-42
973 1124 1199 1202 ‚Agrigentinis,
1220 1125 1257 1193 43
1270 1144 1330 1202 seq.
1349 1129 1412 1183 En-

392 1223 506 1303 guinis,
521 1228 569 1293 44,
582 1219 798 1288 Catinensibus,
813 1220 861 1293 45,
874 1219 1089 1292 Melitensibus,
1102 1221 1149 1291 46,
1162 1229 1210 1293 47,
1220 1219 1413 1292 mensibus,

394 1319 493 1390 aii-51,
502 1317 702 1394 Syracusanis,
716 1316 820 1392 52-59,
831 1315 988 1375 abstulerit
1003 1315 1116 1390 Quibus
1129 1317 1161 1375 in
1177 1318 1261 1376 sortis
1273 1318 1414 1396 signifieat

378 1414 572 1475 'acerbiorem
586 1413 673 1472 foisse
687 1410 851 1471 civitatibus
863 1413 962 1477 falsam
974 1412 1059 1471 istam
1074 1426 1104 1470 et
1116 1413 1279 1472 simulatam
1294 1414 1415 1493 emptio·

394 1531 480 1580 nem,
494 1528 583 1587 quatu
597 1508 623 1567 si
637 1509 733 1567 omnia
748 1520 799 1566 aut
813 1508 965 1586 eripuisset
977 1509 1091 1587 palam,
1104 1522 1155 1567 aut
1169 1510 1244 1568 elam
1256 1511 1412 1590 surripuis-

393 1621 455 1678 set,
467 1606 516 1665 do.

422 1708 470 1787 ,ln
490 1716 618 1764 extrema
641 1703 772 1762 oratione
794 1715 930 1761 uammr
948 1706 1163 1780 Syracusanos,
1182 1705 1236 1763 etsi
1254 1704 1371 1765 clientes
1384 1718 1413 1765 et

393 1804 478 1861 amici
489 1804 588 1861 Verris
602 1798 695 1859 habiti
707 1800 779 1872 siut,
792 1799 952 1857 honorilice
962 1800 1127 1859 Ciceronem
1143 1814 1339 1861 accusatorem
1352 1803 1414 1881 ejus

393 1900 556 1979 excepisse,
578 1895 774 1957 laudationem
793 1896 879 1954 Verri
896 1896 1058 1970 decretum,
1081 1911 1110 1956 et
1120 1902 1246 1972 Verrea,
1272 1900 1377 1957 fesmm
1396 1919 1415 1958 a

392 2003 485 2057 Verre
501 1993 724 2054 Marcelleorum
736 1991 802 2081 lurp
815 1990 976 2049 institutum
988 2034 997 2060 ,
1010 1993 1173 2063 sustulisse,
1185 1996 1232 2066 67.
1244 1998 1288 2052 Ex
1300 1994 1415 2054 duabus

393 2095 482 2173 igitur
497 2110 568 2170 quas
583 2090 657 2148 adeo
663 2089 753 2167 jactat
761 2093 881 2160 Verres,
894 2088 1123 2162 laudationibus,
1137 2091 1227 2149 alteru
1242 2090 1359 2149 decreto
1369 2104 1415 2151 ert

389 2190 520 2262 sublata;
536 2189 670 2261 alteram,
681 2207 746 2264 quoe
758 2197 862 2254 restat,
876 2185 987 2243 ironice
1001 2187 1088 2245 certis
1102 2185 1317 2246 conditionibus
1327 2189 1413 2248 Verri

392 2285 534 2346 concedit.
609 2316 613 2325 ·

434 2380 552 2442 Nullum
572 2381 603 2439 in
618 2381 676 2439 line
689 2378 837 2458 epilogum
857 2375 947 2437 habet
959 2379 1067 2452 oratio,
1079 2398 1146 2439 cum
1164 2382 1297 2458 sequenti
1310 2399 1413 2458 nempe

392 2477 557 2553 conjuncta.
859 2506 864 2521 =
