3200 4768
307 394 377 471 236
623 400 674 467 Μ.
695 400 734 471 Τ.
761 401 1040 476 CICERONIS

306 519 389 591 velli
414 520 576 590 claustra.
604 518 702 610 Quid
723 525 818 591 enim
842 527 1002 620 putatis?
1022 538 1150 597 scutati
1174 525 1368 621 siquando

306 632 612 725 conquiruntura
634 630 781 725 privatis
805 632 843 702 in
867 632 965 705 bello
987 659 1028 706 ac
1049 635 1228 720 tumultu,
1250 649 1368 705 tamen

307 741 470 811 homines
488 739 591 811 inviti
609 738 715 826 dant,
736 743 800 812 etsi
813 742 859 835 ad
875 744 1026 815 salutem
1045 768 1277 815 communem
1294 743 1371 814 dari

307 851 468 922 sentiunt
483 876 490 918 r
504 874 549 920 ne
567 873 677 946 quem
692 853 825 947 putetis
841 854 918 923 sine
935 859 1092 925 maximo
1107 853 1232 938 dolore
1245 878 1371 950 argen-

305 975 384 1031 tum
407 959 565 1033 caelatum
585 958 713 1047 domo,
735 961 834 1057 qnod
861 962 952 1032 alter
972 965 1146 1061 eriperet,
1167 961 1370 1059 protulisse.

306 1073 435 1141 Omnia
453 1067 667 1139 deferuntur
681 1095 688 1137 ε
704 1069 877 1165 Cibyratae
900 1070 1026 1142 fratres
1044 1084 1219 1141 vocantur
1233 1095 1240 1137 :
1256 1093 1370 1166 pauca

307 1177 621 1278 improbant3quae
632 1177 1033 1276 probarent,iiscrustae
1045 1192 1074 1224 ¹⁰
1084 1194 1146 1250 aut
1155 1177 1370 1249 emblemata

307 1288 557 1362 detrahuntur.
584 1289 641 1360 Sic
665 1291 869 1377 Haluntini,
889 1293 1047 1361 excussis
1063 1300 1091 1332 ¹¹
1111 1288 1266 1376 deliciis,
1285 1312 1368 1358 cum

305 1414 455 1497 argento
473 1423 566 1496 puro
583 1399 732 1469 domum
750 1414 985 1472 reverterunt.

356 1513 484 1580 XXIV.
504 1507 612 1599 Quod
629 1535 824 1606 umquam,
838 1510 995 1604 judices,
1009 1506 1218 1605 hujusmodi
1237 1508 1369 1579 everri·

308 1619 452 1690 culum1
479 1620 517 1688 in
542 1619 602 1689 illa
627 1621 809 1717 provincia
840 1618 935 1691 fuit?
964 1624 1136 1691 Avertere
1163 1616 1299 1716 aliquid
1326 1616 1372 1686 de

309 1726 455 1825 publico
484 1753 593 1824 quam
622 1728 875 1801 obscurissime
900 1754 966 1827 per
990 1733 1256 1827 magistratum²
1278 1727 1371 1813 sole-

310 1836 416 1923 bant,
438 1840 544 1909 etiam
566 1838 701 1934 aliquid
716 1838 761 1909 de
778 1843 917 1936 privato
937 1863 1215 1935 nonnumquam
1232 1837 1372 1908 occulte

307 1945 539 2034 auferebant3
560 1961 594 2017 et
605 1948 654 2017 illi
667 1963 788 2021 tamen
798 1948 1143 2020 condemnabantur.
1155 1953 1218 2033 Et,
1233 1950 1262 2016 si
1276 1972 1372 2043 quae-

307 2059 403 2147 ritis,
423 2072 462 2126 ut
477 2058 554 2155 ipse
576 2054 621 2127 de
643 2056 942 2142 me.detraham³,
963 2058 1044 2130 illos
1063 2082 1130 2154 ego
1149 2069 1372 2126 accusatores

310 2183 400 2264 puto
417 2165 544 2253 fuisse,
555 2169 619 2265 qui
633 2168 842 2263 hujusmodi
857 2169 1048 2240 hominum
1059 2167 1152 2239 furta
1166 2166 1297 2252 odore,
1311 2178 1373 2235 aut

309 2277 430 2373 aliquo
443 2276 568 2348 leviter
581 2298 704 2374 presso
715 2280 863 2375 vestigio
875 2278 1195 2377 persequebantur.
1202 2279 1295 2348 Nam
1307 2300 1374 2346 nos

312 2387 457 2482 quidem
476 2385 566 2482 quid
586 2386 736 2458 fa'cimus
758 2392 795 2459 iu
810 2395 942 2475 Verre,
965 2415 1074 2487 quem
1089 2390 1126 2460 in
1142 2388 1219 2458 luto
1235 2386 1373 2457 voluta·

308 2511 388 2565 tum
412 2497 522 2566 totius
549 2499 709 2593 corporis
731 2501 885 2596 vestigiis
898 2500 1122 2571 invenimus?
1138 2502 1371 2592 Permagnam

310 2620 366 2677 est
391 2608 537 2677 in-eum
568 2607 688 2684 (licere
712 2609 868 2707 aliquid,
900 2612 964 2707 qui
992 2609 1216 2706 praeteriens,
1249 2604 1373 2675 lectica

348 2878 372 2924 9.
390 2864 473 2908 Scuta.
488 2862 519 2908 ll.
537 2879 559 2909 e.
575 2861 680 2924 quodvis
697 2877 819 2909 armorum
899 2859 996 2906 mv.
1019 2873 1042 2905 1.
1063 2855 1237 2904 Erec-ticulum.
1256 2857 1334 2903 Jocua
1349 2854 1375 2901 in

312 2956 402 3004 genum
413 2951 506 3005 partem
518 2955 564 3003 pao
577 2951 634 2989 tcto
650 2952 752 3004 usurpat
764 2956 820 2989 ora·
864 2937 946 2986 Verria
954 2950 1060 2992 nomen,
1077 2937 1177 2999 quijana
1188 2934 1216 2981 iu
1227 2934 1283 2981 Act.
1295 2933 1374 2997 prima

312 3032 359 3069 tor.
864 3014 992 3065 occurrit:
1013 3016 1140 3073 «vem,
1162 3026 1256 3062 evertes
1276 3011 1376 3076 provin·

350 3116 390 3146 ao.
406 3099 497 3146 Crustoe
508 3108 554 3143 aut
569 3098 721 3147 emblemata.
735 3098 820 3144 Genus
864 3096 928 3145 ciam
935 3118 957 3143 ι.
970 3097 1038 3147 Infra
1047 3097 1113 3145 idam
1122 3095 1241 3155 oocumit,
1259 3091 1304 3140 ubi
1316 3094 1376 3139 Ver·

312 3177 361 3224 boc
379 3187 575 3225 ornamentorum
597 3190 663 3240 erat,
685 3192 740 3240 qum
757 3176 820 3223 raaia
864 3191 915 3227 rum
927 3174 981 3224 luto
991 3174 1102 3223 volutum
1112 3172 1308 3237 effingitoratcr.

312 3265 381 3303 eraut
390 3255 508 3319 apposita.
518 3257 608 3306 Crustu
617 3294 625 3319 ,
634 3269 756 3320 tamquam
768 3255 822 3303 bra·
902 3271 926 3304 a.
940 3257 989 3302 Per
1005 3255 1181 3320 magicarum.
1194 3248 1291 3300 Scilicet
1304 3248 1376 3296 Sicu·

314 3334 823 3398 ctaequaednmillirae‚etlaminaeinduetoe,
866 3334 931 3392 lam,
943 3348 1015 3396 quem
1023 3334 1145 3380 fumorum
1154 3328 1181 3375 iu
1194 3339 1289 3391 partem
1302 3327 1377 3373 advo·

312 3424 424 3477 argentea
435 3414 521 3478 pocula
531 3415 718 3480 distinguebant.
728 3412 823 3461 Emble·
867 3412 965 3461 cabant.

315 3505 378 3545 mata
390 3511 464 3554 vero,
478 3508 505 3543 ut
523 3512 553 3543 ex
572 3496 680 3545 Tumcb.
702 3494 822 3554 conjicere
904 3487 927 3537 3.
939 3489 976 3534 De
986 3500 1027 3536 me
1039 3483 1178 3532 detrudam.
1192 3484 1227 3532 Ut
1239 3482 1339 3548 gloriam
1353 3489 1378 3525 et

312 3573 823 3638 licet,exquisiti0riaemntlaborinvaeie
866 3564 1010 3615 lndffllrlffl
1031 3578 1107 3610 mfflm
1128 3561 1238 3620 ‘’leveffli
1257 3560 1293 3607 llll
1313 3557 1378 3605 ffllm

313 3653 483 3714 adherebant,
501 3653 545 3701 sed
564 3654 637 3700 itaut
656 3650 713 3697 iude
728 3649 823 3697 deu-alai
866 3653 1017 3692 accusatores
1029 3658 1125 3706 sagaces
1133 3652 1158 3689 et
1170 3641 1218 3688 boc
1232 3637 1330 3687 nomine
1342 3636 1377 3684 di·

225 3772 227 3776 .
313 3733 454 3783 facillimum
464 3743 534 3781 esaet.
544 3733 637 3780 Crustu
646 3745 704 3776 vero
716 3743 823 3791 nonpo-
867 3718 1372 3786 guiaunthabcndi‚quiopertapraetorum

315 3822 392 3859 terant
405 3811 499 3860 detrahi
511 3811 563 3860 sine
577 3809 666 3857 dumrm
683 3808 764 3873 operia
782 3805 823 3854 cui
867 3800 973 3856 scelera,
987 3800 1063 3848 odore
1076 3816 1104 3847 ac
1114 3799 1238 3862 vestigiis,
1256 3808 1377 3858 tamquam

313 3890 440 3953 applicatus
453 3901 529 3938 erant.
815 3910 821 3917 -
869 3880 974 3927 venatici
987 3896 1070 3937 canes,
1086 3877 1237 3943 detegebant.
1246 3876 1298 3924 Noa
1319 3890 1378 3921 ver-0

351 3983 391 4017 ιι.
414 3968 536 4018 Excussis.
558 3967 678 4015 Detractia
700 3962 787 4012 crustis
800 3971 825 4008 et
867 3963 894 4009 in
906 3961 1006 4006 Verrem
1025 3958 1156 4006 incidimus
1174 3958 1227 4004 luto
1244 3954 1380 4001 demersum

314 4047 507 4105 eraablmuatilsus,
520 4046 551 4094 ob
564 4063 618 4109 quoe
629 4046 659 4091 iia
670 4044 755 4093 eratin
765 4039 824 4088 deli·
869 4048 893 4087 et
907 4038 1036 4095 obrutum,
1045 4048 1071 4085 et
1077 4039 1168 4102 ubique
1176 4034 1273 4097 flagitiis
1281 4046 1306 4082 et
1316 4033 1380 4097 rapi·

313 4126 357 4171 ciis
372 4138 505 4191 argentum
870 4117 907 4165 nic
920 4117 1048 4181 insignem.
