<?xml version="1.0" encoding="UTF-8"?>
<!DOCTYPE html PUBLIC "-//W3C//DTD XHTML 1.0 Transitional//EN"
    "http://www.w3.org/TR/xhtml1/DTD/xhtml1-transitional.dtd">
<html xmlns="http://www.w3.org/1999/xhtml" xml:lang="en" lang="en">
 <head>
  <title>
</title>
<meta http-equiv="Content-Type" content="text/html;charset=utf-8" />
  <meta name='ocr-system' content='tesseract 3.04.00' />
  <meta name='ocr-capabilities' content='ocr_page ocr_carea ocr_par ocr_line ocrx_word'/>
</head>
<body>
  <div class='ocr_page' id='page_1' title='image "./mtciceronisquae00bouigoog_0664.png"; bbox 0 0 3016 4774; ppageno 0'>
   <div class='ocr_carea' id='block_1_1' title="bbox 124 411 1201 629">
    <p class='ocr_par' dir='ltr' id='par_1_1' title="bbox 124 411 1201 629">
     <span class='ocr_line' id='line_1_1' title="bbox 447 411 1198 499; baseline -0.004 -12"><span class='ocrx_word' id='word_1_1' title='bbox 447 418 718 488; x_wconf 85' lang='lat' dir='ltr'><strong>EXCURSUS</strong></span> <span class='ocrx_word' id='word_1_2' title='bbox 746 417 882 499; x_wconf 73' lang='lat' dir='ltr'><strong>XXII.</strong></span> <span class='ocrx_word' id='word_1_3' title='bbox 1127 411 1198 485; x_wconf 80' lang='grc'><strong>603</strong></span> 
     </span>
     <span class='ocr_line' id='line_1_2' title="bbox 124 534 1201 629; baseline -0.004 -23"><span class='ocrx_word' id='word_1_4' title='bbox 124 539 335 629; x_wconf 77' lang='lat' dir='ltr'><strong>consignatas</strong></span> <span class='ocrx_word' id='word_1_5' title='bbox 348 559 383 603; x_wconf 90' lang='lat' dir='ltr'><strong>se</strong></span> <span class='ocrx_word' id='word_1_6' title='bbox 393 536 514 602; x_wconf 87' lang='lat' dir='ltr'><strong>habere</strong></span> <span class='ocrx_word' id='word_1_7' title='bbox 527 536 716 621; x_wconf 63' lang='lat' dir='ltr'><strong>arbitratum</strong></span> <span class='ocrx_word' id='word_1_8' title='bbox 733 556 847 602; x_wconf 87' lang='lat' dir='ltr'><strong>omnes</strong></span> <span class='ocrx_word' id='word_1_9' title='bbox 861 534 948 601; x_wconf 83' lang='lat' dir='ltr'><strong>enim</strong></span> <span class='ocrx_word' id='word_1_10' title='bbox 963 534 1024 600; x_wconf 78' lang='lat' dir='ltr'><strong>illas</strong></span> <span class='ocrx_word' id='word_1_11' title='bbox 1037 535 1201 602; x_wconf 86' lang='lat' dir='ltr'><strong>orationes</strong></span> 
     </span>
    </p>
   </div>
   <div class='ocr_carea' id='block_1_2' title="bbox 8 629 1199 732">
    <p class='ocr_par' dir='ltr' id='par_1_2' title="bbox 8 629 1199 732">
     <span class='ocr_line' id='line_1_3' title="bbox 8 629 1199 732; baseline -0.005 -20"><span class='ocrx_word' id='word_1_12' title='bbox 8 680 12 689; x_wconf 94' lang='lat'>·</span> <span class='ocrx_word' id='word_1_13' title='bbox 124 668 301 711; x_wconf 73' lang='lat' dir='ltr'><strong>musarum</strong></span> <span class='ocrx_word' id='word_1_14' title='bbox 318 659 352 709; x_wconf 89' lang='lat' dir='ltr'><strong>et</strong></span> <span class='ocrx_word' id='word_1_15' title='bbox 368 629 554 732; x_wconf 78' lang='lat' dir='ltr'><strong>temporum</strong></span> <span class='ocrx_word' id='word_1_16' title='bbox 576 659 680 709; x_wconf 88' lang='lat' dir='ltr'><strong>sunt:</strong></span> <span class='ocrx_word' id='word_1_17' title='bbox 698 665 766 707; x_wconf 83' lang='grc' dir='ltr'><strong>ιιοιι</strong></span> <span class='ocrx_word' id='word_1_18' title='bbox 784 640 958 707; x_wconf 88' lang='lat' dir='ltr'><strong>hominum</strong></span> <span class='ocrx_word' id='word_1_19' title='bbox 980 640 1144 729; x_wconf 89' lang='lat' dir='ltr'><strong>ipsorum,</strong></span> <span class='ocrx_word' id='word_1_20' title='bbox 1160 663 1199 706; x_wconf 88' lang='lat' dir='ltr'><strong>ac</strong></span> 
     </span>
    </p>
   </div>
   <div class='ocr_carea' id='block_1_3' title="bbox 2 750 1204 1685">
    <p class='ocr_par' dir='ltr' id='par_1_3' title="bbox 110 750 1204 841">
     <span class='ocr_line' id='line_1_4' title="bbox 110 750 1204 841; baseline -0.006 -24"><span class='ocrx_word' id='word_1_21' title='bbox 110 769 343 841; x_wconf 86' lang='lat' dir='ltr'><strong>patronorum</strong></span> <span class='ocrx_word' id='word_1_22' title='bbox 357 775 366 817; x_wconf 76' lang='grc' dir='ltr'><strong>ι</strong></span> <span class='ocrx_word' id='word_1_23' title='bbox 381 773 456 815; x_wconf 90' lang='lat' dir='ltr'><strong>nam</strong></span> <span class='ocrx_word' id='word_1_24' title='bbox 471 751 500 815; x_wconf 88' lang='lat' dir='ltr'><strong>si</strong></span> <span class='ocrx_word' id='word_1_25' title='bbox 515 772 618 815; x_wconf 73' lang='lat' dir='ltr'><strong>causae</strong></span> <span class='ocrx_word' id='word_1_26' title='bbox 628 751 705 840; x_wconf 77' lang='lat' dir='ltr'><strong>ipsae</strong></span> <span class='ocrx_word' id='word_1_27' title='bbox 717 773 778 840; x_wconf 94' lang='lat' dir='ltr'><strong>pro</strong></span> <span class='ocrx_word' id='word_1_28' title='bbox 789 773 824 815; x_wconf 88' lang='lat' dir='ltr'><strong>se</strong></span> <span class='ocrx_word' id='word_1_29' title='bbox 838 750 930 837; x_wconf 87' lang='lat' dir='ltr'><strong>loqui</strong></span> <span class='ocrx_word' id='word_1_30' title='bbox 940 764 1090 838; x_wconf 85' lang='lat' dir='ltr'><strong>possent,</strong></span> <span class='ocrx_word' id='word_1_31' title='bbox 1099 771 1204 815; x_wconf 90' lang='lat' dir='ltr'><strong>nemo.</strong></span> 
     </span>
    </p>

    <p class='ocr_par' dir='ltr' id='par_1_4' title="bbox 123 851 1198 1158">
     <span class='ocr_line' id='line_1_5' title="bbox 123 851 1197 945; baseline -0.003 -22"><span class='ocrx_word' id='word_1_32' title='bbox 123 858 298 923; x_wconf 87' lang='lat' dir='ltr'><strong>adhiberet</strong></span> <span class='ocrx_word' id='word_1_33' title='bbox 314 874 491 939; x_wconf 81' lang='lat' dir='ltr'><strong>oratorem3</strong></span> <span class='ocrx_word' id='word_1_34' title='bbox 508 879 598 922; x_wconf 93' lang='lat' dir='ltr'><strong>nunc</strong></span> <span class='ocrx_word' id='word_1_35' title='bbox 617 851 822 939; x_wconf 73' lang='lat' dir='ltr'>adhibemur,</span> <span class='ocrx_word' id='word_1_36' title='bbox 840 871 878 920; x_wconf 93' lang='lat' dir='ltr'><strong>ut</strong></span> <span class='ocrx_word' id='word_1_37' title='bbox 893 878 933 945; x_wconf 71' lang='lat' dir='ltr'><strong>ea</strong></span> <span class='ocrx_word' id='word_1_38' title='bbox 949 853 1111 937; x_wconf 87' lang='lat' dir='ltr'><strong>dicamus,</strong></span> <span class='ocrx_word' id='word_1_39' title='bbox 1128 879 1197 921; x_wconf 92' lang='lat' dir='ltr'><strong>non</strong></span> 
     </span>
     <span class='ocr_line' id='line_1_6' title="bbox 124 959 1198 1054; baseline -0.004 -24"><span class='ocrx_word' id='word_1_40' title='bbox 124 988 203 1054; x_wconf 76' lang='lat' dir='ltr'><strong>quas</strong></span> <span class='ocrx_word' id='word_1_41' title='bbox 220 962 539 1030; x_wconf 84' lang='lat' dir='ltr'><strong>nostraauctoritate</strong></span> <span class='ocrx_word' id='word_1_42' title='bbox 560 962 818 1042; x_wconf 80' lang='lat' dir='ltr'><strong>constituantur,</strong></span> <span class='ocrx_word' id='word_1_43' title='bbox 841 959 898 1027; x_wconf 90' lang='lat' dir='ltr'><strong>sed</strong></span> <span class='ocrx_word' id='word_1_44' title='bbox 920 982 993 1050; x_wconf 84' lang='lat' dir='ltr'><strong>quoe</strong></span> <span class='ocrx_word' id='word_1_45' title='bbox 1012 981 1053 1024; x_wconf 90' lang='lat' dir='ltr'><strong>ex</strong></span> <span class='ocrx_word' id='word_1_46' title='bbox 1074 962 1198 1050; x_wconf 88' lang='lat' dir='ltr'><strong>reipsa</strong></span> 
     </span>
     <span class='ocr_line' id='line_1_7' title="bbox 124 1067 623 1158; baseline -0.006 -23"><span class='ocrx_word' id='word_1_47' title='bbox 124 1091 288 1158; x_wconf 87' lang='lat' dir='ltr'><strong>causaque</strong></span> <span class='ocrx_word' id='word_1_48' title='bbox 304 1067 502 1134; x_wconf 72' lang='lat' dir='ltr'><strong>ducuntur».</strong></span> <span class='ocrx_word' id='word_1_49' title='bbox 521 1067 623 1132; x_wconf 85' lang='lat' dir='ltr'><strong>Horr.</strong></span> 
     </span>
    </p>

    <p class='ocr_par' dir='ltr' id='par_1_5' title="bbox 2 1164 1199 1685">
     <span class='ocr_line' id='line_1_8' title="bbox 171 1164 1199 1263; baseline -0.002 -25"><span class='ocrx_word' id='word_1_50' title='bbox 171 1174 261 1240; x_wconf 87' lang='lat' dir='ltr'><strong>Vidit</strong></span> <span class='ocrx_word' id='word_1_51' title='bbox 272 1176 410 1240; x_wconf 91' lang='lat' dir='ltr'><strong>omnino</strong></span> <span class='ocrx_word' id='word_1_52' title='bbox 422 1174 552 1259; x_wconf 91' lang='lat' dir='ltr'><strong>Cicero,</strong></span> <span class='ocrx_word' id='word_1_53' title='bbox 567 1189 770 1263; x_wconf 78' lang='lat' dir='ltr'><strong>quantopere</strong></span> <span class='ocrx_word' id='word_1_54' title='bbox 784 1171 827 1237; x_wconf 92' lang='lat' dir='ltr'><strong>ad</strong></span> <span class='ocrx_word' id='word_1_55' title='bbox 840 1171 1026 1259; x_wconf 71' lang='lat' dir='ltr'><strong>aequitatem</strong></span> <span class='ocrx_word' id='word_1_56' title='bbox 1040 1164 1199 1237; x_wconf 80' lang='lat' dir='ltr'><strong>defensio·</strong></span> 
     </span>
     <span class='ocr_line' id='line_1_9' title="bbox 124 1277 1197 1371; baseline -0.003 -26"><span class='ocrx_word' id='word_1_57' title='bbox 124 1282 254 1346; x_wconf 72' lang='lat' dir='ltr'><strong>nissum</strong></span> <span class='ocrx_word' id='word_1_58' title='bbox 262 1281 455 1371; x_wconf 76' lang='lat' dir='ltr'><strong>pertineret,</strong></span> <span class='ocrx_word' id='word_1_59' title='bbox 467 1280 629 1344; x_wconf 79' lang='lat' dir='ltr'><strong>Caecinam</strong></span> <span class='ocrx_word' id='word_1_60' title='bbox 642 1279 833 1369; x_wconf 88' lang='lat' dir='ltr'><strong>possedisse.</strong></span> <span class='ocrx_word' id='word_1_61' title='bbox 844 1278 959 1364; x_wconf 88' lang='lat' dir='ltr'><strong>Itaque</strong></span> <span class='ocrx_word' id='word_1_62' title='bbox 967 1277 1001 1340; x_wconf 93' lang='lat' dir='ltr'><strong>in</strong></span> <span class='ocrx_word' id='word_1_63' title='bbox 1013 1277 1197 1353; x_wconf 84' lang='lat' dir='ltr'><strong>narratione</strong></span> 
     </span>
     <span class='ocr_line' id='line_1_10' title="bbox 122 1382 1195 1476; baseline -0.002 -25"><span class='ocrx_word' id='word_1_64' title='bbox 122 1409 197 1476; x_wconf 88' lang='lat' dir='ltr'><strong>cap.</strong></span> <span class='ocrx_word' id='word_1_65' title='bbox 216 1387 252 1469; x_wconf 87' lang='lat'><strong>6,</strong></span> <span class='ocrx_word' id='word_1_66' title='bbox 271 1408 308 1473; x_wconf 90' lang='lat'><strong>7,</strong></span> <span class='ocrx_word' id='word_1_67' title='bbox 327 1401 360 1450; x_wconf 90' lang='lat' dir='ltr'><strong>et</strong></span> <span class='ocrx_word' id='word_1_68' title='bbox 374 1386 458 1449; x_wconf 85' lang='lat' dir='ltr'><strong>infra</strong></span> <span class='ocrx_word' id='word_1_69' title='bbox 473 1384 523 1450; x_wconf 88' lang='lat' dir='ltr'><strong>sic</strong></span> <span class='ocrx_word' id='word_1_70' title='bbox 534 1386 600 1475; x_wconf 80' lang='lat' dir='ltr'><strong>agit</strong></span> <span class='ocrx_word' id='word_1_71' title='bbox 611 1386 697 1450; x_wconf 89' lang='lat' dir='ltr'><strong>hane</strong></span> <span class='ocrx_word' id='word_1_72' title='bbox 715 1407 803 1466; x_wconf 89' lang='lat' dir='ltr'><strong>rem,</strong></span> <span class='ocrx_word' id='word_1_73' title='bbox 819 1399 857 1447; x_wconf 92' lang='lat' dir='ltr'><strong>ut</strong></span> <span class='ocrx_word' id='word_1_74' title='bbox 875 1406 946 1447; x_wconf 87' lang='lat' dir='ltr'><strong>eam</strong></span> <span class='ocrx_word' id='word_1_75' title='bbox 963 1382 1101 1448; x_wconf 86' lang='lat' dir='ltr'><strong>testibus</strong></span> <span class='ocrx_word' id='word_1_76' title='bbox 1116 1406 1195 1472; x_wconf 89' lang='lat' dir='ltr'><strong>pro·</strong></span> 
     </span>
     <span class='ocr_line' id='line_1_11' title="bbox 2 1487 1195 1577; baseline -0.003 -22"><span class='ocrx_word' id='word_1_77' title='bbox 2 1561 3 1574; x_wconf 45' lang='lat'><strong>,</strong></span> <span class='ocrx_word' id='word_1_78' title='bbox 122 1491 262 1555; x_wconf 89' lang='lat' dir='ltr'><strong>baturus</strong></span> <span class='ocrx_word' id='word_1_79' title='bbox 277 1491 369 1555; x_wconf 86' lang='lat' dir='ltr'><strong>facile</strong></span> <span class='ocrx_word' id='word_1_80' title='bbox 384 1488 541 1555; x_wconf 83' lang='lat' dir='ltr'><strong>videatur.</strong></span> <span class='ocrx_word' id='word_1_81' title='bbox 562 1487 625 1554; x_wconf 88' lang='lat' dir='ltr'><strong>Sed</strong></span> <span class='ocrx_word' id='word_1_82' title='bbox 644 1490 800 1577; x_wconf 88' lang='lat' dir='ltr'><strong>quoniam</strong></span> <span class='ocrx_word' id='word_1_83' title='bbox 818 1511 914 1553; x_wconf 85' lang='lat' dir='ltr'><strong>causa</strong></span> <span class='ocrx_word' id='word_1_84' title='bbox 937 1511 1006 1553; x_wconf 94' lang='lat' dir='ltr'><strong>non</strong></span> <span class='ocrx_word' id='word_1_85' title='bbox 1027 1488 1116 1577; x_wconf 92' lang='lat' dir='ltr'><strong>apud</strong></span> <span class='ocrx_word' id='word_1_86' title='bbox 1137 1488 1195 1552; x_wconf 92' lang='lat' dir='ltr'><strong>Ul·</strong></span> 
     </span>
     <span class='ocr_line' id='line_1_12' title="bbox 9 1594 1196 1685; baseline -0.003 -24"><span class='ocrx_word' id='word_1_87' title='bbox 9 1644 12 1653; x_wconf 79' lang='grc'><strong>.</strong></span> <span class='ocrx_word' id='word_1_88' title='bbox 122 1596 277 1685; x_wconf 88' lang='lat' dir='ltr'><strong>pianeos,</strong></span> <span class='ocrx_word' id='word_1_89' title='bbox 292 1612 349 1660; x_wconf 91' lang='lat' dir='ltr'><strong>aut</strong></span> <span class='ocrx_word' id='word_1_90' title='bbox 366 1596 503 1661; x_wconf 91' lang='lat' dir='ltr'><strong>omnino</strong></span> <span class='ocrx_word' id='word_1_91' title='bbox 521 1596 640 1660; x_wconf 86' lang='lat' dir='ltr'><strong>liberos</strong></span> <span class='ocrx_word' id='word_1_92' title='bbox 652 1594 778 1676; x_wconf 84' lang='lat' dir='ltr'><strong>judices</strong></span> <span class='ocrx_word' id='word_1_93' title='bbox 793 1595 960 1683; x_wconf 83' lang='lat' dir='ltr'><strong>agebatur,</strong></span> <span class='ocrx_word' id='word_1_94' title='bbox 979 1616 1092 1659; x_wconf 86' lang='lat' dir='ltr'><strong>verum</strong></span> <span class='ocrx_word' id='word_1_95' title='bbox 1107 1594 1196 1682; x_wconf 83' lang='lat' dir='ltr'><strong>apud</strong></span> 
     </span>
    </p>
   </div>
   <div class='ocr_carea' id='block_1_4' title="bbox 11 1699 1196 1791">
    <p class='ocr_par' dir='ltr' id='par_1_6' title="bbox 11 1699 1196 1791">
     <span class='ocr_line' id='line_1_13' title="bbox 11 1699 1196 1791; baseline -0.003 -23"><span class='ocrx_word' id='word_1_96' title='bbox 11 1782 14 1789; x_wconf 33' lang='grc' dir='ltr'>Ι</span> <span class='ocrx_word' id='word_1_97' title='bbox 107 1719 368 1791; x_wconf 81' lang='lat' dir='ltr'><strong>recuperatores</strong></span> <span class='ocrx_word' id='word_1_98' title='bbox 384 1700 547 1767; x_wconf 87' lang='lat' dir='ltr'><strong>interdicti</strong></span> <span class='ocrx_word' id='word_1_99' title='bbox 562 1701 711 1766; x_wconf 73' lang='lat' dir='ltr'><strong>formulae</strong></span> <span class='ocrx_word' id='word_1_100' title='bbox 726 1702 865 1765; x_wconf 85' lang='lat' dir='ltr'><strong>maxime</strong></span> <span class='ocrx_word' id='word_1_101' title='bbox 883 1699 1069 1783; x_wconf 85' lang='lat' dir='ltr'><strong>adstrictos,</strong></span> <span class='ocrx_word' id='word_1_102' title='bbox 1087 1700 1196 1765; x_wconf 87' lang='lat' dir='ltr'><strong>subsi-</strong></span> 
     </span>
    </p>
   </div>
   <div class='ocr_carea' id='block_1_5' title="bbox 121 1805 1195 2636">
    <p class='ocr_par' dir='ltr' id='par_1_7' title="bbox 121 1805 1195 2636">
     <span class='ocr_line' id='line_1_14' title="bbox 123 1805 1195 1898; baseline -0.004 -24"><span class='ocrx_word' id='word_1_103' title='bbox 123 1807 259 1874; x_wconf 86' lang='lat' dir='ltr'><strong>diariam</strong></span> <span class='ocrx_word' id='word_1_104' title='bbox 270 1808 482 1898; x_wconf 76' lang='lat' dir='ltr'><strong>possessionis</strong></span> <span class='ocrx_word' id='word_1_105' title='bbox 494 1808 653 1873; x_wconf 90' lang='lat' dir='ltr'><strong>rationem</strong></span> <span class='ocrx_word' id='word_1_106' title='bbox 666 1823 732 1873; x_wconf 84' lang='lat' dir='ltr'><strong>tam</strong></span> <span class='ocrx_word' id='word_1_107' title='bbox 745 1807 814 1896; x_wconf 90' lang='lat' dir='ltr'><strong>ipse</strong></span> <span class='ocrx_word' id='word_1_108' title='bbox 826 1807 945 1871; x_wconf 86' lang='lat' dir='ltr'><strong>habere</strong></span> <span class='ocrx_word' id='word_1_109' title='bbox 956 1805 1085 1890; x_wconf 90' lang='lat' dir='ltr'><strong>debuit,</strong></span> <span class='ocrx_word' id='word_1_110' title='bbox 1096 1829 1195 1896; x_wconf 85' lang='lat' dir='ltr'><strong>quam</strong></span> 
     </span>
     <span class='ocr_line' id='line_1_15' title="bbox 123 1911 1194 2002; baseline -0.002 -22"><span class='ocrx_word' id='word_1_111' title='bbox 123 1915 222 1979; x_wconf 83' lang='lat' dir='ltr'><strong>etiam</strong></span> <span class='ocrx_word' id='word_1_112' title='bbox 238 1916 325 1980; x_wconf 89' lang='lat' dir='ltr'><strong>Piso.</strong></span> <span class='ocrx_word' id='word_1_113' title='bbox 341 1913 425 1979; x_wconf 89' lang='lat' dir='ltr'><strong>Nam</strong></span> <span class='ocrx_word' id='word_1_114' title='bbox 442 1930 583 2002; x_wconf 77' lang='lat' dir='ltr'><strong>«praetor</strong></span> <span class='ocrx_word' id='word_1_115' title='bbox 597 1911 778 1997; x_wconf 84' lang='lat' dir='ltr'><strong>interdixit,</strong></span> <span class='ocrx_word' id='word_1_116' title='bbox 795 1927 833 1976; x_wconf 89' lang='lat' dir='ltr'><strong>ut</strong></span> <span class='ocrx_word' id='word_1_117' title='bbox 848 1926 898 1977; x_wconf 89' lang='lat' dir='ltr'><strong>est</strong></span> <span class='ocrx_word' id='word_1_118' title='bbox 910 1911 1133 1995; x_wconf 87' lang='lat' dir='ltr'><strong>consuetudo,</strong></span> <span class='ocrx_word' id='word_1_119' title='bbox 1152 1913 1194 1979; x_wconf 90' lang='lat' dir='ltr'><strong>de</strong></span> 
     </span>
     <span class='ocr_line' id='line_1_16' title="bbox 122 2018 1195 2108; baseline 0.002 -23"><span class='ocrx_word' id='word_1_120' title='bbox 122 2020 156 2085; x_wconf 86' lang='lat' dir='ltr'><strong>ri</strong></span> <span class='ocrx_word' id='word_1_121' title='bbox 171 2020 362 2086; x_wconf 85' lang='lat' dir='ltr'><strong>hominibus</strong></span> <span class='ocrx_word' id='word_1_122' title='bbox 377 2021 523 2103; x_wconf 88' lang='lat' dir='ltr'><strong>armatis,</strong></span> <span class='ocrx_word' id='word_1_123' title='bbox 536 2021 606 2084; x_wconf 90' lang='lat' dir='ltr'><strong>sine</strong></span> <span class='ocrx_word' id='word_1_124' title='bbox 619 2020 686 2084; x_wconf 85' lang='lat' dir='ltr'><strong>ulla</strong></span> <span class='ocrx_word' id='word_1_125' title='bbox 695 2020 903 2108; x_wconf 82' lang='lat' dir='ltr'><strong>exceptione,</strong></span> <span class='ocrx_word' id='word_1_126' title='bbox 920 2033 1047 2083; x_wconf 82' lang='lat' dir='ltr'><strong>tantum</strong></span> <span class='ocrx_word' id='word_1_127' title='bbox 1056 2033 1095 2083; x_wconf 91' lang='lat' dir='ltr'><strong>ut</strong></span> <span class='ocrx_word' id='word_1_128' title='bbox 1104 2018 1195 2087; x_wconf 88' lang='lat' dir='ltr'><strong>unde</strong></span> 
     </span>
     <span class='ocr_line' id='line_1_17' title="bbox 123 2122 1191 2214; baseline 0 -24"><span class='ocrx_word' id='word_1_129' title='bbox 123 2125 315 2214; x_wconf 81' lang='lat' dir='ltr'><strong>(Caecinam)</strong></span> <span class='ocrx_word' id='word_1_130' title='bbox 340 2125 509 2207; x_wconf 87' lang='lat' dir='ltr'><strong>dejecisset</strong></span> <span class='ocrx_word' id='word_1_131' title='bbox 526 2124 725 2214; x_wconf 87' lang='lat' dir='ltr'><strong>(AEbutius),</strong></span> <span class='ocrx_word' id='word_1_132' title='bbox 746 2126 972 2189; x_wconf 78' lang='lat' dir='ltr'><strong>restitueret».</strong></span> <span class='ocrx_word' id='word_1_133' title='bbox 990 2122 1043 2187; x_wconf 90' lang='lat' dir='ltr'><strong>Sic</strong></span> <span class='ocrx_word' id='word_1_134' title='bbox 1062 2146 1133 2213; x_wconf 80' lang='lat' dir='ltr'><strong>cap.</strong></span> <span class='ocrx_word' id='word_1_135' title='bbox 1152 2124 1191 2205; x_wconf 89' lang='lat'><strong>8,</strong></span> 
     </span>
     <span class='ocr_line' id='line_1_18' title="bbox 122 2228 1191 2321; baseline 0 -25"><span class='ocrx_word' id='word_1_136' title='bbox 122 2232 244 2320; x_wconf 90' lang='lat' dir='ltr'><strong>quibus</strong></span> <span class='ocrx_word' id='word_1_137' title='bbox 261 2231 345 2298; x_wconf 86' lang='lat' dir='ltr'><strong>adde</strong></span> <span class='ocrx_word' id='word_1_138' title='bbox 362 2255 437 2321; x_wconf 77' lang='lat' dir='ltr'><strong>quas</strong></span> <span class='ocrx_word' id='word_1_139' title='bbox 453 2231 522 2314; x_wconf 90' lang='lat' dir='ltr'><strong>hic,</strong></span> <span class='ocrx_word' id='word_1_140' title='bbox 540 2246 574 2296; x_wconf 90' lang='lat' dir='ltr'><strong>et</strong></span> <span class='ocrx_word' id='word_1_141' title='bbox 589 2254 617 2296; x_wconf 88' lang='lat' dir='ltr'><strong>c.</strong></span> <span class='ocrx_word' id='word_1_142' title='bbox 637 2231 697 2314; x_wconf 78' lang='lat'><strong>32,</strong></span> <span class='ocrx_word' id='word_1_143' title='bbox 712 2229 930 2319; x_wconf 89' lang='lat' dir='ltr'><strong>disputantur,</strong></span> <span class='ocrx_word' id='word_1_144' title='bbox 943 2228 1061 2317; x_wconf 85' lang='lat' dir='ltr'><strong>illaque</strong></span> <span class='ocrx_word' id='word_1_145' title='bbox 1079 2252 1107 2296; x_wconf 88' lang='lat' dir='ltr'><strong>c.</strong></span> <span class='ocrx_word' id='word_1_146' title='bbox 1129 2254 1165 2295; x_wconf 90' lang='lat'><strong>11</strong></span> <span class='ocrx_word' id='word_1_147' title='bbox 1183 2254 1191 2296; x_wconf 79' lang='grc' dir='ltr'><strong>ι</strong></span> 
     </span>
     <span class='ocr_line' id='line_1_19' title="bbox 121 2336 1191 2427; baseline 0 -26"><span class='ocrx_word' id='word_1_148' title='bbox 121 2368 136 2395; x_wconf 76' lang='grc' dir='ltr'><strong>ι</strong></span> <span class='ocrx_word' id='word_1_149' title='bbox 155 2339 577 2427; x_wconf 82' lang='lat' dir='ltr'><strong>Utrum„recuperatores,</strong></span> <span class='ocrx_word' id='word_1_150' title='bbox 601 2353 662 2402; x_wconf 88' lang='lat' dir='ltr'><strong>etc.</strong></span> <span class='ocrx_word' id='word_1_151' title='bbox 679 2368 693 2395; x_wconf 76' lang='grc' dir='ltr'><strong>ι</strong></span> <span class='ocrx_word' id='word_1_152' title='bbox 715 2337 801 2400; x_wconf 89' lang='lat' dir='ltr'><strong>Hinc</strong></span> <span class='ocrx_word' id='word_1_153' title='bbox 826 2336 860 2400; x_wconf 91' lang='lat' dir='ltr'><strong>in</strong></span> <span class='ocrx_word' id='word_1_154' title='bbox 887 2337 977 2401; x_wconf 88' lang='lat' dir='ltr'><strong>Orat.</strong></span> <span class='ocrx_word' id='word_1_155' title='bbox 1003 2357 1062 2423; x_wconf 82' lang='lat'><strong>29,</strong></span> <span class='ocrx_word' id='word_1_156' title='bbox 1089 2351 1191 2401; x_wconf 84' lang='lat' dir='ltr'><strong>totam</strong></span> 
     </span>
     <span class='ocr_line' id='line_1_20' title="bbox 121 2440 1193 2509; baseline 0 -2"><span class='ocrx_word' id='word_1_157' title='bbox 121 2441 201 2508; x_wconf 90' lang='lat' dir='ltr'><strong>dicit</strong></span> <span class='ocrx_word' id='word_1_158' title='bbox 208 2444 294 2508; x_wconf 90' lang='lat' dir='ltr'><strong>hanc</strong></span> <span class='ocrx_word' id='word_1_159' title='bbox 302 2465 432 2509; x_wconf 89' lang='lat' dir='ltr'><strong>causam</strong></span> <span class='ocrx_word' id='word_1_160' title='bbox 443 2442 506 2507; x_wconf 77' lang='lat' dir='ltr'><strong>«de</strong></span> <span class='ocrx_word' id='word_1_161' title='bbox 514 2443 620 2508; x_wconf 86' lang='lat' dir='ltr'><strong>verbis</strong></span> <span class='ocrx_word' id='word_1_162' title='bbox 630 2440 814 2508; x_wconf 80' lang='lat' dir='ltr'><strong>interdicti·</strong></span> <span class='ocrx_word' id='word_1_163' title='bbox 825 2442 924 2506; x_wconf 88' lang='lat' dir='ltr'><strong>fuisse</strong></span> <span class='ocrx_word' id='word_1_164' title='bbox 935 2464 944 2507; x_wconf 76' lang='grc' dir='ltr'><strong><em>ε</em></strong></span> <span class='ocrx_word' id='word_1_165' title='bbox 955 2441 1193 2507; x_wconf 83' lang='lat' dir='ltr'><strong>hinc«obrutis</strong></span> 
     </span>
     <span class='ocr_line' id='line_1_21' title="bbox 121 2545 1192 2636; baseline -0.001 -22"><span class='ocrx_word' id='word_1_166' title='bbox 121 2548 219 2615; x_wconf 90' lang='lat' dir='ltr'><strong>rebus</strong></span> <span class='ocrx_word' id='word_1_167' title='bbox 240 2548 394 2614; x_wconf 89' lang='lat' dir='ltr'><strong>omnibus</strong></span> <span class='ocrx_word' id='word_1_168' title='bbox 405 2578 438 2629; x_wconf 69' lang='lat' dir='ltr'><strong>n,</strong></span> <span class='ocrx_word' id='word_1_169' title='bbox 455 2547 490 2612; x_wconf 88' lang='lat' dir='ltr'><strong>h.</strong></span> <span class='ocrx_word' id='word_1_170' title='bbox 509 2570 537 2612; x_wconf 89' lang='lat' dir='ltr'><strong>e.</strong></span> <span class='ocrx_word' id='word_1_171' title='bbox 553 2548 729 2636; x_wconf 88' lang='lat' dir='ltr'><strong>sponsione</strong></span> <span class='ocrx_word' id='word_1_172' title='bbox 748 2546 784 2610; x_wconf 93' lang='lat' dir='ltr'><strong>in</strong></span> <span class='ocrx_word' id='word_1_173' title='bbox 807 2547 905 2612; x_wconf 86' lang='lat' dir='ltr'><strong>verba</strong></span> <span class='ocrx_word' id='word_1_174' title='bbox 923 2545 1087 2612; x_wconf 85' lang='lat' dir='ltr'><strong>interdicti</strong></span> <span class='ocrx_word' id='word_1_175' title='bbox 1109 2548 1192 2613; x_wconf 82' lang='lat' dir='ltr'><strong>facta</strong></span> 
     </span>
    </p>
   </div>
   <div class='ocr_carea' id='block_1_6' title="bbox 7 2651 1190 2742">
    <p class='ocr_par' dir='ltr' id='par_1_8' title="bbox 7 2651 1190 2742">
     <span class='ocr_line' id='line_1_22' title="bbox 7 2651 1190 2742; baseline -0.001 -23"><span class='ocrx_word' id='word_1_176' title='bbox 7 2672 12 2693; x_wconf 80' lang='lat'><strong>⁴</strong></span> <span class='ocrx_word' id='word_1_177' title='bbox 120 2655 243 2719; x_wconf 84' lang='lat' dir='ltr'><strong>victum</strong></span> <span class='ocrx_word' id='word_1_178' title='bbox 263 2653 436 2719; x_wconf 87' lang='lat' dir='ltr'><strong>AEbutium</strong></span> <span class='ocrx_word' id='word_1_179' title='bbox 458 2651 499 2718; x_wconf 93' lang='lat' dir='ltr'><strong>ad</strong></span> <span class='ocrx_word' id='word_1_180' title='bbox 519 2654 758 2742; x_wconf 90' lang='lat' dir='ltr'><strong>possessionem</strong></span> <span class='ocrx_word' id='word_1_181' title='bbox 775 2653 952 2742; x_wconf 79' lang='lat' dir='ltr'><strong>confugere</strong></span> <span class='ocrx_word' id='word_1_182' title='bbox 968 2653 1069 2718; x_wconf 87' lang='lat' dir='ltr'><strong>:hinc</strong></span> <span class='ocrx_word' id='word_1_183' title='bbox 1084 2677 1112 2719; x_wconf 90' lang='lat' dir='ltr'><strong>c.</strong></span> <span class='ocrx_word' id='word_1_184' title='bbox 1131 2653 1190 2733; x_wconf 82' lang='lat'><strong>32,</strong></span> 
     </span>
    </p>
   </div>
   <div class='ocr_carea' id='block_1_7' title="bbox 121 2757 1190 2954">
    <p class='ocr_par' dir='ltr' id='par_1_9' title="bbox 121 2757 1190 2954">
     <span class='ocr_line' id='line_1_23' title="bbox 121 2757 1189 2847; baseline 0 -22"><span class='ocrx_word' id='word_1_185' title='bbox 121 2776 233 2825; x_wconf 67' lang='lat' dir='ltr'><strong>aextra</strong></span> <span class='ocrx_word' id='word_1_186' title='bbox 245 2781 399 2825; x_wconf 75' lang='lat' dir='ltr'><strong>musam»</strong></span> <span class='ocrx_word' id='word_1_187' title='bbox 415 2758 494 2823; x_wconf 90' lang='lat' dir='ltr'><strong>dicit</strong></span> <span class='ocrx_word' id='word_1_188' title='bbox 505 2781 540 2823; x_wconf 90' lang='lat' dir='ltr'><strong>se</strong></span> <span class='ocrx_word' id='word_1_189' title='bbox 553 2758 712 2824; x_wconf 71' lang='lat' dir='ltr'><strong>Caecinam</strong></span> <span class='ocrx_word' id='word_1_190' title='bbox 724 2758 766 2825; x_wconf 87' lang='lat' dir='ltr'><strong>de</strong></span> <span class='ocrx_word' id='word_1_191' title='bbox 776 2758 979 2847; x_wconf 84' lang='lat' dir='ltr'><strong>possessione</strong></span> <span class='ocrx_word' id='word_1_192' title='bbox 997 2757 1189 2843; x_wconf 89' lang='lat' dir='ltr'><strong>defendere,</strong></span> 
     </span>
     <span class='ocr_line' id='line_1_24' title="bbox 122 2862 1190 2954; baseline -0.001 -23"><span class='ocrx_word' id='word_1_193' title='bbox 122 2883 182 2931; x_wconf 79' lang='lat' dir='ltr'><strong>«ut</strong></span> <span class='ocrx_word' id='word_1_194' title='bbox 199 2889 266 2930; x_wconf 89' lang='lat' dir='ltr'><strong>non</strong></span> <span class='ocrx_word' id='word_1_195' title='bbox 286 2866 395 2931; x_wconf 87' lang='lat' dir='ltr'><strong>minus</strong></span> <span class='ocrx_word' id='word_1_196' title='bbox 409 2864 579 2930; x_wconf 88' lang='lat' dir='ltr'><strong>hominem</strong></span> <span class='ocrx_word' id='word_1_197' title='bbox 597 2865 724 2954; x_wconf 91' lang='lat' dir='ltr'><strong>ipsum,</strong></span> <span class='ocrx_word' id='word_1_198' title='bbox 750 2886 848 2953; x_wconf 91' lang='lat' dir='ltr'><strong>quam</strong></span> <span class='ocrx_word' id='word_1_199' title='bbox 863 2862 917 2943; x_wconf 86' lang='lat' dir='ltr'><strong>jus</strong></span> <span class='ocrx_word' id='word_1_200' title='bbox 939 2886 1116 2929; x_wconf 91' lang='lat' dir='ltr'><strong>commune</strong></span> <span class='ocrx_word' id='word_1_201' title='bbox 1132 2865 1190 2930; x_wconf 92' lang='lat' dir='ltr'><strong>de·</strong></span> 
     </span>
    </p>
   </div>
   <div class='ocr_carea' id='block_1_8' title="bbox 121 2968 1191 3168">
    <p class='ocr_par' dir='ltr' id='par_1_10' title="bbox 0 2968 1191 3168">
     <span class='ocr_line' id='line_1_25' title="bbox 121 2968 1191 3059; baseline 0 -23"><span class='ocrx_word' id='word_1_202' title='bbox 121 2974 249 3037; x_wconf 75' lang='lat' dir='ltr'><strong>sensum</strong></span> <span class='ocrx_word' id='word_1_203' title='bbox 264 2971 401 3037; x_wconf 80' lang='lat' dir='ltr'><strong>velitis».</strong></span> <span class='ocrx_word' id='word_1_204' title='bbox 418 2971 519 3055; x_wconf 92' lang='lat' dir='ltr'><strong>Quod</strong></span> <span class='ocrx_word' id='word_1_205' title='bbox 534 2972 622 3036; x_wconf 91' lang='lat' dir='ltr'><strong>enim</strong></span> <span class='ocrx_word' id='word_1_206' title='bbox 641 2973 766 3037; x_wconf 83' lang='lat' dir='ltr'><strong>Caecina</strong></span> <span class='ocrx_word' id='word_1_207' title='bbox 783 2968 979 3059; x_wconf 87' lang='lat' dir='ltr'><strong>possederit,</strong></span> <span class='ocrx_word' id='word_1_208' title='bbox 997 2986 1065 3034; x_wconf 88' lang='lat' dir='ltr'><strong>erat</strong></span> <span class='ocrx_word' id='word_1_209' title='bbox 1081 2971 1191 3036; x_wconf 92' lang='lat' dir='ltr'><strong>homi·</strong></span> 
     </span>
     <span class='ocr_line' id='line_1_26' title="bbox 121 3077 1190 3168; baseline -0.004 -21.493"><span class='ocrx_word' id='word_1_210' title='bbox 121 3077 335 3168; x_wconf 87' lang='lat' dir='ltr'><strong>nispeculiare</strong></span> <span class='ocrx_word' id='word_1_211' title='bbox 342 3077 406 3160; x_wconf 86' lang='lat' dir='ltr'><strong>jus,</strong></span> <span class='ocrx_word' id='word_1_212' title='bbox 415 3094 499 3143; x_wconf 89' lang='lat' dir='ltr'><strong>uteo</strong></span> <span class='ocrx_word' id='word_1_213' title='bbox 508 3078 609 3166; x_wconf 77' lang='lat' dir='ltr'><strong>magis</strong></span> <span class='ocrx_word' id='word_1_214' title='bbox 619 3078 853 3159; x_wconf 88' lang='lat' dir='ltr'><strong>restitueretur,</strong></span> <span class='ocrx_word' id='word_1_215' title='bbox 863 3098 966 3163; x_wconf 89' lang='lat' dir='ltr'><strong>quum</strong></span> <span class='ocrx_word' id='word_1_216' title='bbox 974 3091 1057 3141; x_wconf 87' lang='lat' dir='ltr'><strong>esset</strong></span> <span class='ocrx_word' id='word_1_217' title='bbox 1065 3093 1190 3161; x_wconf 89' lang='lat' dir='ltr'><strong>tamen,</strong></span> 
     </span>
    </p>
   </div>
   <div class='ocr_carea' id='block_1_9' title="bbox 3 3181 1231 3800">
    <p class='ocr_par' dir='ltr' id='par_1_11' title="bbox 3 3181 1231 3800">
     <span class='ocr_line' id='line_1_27' title="bbox 120 3181 1189 3272; baseline 0 -24"><span class='ocrx_word' id='word_1_218' title='bbox 120 3183 318 3249; x_wconf 85' lang='lat' dir='ltr'><strong>etiamsinon</strong></span> <span class='ocrx_word' id='word_1_219' title='bbox 330 3182 527 3272; x_wconf 88' lang='lat' dir='ltr'><strong>possederit,</strong></span> <span class='ocrx_word' id='word_1_220' title='bbox 544 3181 775 3247; x_wconf 87' lang='lat' dir='ltr'><strong>restituendus.</strong></span> <span class='ocrx_word' id='word_1_221' title='bbox 785 3181 879 3247; x_wconf 86' lang='lat' dir='ltr'><strong>Statu</strong></span> <span class='ocrx_word' id='word_1_222' title='bbox 889 3204 994 3246; x_wconf 71' lang='lat' dir='ltr'><strong>eausa</strong></span> <span class='ocrx_word' id='word_1_223' title='bbox 1006 3182 1051 3248; x_wconf 87' lang='lat' dir='ltr'><strong>ita</strong></span> <span class='ocrx_word' id='word_1_224' title='bbox 1063 3183 1189 3270; x_wconf 90' lang='lat' dir='ltr'><strong>posito,</strong></span> 
     </span>
     <span class='ocr_line' id='line_1_28' title="bbox 6 3287 1190 3377; baseline 0.001 -23"><span class='ocrx_word' id='word_1_225' title='bbox 6 3360 7 3363; x_wconf 8' lang='grc' dir='ltr'><strong>Ἴ</strong></span> <span class='ocrx_word' id='word_1_226' title='bbox 117 3289 181 3371; x_wconf 84' lang='lat' dir='ltr'><strong>jam</strong></span> <span class='ocrx_word' id='word_1_227' title='bbox 200 3290 308 3354; x_wconf 88' lang='lat' dir='ltr'><strong>omnis</strong></span> <span class='ocrx_word' id='word_1_228' title='bbox 323 3288 554 3366; x_wconf 87' lang='lat' dir='ltr'><strong>Hottomanni,</strong></span> <span class='ocrx_word' id='word_1_229' title='bbox 572 3312 670 3377; x_wconf 88' lang='lat' dir='ltr'><strong>quam</strong></span> <span class='ocrx_word' id='word_1_230' title='bbox 684 3289 803 3377; x_wconf 85' lang='lat' dir='ltr'><strong>passim</strong></span> <span class='ocrx_word' id='word_1_231' title='bbox 819 3287 946 3376; x_wconf 85' lang='lat' dir='ltr'><strong>obgerit</strong></span> <span class='ocrx_word' id='word_1_232' title='bbox 956 3336 965 3370; x_wconf 95' lang='lat'><strong>,</strong></span> <span class='ocrx_word' id='word_1_233' title='bbox 977 3311 1037 3377; x_wconf 90' lang='lat' dir='ltr'><strong>pro</strong></span> <span class='ocrx_word' id='word_1_234' title='bbox 1053 3287 1190 3355; x_wconf 87' lang='lat' dir='ltr'><strong>AEbutio</strong></span> 
     </span>
     <span class='ocr_line' id='line_1_29' title="bbox 14 3390 1186 3484; baseline -0.005 -19"><span class='ocrx_word' id='word_1_235' title='bbox 14 3462 15 3465; x_wconf 74' lang='grc'>,</span> <span class='ocrx_word' id='word_1_236' title='bbox 120 3390 264 3461; x_wconf 80' lang='lat' dir='ltr'><strong>defensio</strong></span> <span class='ocrx_word' id='word_1_237' title='bbox 282 3395 464 3461; x_wconf 88' lang='lat' dir='ltr'><strong>collabitur.</strong></span> <span class='ocrx_word' id='word_1_238' title='bbox 482 3395 599 3484; x_wconf 81' lang='lat' dir='ltr'><strong>Neque</strong></span> <span class='ocrx_word' id='word_1_239' title='bbox 617 3394 708 3459; x_wconf 83' lang='lat' dir='ltr'><strong>aliter</strong></span> <span class='ocrx_word' id='word_1_240' title='bbox 725 3417 795 3459; x_wconf 88' lang='lat' dir='ltr'><strong>sese</strong></span> <span class='ocrx_word' id='word_1_241' title='bbox 812 3395 922 3483; x_wconf 90' lang='lat' dir='ltr'><strong>potuit</strong></span> <span class='ocrx_word' id='word_1_242' title='bbox 940 3417 990 3459; x_wconf 91' lang='lat' dir='ltr'><strong>res</strong></span> <span class='ocrx_word' id='word_1_243' title='bbox 1007 3395 1137 3461; x_wconf 88' lang='lat' dir='ltr'><strong>habere.</strong></span> <span class='ocrx_word' id='word_1_244' title='bbox 1153 3396 1186 3460; x_wconf 92' lang='lat' dir='ltr'><strong>Si</strong></span> 
     </span>
     <span class='ocr_line' id='line_1_30' title="bbox 120 3486 1231 3591; baseline -0.003 -23.366"><span class='ocrx_word' id='word_1_245' title='bbox 120 3503 237 3568; x_wconf 90' lang='lat' dir='ltr'><strong>etenim</strong></span> <span class='ocrx_word' id='word_1_246' title='bbox 252 3501 440 3590; x_wconf 74' lang='lat' dir='ltr'><strong>questionis</strong></span> <span class='ocrx_word' id='word_1_247' title='bbox 456 3517 555 3591; x_wconf 89' lang='lat' dir='ltr'><strong>caput</strong></span> <span class='ocrx_word' id='word_1_248' title='bbox 568 3516 810 3590; x_wconf 87' lang='lat' dir='ltr'><strong>recuperatores</strong></span> <span class='ocrx_word' id='word_1_249' title='bbox 826 3500 860 3564; x_wconf 92' lang='lat' dir='ltr'><strong>in</strong></span> <span class='ocrx_word' id='word_1_250' title='bbox 881 3501 1086 3588; x_wconf 91' lang='lat' dir='ltr'><strong>possessione</strong></span> <span class='ocrx_word' id='word_1_251' title='bbox 1106 3523 1187 3566; x_wconf 88' lang='lat' dir='ltr'><strong>con·</strong></span> <span class='ocrx_word' id='word_1_252' title='bbox 1224 3486 1231 3495; x_wconf 54' lang='lat'><em>⁶</em></span> 
     </span>
     <span class='ocr_line' id='line_1_31' title="bbox 3 3594 1185 3698; baseline -0.003 -23"><span class='ocrx_word' id='word_1_253' title='bbox 3 3607 6 3618; x_wconf 87' lang='lat'>&#39;</span> <span class='ocrx_word' id='word_1_254' title='bbox 120 3611 309 3692; x_wconf 84' lang='lat' dir='ltr'><strong>stituissent,</strong></span> <span class='ocrx_word' id='word_1_255' title='bbox 333 3631 393 3674; x_wconf 91' lang='lat' dir='ltr'><strong>cur</strong></span> <span class='ocrx_word' id='word_1_256' title='bbox 413 3594 668 3698; x_wconf 71' lang='lat' dir='ltr'><strong>ampliaverantt&#39;</strong></span> <span class='ocrx_word' id='word_1_257' title='bbox 685 3609 768 3691; x_wconf 88' lang='lat' dir='ltr'><strong>Cur,</strong></span> <span class='ocrx_word' id='word_1_258' title='bbox 793 3622 831 3672; x_wconf 91' lang='lat' dir='ltr'><strong>ut</strong></span> <span class='ocrx_word' id='word_1_259' title='bbox 853 3629 924 3672; x_wconf 92' lang='lat' dir='ltr'><strong>eam</strong></span> <span class='ocrx_word' id='word_1_260' title='bbox 947 3606 1185 3672; x_wconf 89' lang='lat' dir='ltr'><strong>dubitationem</strong></span> 
     </span>
     <span class='ocr_line' id='line_1_32' title="bbox 21 3708 1187 3800; baseline -0.003 -19"><span class='ocrx_word' id='word_1_261' title='bbox 21 3762 25 3799; x_wconf 61' lang='lat'><em>5</em></span> <span class='ocrx_word' id='word_1_262' title='bbox 120 3716 284 3796; x_wconf 86' lang='lat' dir='ltr'><strong>eximeret,</strong></span> <span class='ocrx_word' id='word_1_263' title='bbox 299 3713 426 3778; x_wconf 90' lang='lat' dir='ltr'><strong>Tullius</strong></span> <span class='ocrx_word' id='word_1_264' title='bbox 438 3736 506 3779; x_wconf 93' lang='lat' dir='ltr'><strong>non</strong></span> <span class='ocrx_word' id='word_1_265' title='bbox 521 3711 696 3779; x_wconf 80' lang='lat' dir='ltr'><strong>laborarit?</strong></span> <span class='ocrx_word' id='word_1_266' title='bbox 710 3711 854 3779; x_wconf 71' lang='lat' dir='ltr'><strong>artificio</strong></span> <span class='ocrx_word' id='word_1_267' title='bbox 868 3734 911 3777; x_wconf 90' lang='lat' dir='ltr'><strong>ne</strong></span> <span class='ocrx_word' id='word_1_268' title='bbox 922 3708 1054 3800; x_wconf 78' lang='lat' dir='ltr'><strong>aliquo?</strong></span> <span class='ocrx_word' id='word_1_269' title='bbox 1066 3712 1111 3776; x_wconf 81' lang='lat' dir='ltr'><strong>At</strong></span> <span class='ocrx_word' id='word_1_270' title='bbox 1123 3712 1187 3777; x_wconf 90' lang='lat' dir='ltr'><strong>hoe</strong></span> 
     </span>
    </p>
   </div>
   <div class='ocr_carea' id='block_1_10' title="bbox 5 3817 1187 4123">
    <p class='ocr_par' dir='ltr' id='par_1_12' title="bbox 5 3817 1187 4123">
     <span class='ocr_line' id='line_1_33' title="bbox 5 3817 1187 3907; baseline -0.003 -21"><span class='ocrx_word' id='word_1_271' title='bbox 5 3860 13 3899; x_wconf 64' lang='lat'><strong>5,</strong></span> <span class='ocrx_word' id='word_1_272' title='bbox 119 3836 183 3886; x_wconf 88' lang='lat' dir='ltr'><strong>erat</strong></span> <span class='ocrx_word' id='word_1_273' title='bbox 200 3843 330 3886; x_wconf 80' lang='lat' dir='ltr'><strong>causam</strong></span> <span class='ocrx_word' id='word_1_274' title='bbox 349 3820 506 3887; x_wconf 86' lang='lat' dir='ltr'><strong>deserere.</strong></span> <span class='ocrx_word' id='word_1_275' title='bbox 524 3821 563 3885; x_wconf 89' lang='lat' dir='ltr'><strong>ln</strong></span> <span class='ocrx_word' id='word_1_276' title='bbox 580 3841 619 3885; x_wconf 89' lang='lat' dir='ltr'><strong>eo</strong></span> <span class='ocrx_word' id='word_1_277' title='bbox 636 3819 741 3901; x_wconf 90' lang='lat' dir='ltr'><strong>enim,</strong></span> <span class='ocrx_word' id='word_1_278' title='bbox 761 3817 852 3907; x_wconf 93' lang='lat' dir='ltr'><strong>quod</strong></span> <span class='ocrx_word' id='word_1_279' title='bbox 870 3818 1009 3882; x_wconf 87' lang='lat' dir='ltr'><strong>maxime</strong></span> <span class='ocrx_word' id='word_1_280' title='bbox 1020 3834 1116 3907; x_wconf 81' lang='lat' dir='ltr'><strong>urget</strong></span> <span class='ocrx_word' id='word_1_281' title='bbox 1130 3817 1187 3883; x_wconf 91' lang='lat' dir='ltr'><strong>ad·</strong></span> 
     </span>
     <span class='ocr_line' id='line_1_34' title="bbox 12 3922 1183 4014; baseline -0.002 -22"><span class='ocrx_word' id='word_1_282' title='bbox 12 3986 15 3993; x_wconf 85' lang='lat'><strong>.</strong></span> <span class='ocrx_word' id='word_1_283' title='bbox 119 3927 291 4008; x_wconf 81' lang='lat' dir='ltr'><strong>versarius,</strong></span> <span class='ocrx_word' id='word_1_284' title='bbox 314 3925 355 3991; x_wconf 89' lang='lat' dir='ltr'><strong>de</strong></span> <span class='ocrx_word' id='word_1_285' title='bbox 373 3949 440 4014; x_wconf 92' lang='lat' dir='ltr'><strong>quo</strong></span> <span class='ocrx_word' id='word_1_286' title='bbox 464 3924 605 4007; x_wconf 90' lang='lat' dir='ltr'><strong>ajudioe</strong></span> <span class='ocrx_word' id='word_1_287' title='bbox 621 3923 800 4006; x_wconf 89' lang='lat' dir='ltr'><strong>dubitatur,</strong></span> <span class='ocrx_word' id='word_1_288' title='bbox 823 3922 1041 4013; x_wconf 80' lang='lat' dir='ltr'><strong>explanando,</strong></span> <span class='ocrx_word' id='word_1_289' title='bbox 1063 3944 1130 3989; x_wconf 86' lang='lat' dir='ltr'><strong>non</strong></span> <span class='ocrx_word' id='word_1_290' title='bbox 1149 3924 1183 3990; x_wconf 89' lang='lat' dir='ltr'><strong>in</strong></span> 
     </span>
     <span class='ocr_line' id='line_1_35' title="bbox 11 4027 1183 4123; baseline -0.002 -27"><span class='ocrx_word' id='word_1_291' title='bbox 11 4072 28 4105; x_wconf 52' lang='grc' dir='ltr'><strong>ι,</strong></span> <span class='ocrx_word' id='word_1_292' title='bbox 120 4029 357 4123; x_wconf 62' lang='lat' dir='ltr'><strong>praetereundo,</strong></span> <span class='ocrx_word' id='word_1_293' title='bbox 375 4048 408 4096; x_wconf 91' lang='lat' dir='ltr'><strong>et</strong></span> <span class='ocrx_word' id='word_1_294' title='bbox 427 4028 621 4121; x_wconf 79' lang='lat' dir='ltr'><strong>negligendo</strong></span> <span class='ocrx_word' id='word_1_295' title='bbox 640 4052 691 4093; x_wconf 91' lang='lat' dir='ltr'><strong>ars</strong></span> <span class='ocrx_word' id='word_1_296' title='bbox 709 4027 889 4094; x_wconf 78' lang='lat' dir='ltr'><strong>defensoris</strong></span> <span class='ocrx_word' id='word_1_297' title='bbox 906 4044 1062 4109; x_wconf 82' lang='lat' dir='ltr'><strong>versetur,</strong></span> <span class='ocrx_word' id='word_1_298' title='bbox 1084 4051 1183 4118; x_wconf 89' lang='lat' dir='ltr'><strong>opor·</strong></span> 
     </span>
    </p>
   </div>
   <div class='ocr_carea' id='block_1_11' title="bbox 5 4108 1183 4229">
    <p class='ocr_par' dir='ltr' id='par_1_13' title="bbox 2 4108 1183 4233">
     <span class='ocr_line' id='line_1_36' title="bbox 5 4108 1183 4229; baseline -0.006 -23.018"><span class='ocrx_word' id='word_1_299' title='bbox 5 4108 26 4229; x_wconf 28' lang='lat' dir='ltr'><strong>,T</strong></span> <span class='ocrx_word' id='word_1_300' title='bbox 121 4153 170 4203; x_wconf 86' lang='lat' dir='ltr'><strong>tet</strong></span> <span class='ocrx_word' id='word_1_301' title='bbox 188 4138 302 4222; x_wconf 90' lang='lat' dir='ltr'><strong>Quum</strong></span> <span class='ocrx_word' id='word_1_302' title='bbox 320 4138 429 4226; x_wconf 84' lang='lat' dir='ltr'><strong>itaque</strong></span> <span class='ocrx_word' id='word_1_303' title='bbox 443 4138 570 4204; x_wconf 84' lang='lat' dir='ltr'><strong>Tullius</strong></span> <span class='ocrx_word' id='word_1_304' title='bbox 587 4140 621 4203; x_wconf 93' lang='lat' dir='ltr'><strong>in</strong></span> <span class='ocrx_word' id='word_1_305' title='bbox 637 4137 738 4203; x_wconf 83' lang='lat' dir='ltr'><strong>verbo</strong></span> <span class='ocrx_word' id='word_1_306' title='bbox 755 4136 886 4227; x_wconf 42' lang='lat' dir='ltr'><strong>deicere</strong></span> <span class='ocrx_word' id='word_1_307' title='bbox 903 4151 991 4203; x_wconf 85' lang='lat' dir='ltr'><strong>totus</strong></span> <span class='ocrx_word' id='word_1_308' title='bbox 1009 4136 1065 4218; x_wconf 79' lang='lat' dir='ltr'><strong>sit,</strong></span> <span class='ocrx_word' id='word_1_309' title='bbox 1078 4158 1183 4225; x_wconf 86' lang='lat' dir='ltr'><strong>eoque</strong></span> 
     </span>
    </p>
   </div>
   <div class='ocr_carea' id='block_1_12' title="bbox 0 0 1512 4774">
    <p class='ocr_par' dir='ltr' id='par_1_14' title="bbox 0 0 1512 4774">
     <span class='ocr_line' id='line_1_37' title="bbox 0 0 1512 4774; baseline 0 2"><span class='ocrx_word' id='word_1_310' title='bbox 0 0 1512 4774; x_wconf 95' lang='lat' dir='ltr'><strong> </strong></span> 
     </span>
    </p>
   </div>
   <div class='ocr_carea' id='block_1_13' title="bbox 1504 3010 1511 4522">
    <p class='ocr_par' dir='ltr' id='par_1_15' title="bbox 1504 3010 1511 4522">
     <span class='ocr_line' id='line_1_38' title="bbox 1504 3010 1511 4522; baseline 0 0"><span class='ocrx_word' id='word_1_311' title='bbox 1504 3010 1511 4522; x_wconf 95' lang='lat' dir='ltr'><strong> </strong></span> 
     </span>
    </p>
   </div>
  </div>
 </body>
</html>
