3116 4774
337 386 408 470 lla
472 374 474 378 ·
658 388 707 455 n.
732 387 772 456 r.
798 385 1082 457 nicanorus

336 522 379 578 ut
391 504 625 578 crudelissimi
638 509 886 605 teterrimique
903 507 1069 607 supplicii
1085 506 1242 605 aliquam
1256 530 1403 609 parvam

336 641 475 688 moram
493 615 619 690 saltem
638 632 761 715 posset
778 616 917 690 afferro.

266 809 270 814 ¹
384 731 461 799 Hoc
476 742 602 815 teneo,
623 727 682 799 hic
698 727 833 814 haereo,
850 725 1007 824 judicos,
1024 727 1095 797 hoc
1110 750 1190 799 sum
1208 740 1403 800 contentus

335 859 432 923 unn;
454 837 584 907 omitto
606 861 647 908 ac
670 836 814 935 negligo
834 852 971 923 cetera3
997 860 1061 908 sua
1088 833 1313 908 confessione
1342 839 1401 908 in·

333 945 490 1018 duatur⁴
505 972 545 1019 ac
550 947 736 1044 juguletur
750 972 895 1023 necesse
908 962 974 1020 est.
984 948 1057 1037 Qui
1071 961 1179 1034 esset,
1189 945 1402 1043 ignorabas?
1437 1000 1441 1009 .
1545 926 1547 943 ⁸

333 1059 595 1156 speculatorem
624 1081 700 1130 esso
724 1057 977 1156 suspicabare?
999 1083 1075 1130 non
1094 1082 1239 1154 quaero,
1257 1083 1327 1154 qua
1341 1083 1401 1130 su·

334 1164 519 1266 spiciono⁵
543 1181 688 1240 :tuate
711 1192 840 1239 accuso
861 1171 1036 1240 oratione.
1061 1170 1182 1239 Civem
1206 1190 1421 1243 romanum·

333 1300 372 1349 se
403 1302 480 1349 esse
501 1276 653 1363 dicebat.
677 1280 712 1348 si
743 1292 783 1346 tu
809 1276 907 1374 apud
936 1281 1060 1349 Persas
1087 1290 1150 1347 ant
1175 1275 1215 1345 in
1240 1289 1400 1347 extrema

331 1385 434 1458 India
448 1385 714 1484 deprehensus,
733 1390 882 1473 Verres,
905 1384 951 1456 ad
967 1385 1185 1484 supplicium
1201 1382 1396 1455 ducerere:

330 1495 420 1594 quid
440 1494 538 1567 aliud
556 1495 772 1582 clamitares,
795 1496 916 1567 uisite
935 1497 1051 1567 civem
1077 1518 1154 1566 osso
1184 1494 1399 1564 romanum?

331 1610 390 1690 Et,
405 1607 433 1674 si
454 1605 521 1675 tibi
537 1606 662 1703 ignoto
679 1606 775 1702 apud
790 1606 952 1701 ignotos,
974 1602 1071 1702 apud
1089 1601 1283 1690 barbaros,
1301 1601 1397 1699 apud

332 1711 499 1783 homines
518 1716 556 1784 in
577 1717 745 1789 extremis
764 1731 875 1811 atquo
892 1714 1028 1786 ultimis
1047 1711 1215 1810 gentibus
1237 1714 1398 1809 positos,

330 1821 457 1894 nobile
485 1838 521 1894 et
544 1823 683 1895 illustre
708 1823 806 1921 apud
828 1847 955 1895 omnes
986 1847 1122 1894 nomen
1151 1836 1222 1892 tuae
1249 1823 1397 1893 civitatis

329 1931 540 2030 profuisset;
556 1934 635 2020 ille,
652 1934 815 2029 quisquis
828 1946 925 2019 erat,
944 1955 1053 2028 quem
1069 1945 1110 2000 lu
1126 1933 1163 2000 in
1180 1926 1324 2001 crucem
1341 1954 1396 2001 ra·
1453 1920 1457 1932 ’

213 2044 232 2137 ἰ
328 2041 472 2139 piebas,
495 2046 559 2139 qni
578 2040 646 2113 tibi
660 2055 753 2113 esset
769 2043 930 2137 ignotus,
955 2064 1070 2138 quum
1089 2041 1204 2111 civem
1222 2064 1260 2110 se
1281 2064 1396 2111 roma·

329 2176 419 2223 num
436 2176 513 2224 esse
526 2150 680 2239 diceret,
696 2151 793 2251 apud
808 2166 844 2222 te
860 2165 1050 2249 praetorem
1066 2151 1097 2221 si
1112 2174 1188 2221 non
1203 2147 1397 2246 effugium,

327 2286 375 2334 ne
401 2287 538 2333 moram
566 2260 713 2359 quidem
736 2264 880 2349 mortis,
902 2261 1218 2356 mentionemque
1247 2282 1397 2356 usurpa-

328 2368 451 2444 tione⁶
471 2374 624 2444 civitatis
641 2372 783 2466 assequi
802 2370 947 2468 potuit?

376 2485 484 2552 LXV.
513 2482 685 2551 Homines
714 2495 858 2570 tenues,
880 2480 1038 2553 obscuro
1063 2480 1147 2551 loco
1175 2480 1268 2568 nali,
1295 2479 1396 2549 navi·

331 2604 417 2687 gant
436 2616 445 2658 t
467 2588 603 2660 adeunt
618 2588 663 2689 ad
675 2614 717 2662 oa
735 2590 830 2679 loca,
853 2616 934 2688 quae
952 2612 1151 2689 numquam
1172 2603 1274 2661 antea
1292 2587 1395 2660 ride·

327 2712 433 2787 runt,
450 2698 515 2769 ubi
533 2723 653 2797 neque
675 2703 752 2771 noti
773 2725 850 2772 esso
870 2702 933 2789 iis,
956 2725 1033 2796 quo
1053 2712 1247 2784 venerunt,
1270 2723 1395 2795 neque

327 2833 470 2909 semper
494 2832 578 2882 cum
609 2809 879 2907 cognitoribus¹
915 2833 991 2881 esse
1020 2825 1183 2907 possunt.
1217 2815 1290 2881 Hac
1321 2834 1394 2881 una

328 2930 449 2988 tamen
471 2916 604 2990 fiducia
623 2921 792 3007 civitatis,
810 2943 886 2989 non
905 2919 1016 2990 modo
1036 2920 1133 3018 apud
1155 2934 1301 2993 nostros
1319 2945 1394 2992 ma·

325 3028 510 3124 gistratum
522 3031 585 3125 qui
599 3042 636 3098 et
649 3029 787 3125 legum,
800 3043 838 3099 et
846 3029 1117 3101 existimationis
1133 3028 1296 3128 periculo
1312 3054 1394 3100 con·

326 3138 500 3223 tinemur,
518 3161 639 3233 neque
659 3138 757 3235 apud
783 3143 878 3210 nives
904 3138 1022 3209 solum
1048 3162 1240 3226 romanos,
1272 3138 1394 3237 quiet

325 3249 520 3328 sermonis,
537 3262 572 3317 et
581 3248 691 3341 juris,
703 3262 739 3318 et
753 3247 947 3319 multarum
961 3273 1081 3320 rerum
1097 3250 1268 3319 societate
1275 3249 1392 3340 juncti
1490 3262 1492 3265 ’

324 3368 427 3439 sunt,
446 3353 526 3424 fore
541 3380 579 3426 se
597 3370 695 3426 tutos
714 3356 953 3447 arbitrantur3
972 3357 1055 3440 sed,
1077 3381 1310 3454 quocumque
1328 3379 1391 3426 ve·

327 3467 463 3553 nerim,
473 3465 566 3536 hanc
578 3465 648 3536 sibi
661 3491 739 3538 rem
753 3468 916 3563 praesidio
927 3483 1073 3565 sperant
1083 3456 1280 3539 futurum².
1290 3462 1392 3535 Tolle

327 3574 422 3648 hanc
446 3599 566 3675 spem,
588 3575 684 3671 ¹{olle
713 3576 785 3648 hoc
813 3578 1020 3678 praesidium
1046 3577 1183 3649 civibus
1210 3576 1391 3659 romanis;

359 3738 384 3787 l.
404 3729 533 3790 luduntur.
552 3729 683 3794 capiatur,
706 3730 836 3779 irretiatur.
880 3746 908 3778 ac
921 3731 1065 3794 nominum
1079 3732 1120 3780 hic
1129 3731 1176 3779 sibi
1191 3746 1305 3794 arrogare
1317 3727 1393 3791 algui-

325 3809 468 3874 Metaphora
478 3819 573 3874 sumpta
588 3810 618 3857 de
629 3810 767 3859 venatione.
775 3812 835 3874 Sap.
880 3807 944 3859 fluat.

327 3904 382 3953 erp.
393 3890 435 3937 58.
913 3888 991 3935 m.
1007 3903 1029 3936 r.
1049 3887 1221 3953 Cognirorilus.
1235 3887 1297 3936 eun
1308 3884 1392 3933 homi-

362 3968 386 4015 S.
406 3968 461 4028 Qun
479 3966 625 4032 suspicione.
647 3968 743 4030 Quibus
764 3982 834 4030 argu·
879 3967 973 4015 nibus·
983 3967 1072 4032 qulbus
1083 3977 1269 4030 wgnoooantur.
1284 3992 1319 4003 -
1330 3963 1394 4013 θινὶ·

326 4044 413 4093 mentis
426 4043 452 4090 id
462 4047 623 4109 suspicabare.
877 4044 945 4093 tatr‘s.
959 4046 989 4094 Id
1001 4045 1204 4108 est,qno‹lclror
1214 4043 1308 4095 romani
1316 4042 1376 4089 sint.

359 4122 384 4170 6.
400 4122 570 4184 usurpatius«.
584 4126 708 4185 Umrparo
720 4121 785 4170 idom
796 4131 833 4169 est
911 4140 937 4172 s.
947 4125 1151 4175 totamm·
1163 4124 1249 4185 lecum
1260 4139 1312 4173 non
1322 4121 1388 4172 enin
