3142 4774
315 364 362 447 aa
631 359 1067 431 mantuanorum
1235 342 1240 363 '

313 506 410 553 anno
433 482 539 552 tertio
558 494 593 550 te
613 480 764 552 edixisse
780 479 872 551 dico.
896 481 985 569 Quae
1004 484 1032 550 si
1052 481 1258 579 reipublicae
1277 507 1384 556 causa

314 590 465 678 laceres,
495 593 534 659 in
562 589 759 660 vendundo
787 602 906 661 essent
933 592 1185 687 pronuntiata;
1212 593 1298 689 quia
1322 609 1383 666 tua

313 724 420 772 eausa
431 697 604 787 faciebas,
620 698 722 795 quod
738 714 814 770 erat
827 696 1072 796 imprudentia
1085 706 1381 799 praetermissum,

313 809 351 881 id
366 804 504 907 questu
520 833 562 879 ac
575 823 740 906 tempore
757 808 963 879 admonitus
975 808 1238 905 reprehendisti
1246 804 1273 879 ⁸.
1287 810 1381 883 Illud

312 943 398 989 vero
410 920 469 989 cui
481 916 629 1017 probari
641 918 783 1014 potest?
792 931 827 988 te
840 920 918 987 sine
930 932 995 987 tuo
1007 933 1161 1013 quaestu,
1171 943 1211 990 ac
1221 922 1381 993 maximo

312 1043 470 1123 quaestu,
495 1041 630 1097 tantam
659 1041 758 1097 tuam
783 1024 988 1115 infamiam,
1009 1041 1153 1099 tantum
1176 1031 1301 1126 capitis
1328 1034 1381 1102 tui

311 1135 616 1233 fortunarumque
641 1138 843 1234 periculum
864 1136 1082 1234 neglexisse;
1103 1152 1164 1226 ut,
1188 1164 1303 1236 quum
1322 1155 1379 1211 to-

310 1253 382 1319 tius
396 1246 521 1318 Siciliae
540 1246 704 1344 quotidie
718 1250 872 1344 gemitus
886 1247 1204 1344 querimoniasque
1217 1247 1376 1338 audires,

311 1382 445 1453 quum,
470 1371 511 1427 ut
534 1359 609 1454 ipse
631 1355 769 1443 dixisti,
791 1380 894 1427 reum
919 1370 954 1425 te
980 1352 1058 1426 sore
1081 1371 1245 1454 putares;
1264 1382 1377 1454 quum

309 1466 464 1562 hujusce
491 1464 617 1562 judicii
644 1466 838 1538 discrimen
863 1465 910 1537 ab
932 1468 1105 1563 opinione
1130 1482 1192 1538 tua
1216 1493 1291 1539 non
1313 1468 1378 1541 ab·

310 1576 503 1648 horreret:
532 1591 695 1675 paterere
721 1590 842 1648 tamen
869 1591 1027 1647 aratores
1048 1574 1301 1673 indignissimis
1322 1579 1377 1648 in·

307 1686 411 1782 juriis
433 1687 555 1756 vexari
578 1710 619 1756 ac
644 1684 774 1782 diripi?
795 1683 981 1772 Profecto,
1000 1710 1222 1783 quamquam
1246 1710 1284 1759 es
1301 1691 1377 1759 sin-

309 1794 425 1893 gulari
456 1794 666 1865 crudelitate
696 1810 732 1865 et
762 1793 929 1883 audacia,
957 1809 1078 1866 tamen
1109 1795 1173 1865 abs
1200 1811 1235 1865 te
1262 1810 1376 1869 totam

308 1905 456 1977 alienari
475 1907 718 2002 provinciam,
736 1919 793 1975 tot
809 1904 976 1976 homines
995 1903 1294 1977 honestissimos9
1310 1907 1377 1980 tibi

307 2016 571 2086 inimicissimos
592 2012 671 2085 fieri
693 2014 827 2102 nolles,
843 2016 912 2085 nisi
928 2014 1022 2085 hane
1039 2017 1237 2101 rationem,
1259 2029 1295 2085 et
1313 2040 1374 2087 co·

307 2126 518 2224 gitationem
532 2124 656 2195 salutis
671 2139 761 2211 tuae,
775 2128 936 2221 pecuniae
952 2120 1147 2219 cupiditas,
1161 2146 1203 2193 ac
1217 2147 1375 2220 praesens

307 2236 368 2306 illa
390 2234 509 2333 praeda
530 2249 728 2333 superaret.

354 2346 515 2430 Etenim,
539 2345 710 2439 quoniam
740 2367 917 2414 summam
945 2357 981 2414 et
1006 2366 1201 2413 numerum
1228 2344 1373 2439 injuria·

306 2476 406 2540 rtun,
416 2451 574 2547 judices,
586 2444 690 2523 vobis
704 2478 778 2524 non
794 2477 941 2552 possum
955 2476 1156 2550 exponere3
1170 2453 1372 2550 singillatim

305 2577 426 2635 autem
443 2560 489 2631 de
502 2563 788 2660 uniuscujusque
808 2563 1039 2635 incommodo
1054 2561 1173 2635 dicere
1188 2562 1372 2635 infinitum

307 2689 384 2746 est:
402 2697 535 2770 genera
551 2674 628 2772 ipsa
642 2674 875 2769 injuriarum,
895 2697 1037 2771 quaeso,
1056 2676 1274 2770 cognoscite.

352 2788 448 2854 XXI.
473 2782 642 2881 Nympho
668 2797 722 2856 est
744 2785 1024 2879 Centuripinus,
1055 2780 1167 2853 horno
1196 2804 1309 2851 navus
1336 2797 1372 2853 et

302 2893 517 2980 industrius,
533 2896 862 2991 experientissimus
874 2917 915 2963 ac
929 2891 1221 2989 diligentissimus
1237 2907 1369 2964 arator.

302 3008 338 3075 ls
356 3027 473 3101 quum
491 3005 669 3073 arationes
686 3028 833 3099 magnas
852 3003 1070 3074 conductas¹
1086 3001 1238 3075 haberet
1249 3002 1369 3101 (quod

301 3112 468 3183 homines
486 3116 594 3183 etiam
611 3113 830 3210 locupletes,
848 3116 940 3185 sicut
959 3112 1018 3185 ille
1035 3128 1109 3200 est,
1129 3114 1168 3184 in
1186 3113 1305 3183 Sicilia
1316 3109 1368 3181 fa-

301 3246 382 3294 cere
404 3220 713 3315 consueverunt),
735 3248 866 3320 easque
890 3248 1018 3322 magna
1038 3224 1217 3319 impensa,
1236 3245 1369 3316 magno

298 3333 540 3402 instrumento
557 3341 775 3403 tueretur²:
805 3348 905 3404 tanta
931 3333 977 3404 ab
1006 3334 1074 3402 isto
1088 3330 1279 3426 iniquitate
1301 3353 1368 3426 op-

300 3465 446 3539 pressus
461 3456 534 3529 est,
554 3456 597 3512 ut
618 3467 691 3513 non
710 3440 822 3514 modo
845 3444 1022 3514 arationes
1040 3438 1282 3535 relinqueret,
1304 3437 1368 3508 sed
1470 3492 1473 3499 .
1501 3472 1505 3479 ·
1562 3474 1563 3481 1

300 3553 408 3622 etiam
439 3575 484 3621 ex
513 3551 631 3623 Sicilia
660 3550 894 3650 profugeret,
926 3554 1151 3645 Romamque
1181 3572 1254 3618 una
1284 3572 1367 3618 cum

334 3750 361 3797 8.
372 3747 764 3813 depr-eluendqunssihocste
775 3748 813 3796 fu·
856 3745 946 3796 Nullus
961 3755 1042 3794 sutem
1062 3744 1119 3813 cod
1137 3744 1229 3802 habet,
1252 3753 1367 3792 monente

299 3825 379 3889 gisset.
404 3826 533 3891 Eleganter
556 3843 570 3875 s
595 3828 705 3892 fugitivis
735 3826 811 3874 servis
855 3825 970 3874 sdversus
982 3826 1113 3873 Gruterum
1126 3826 1232 3873 Graevio.

296 3904 447 3953 translatum.
464 3907 503 3954 Sic
520 3902 588 3971 aptid
600 3909 658 3956 Ter.
672 3904 810 3954 «retraham
890 3905 963 3953 ΠΙ.
980 3920 1002 3953 r.
1023 3903 1169 3953 cananeas.
1180 3905 1264 3965 Quum
1273 3901 1366 3950 multos

298 3981 427 4044 fugitivam
440 3996 597 4047 argentum».
853 4001 925 4049 egros
939 3983 1056 4032 colendos
1072 3983 1225 4048 suscepisset.

331 4075 357 4122 9.
376 4061 441 4110 Olim
464 4060 520 4111 lon.
544 4079 576 4110 ae
599 4061 805 4131 locupletissimos.
889 4079 912 4113 a.
930 4066 1053 4112 rueretur.
1075 4063 1168 4128 Magno
1181 4072 1280 4126 sumptu
1293 4072 1318 4110 et
1334 4062 1365 4108 iis
