3054 4772
359 392 552 465 ORATIO
576 396 675 465 PRO
699 391 757 464 Μ’.
785 390 1029 466 FONTEIO.
1150 390 1224 469 655

159 537 274 617 prope
297 526 473 588 terrarum
492 510 590 588 orbis
619 516 830 614 regebatur,
853 517 964 612 jurati
995 517 1224 607 testimonio,

160 654 279 726 neque
297 629 337 698 iu
356 632 395 698 C.
410 625 647 715 Fimbriana,
665 651 786 723 neque
805 629 843 696 in
860 631 900 698 C.
921 630 1134 700 Memmium
1148 653 1224 700 cre·

159 739 275 810 ditum
294 752 357 810 est.
379 737 581 808 Noluerunt
600 738 645 823 ii,
665 739 728 833 qui
742 736 970 831 judicabant,
990 736 1085 809 hanc
1100 753 1224 836 patere

159 848 355 919 inimicitiis
370 849 482 930 viam,
501 870 610 944 quern
632 847 789 943 quisque
814 846 967 933 odisset,
992 862 1033 919 ut
1058 872 1142 919 eum
1168 864 1224 920 te·

158 958 328 1029 stimonio
345 970 466 1054 posset
483 956 621 1027 tollere.
641 958 809 1046 Quantus
826 959 864 1026 in
878 958 917 1028 L.
936 952 1089 1029 Crasso⁸
1105 957 1223 1049 pudor

158 1067 286 1156 fuerit,
308 1065 408 1164 quod
423 1066 628 1164 ingenium,
647 1080 783 1162 quanta
801 1068 1013 1156 auctoritas,
1028 1071 1110 1164 quis
1123 1071 1225 1164 igno-

159 1178 236 1247 rati
256 1191 376 1248 tamen
396 1177 444 1264 is,
465 1177 570 1271 cujus
588 1177 695 1246 etiam
719 1199 838 1246 sermo
857 1177 1052 1246 testimonii
1068 1181 1223 1248 auctori-

159 1301 268 1358 tatem
295 1284 473 1372 babebat,
497 1287 704 1357 testimonio
726 1289 826 1383 ipso,
848 1287 983 1382 quaein
1005 1286 1054 1356 M.
1075 1286 1225 1358 Marcei·

159 1398 234 1468 Iurn
252 1398 399 1468 inimico
418 1397 539 1466 animo
559 1395 667 1481 dixit,
695 1395 852 1493 probare
874 1421 950 1466 non
971 1398 1101 1492 potuit.
1116 1399 1226 1495 ¹Fuit,

158 1505 226 1577 fuit
240 1506 309 1576 iilis
318 1504 503 1600 judicibus
517 1505 679 1576 divinum
696 1530 737 1576 ac
751 1506 952 1603 singulare,
965 1505 1123 1601 judices,
1136 1532 1224 1579 con·

159 1617 296 1704 silium,
314 1618 379 1714 qui
398 1641 436 1687 se
458 1640 533 1687 non
553 1614 671 1686 solnm
689 1615 734 1685 dc
755 1639 839 1702 reo,
860 1616 1046 1687 sedetiam
1063 1615 1226 1691 deaccu·

159 1741 294 1815 satore,
313 1726 358 1798 de
372 1740 463 1797 teste
477 1724 639 1821 judicare
661 1722 950 1809 arbitrabantur,
973 1725 1060 1822 quid
1078 1724 1224 1819 fictum,

159 1835 249 1933 quid
267 1862 288 1907 a
305 1834 452 1906 fortuna
467 1859 509 1906 ac
525 1849 692 1932 tempore
706 1833 873 1919 aliatum,
894 1834 983 1931 quid
1008 1838 1125 1932 pretio
1144 1863 1226 1910 cor·

158 1960 326 2044 ruptum,
344 1944 433 2044 quid
447 1959 587 2043 speaut
602 1958 703 2017 metu
714 1942 967 2042 depravatum,
984 1942 1107 2041 quida
1121 1952 1224 2046 cupi·

159 2053 269 2127 ditate
289 2054 408 2152 aliqua
424 2070 486 2126 aut
508 2055 703 2125 inimicitiis
721 2052 925 2151 proiectum
934 2053 1126 2126 videretur.
1136 2060 1225 2149 Quae

57 2232 60 2237 ,
159 2166 189 2234 si
206 2164 318 2260 judex
335 2189 410 2235 non
427 2164 666 2262 amplectetur
682 2165 804 2234 omnia
825 2162 996 2250 consilio,
1012 2189 1086 2235 non
1102 2169 1224 2240 auimo

152 2299 200 2345 ⁴ac
218 2289 338 2346 mente
360 2274 646 2370 circumspiciet,
665 2276 711 2359 si,
729 2286 771 2343 ut
789 2271 951 2369 quidque
970 2298 1015 2344 ex
1033 2273 1122 2345 illo⁹
1144 2275 1225 2349 Ioco

159 2383 315 2471 dicetur,
329 2411 374 2456 ex
394 2383 541 2456 oraculo
557 2382 680 2480 aliquo
699 2381 770 2454 dici
784 2381 1041 2454 arbitrabitur:
1063 2383 1224 2481 proiecto

158 2498 242 2566 satis
267 2496 350 2582 erit,
372 2492 411 2564 id
432 2493 534 2590 quod
552 2492 627 2564 dixi
649 2507 772 2580 antea,
798 2518 874 2565 non
896 2493 1046 2565 surdum
1064 2495 1225 2590 judicem

158 2604 244 2675 huic
261 2605 404 2675 muneri
424 2619 533 2701 atque
552 2601 674 2675 officio
692 2628 858 2702 praeesse;
880 2604 969 2676 nihil
989 2608 1075 2692 erit,
1094 2632 1225 2704 quam·

158 2713 285 2785 obrem
316 2712 397 2802 ille,
422 2714 544 2785 nescio
571 2714 673 2811 quis,
703 2717 845 2811 sapiens
872 2712 1003 2801 bomo,
1031 2739 1072 2787 ac
1098 2717 1226 2790 multa·

159 2848 238 2894 rum
262 2847 382 2894 rerum
401 2823 557 2921 peritus,
578 2821 624 2894 ad
641 2847 699 2895 res
715 2821 928 2918 judicandas
943 2825 1160 2920 requiratur.

205 2939 266 3004 XI.
293 2937 351 3003 An
374 2956 460 3004 vero
482 2932 531 3003 iili
559 2934 702 3030 equites
721 2935 863 3005 romani
879 2944 911 3022 ¹,
932 2958 1025 3030 quos
1048 2959 1115 3005 nos
1132 2935 1223 3006 vidi·

158 3052 283 3131 mus¹,
312 3044 376 3140 qui
400 3066 519 3139 nuper
544 3046 581 3113 in
606 3041 795 3141 republica
821 3041 1039 3140 judiciisque
1060 3046 1225 3118 maximis

158 3153 379 3242 floruerunt,
398 3151 608 3224 babuerunt
632 3168 772 3224 tanturn
792 3154 924 3243 animi,
950 3166 1091 3224 tantum
1112 3154 1224 3228 robo-

158 3336 262 3384 Iortunae
275 3333 403 3399 presidio,
414 3333 457 3382 red
468 3333 553 3383 labore
562 3343 587 3382 et
596 3333 670 3382 virtu·
713 3345 794 3383 tamen
806 3350 858 3383 non
871 3333 968 3383 obesset
986 3335 1038 3395 ejus
1049 3336 1167 3395 orationi,
1181 3337 1224 3386 red

157 3415 506 3479 tibus,adsnmmosquorque
517 3415 669 3478 magistratus
713 3414 784 3461 etism
795 3413 925 3478 probitatis
938 3414 1150 3465 commendatione
1162 3433 1225 3482 pro·

157 3507 182 3543 et
195 3506 292 3543 senatus
303 3495 467 3559 principatum
481 3505 516 3542 est
526 3505 667 3559 provectus.
712 3492 800 3541 duret.

157 3573 295 3623 contrat
308 3574 376 3622 Μαι
390 3574 466 3634 VIII,
479 3572 511 3631 5,
526 3589 551 3621 o.
748 3587 773 3634 9.
789 3570 887 3619 Exilia
901 3571 965 3620 Ioco.
977 3573 997 3620 E
1007 3571 1123 3621 subsellio
1133 3574 1158 3622 In
1172 3592 1224 3640 qno

193 3670 217 3715 p.
224 3653 256 3700 Iu
267 3652 293 3700 G.
302 3650 442 3701 timerium.
450 3654 499 3699 Iste
512 3667 568 3699 enm
577 3651 607 3700 C.
617 3651 669 3698 Ma·
713 3649 829 3698 sedebant
842 3660 926 3709 testes,
939 3660 964 3698 et
980 3650 1049 3713 quod
1063 3651 1167 3716 loquens
1184 3654 1224 3704 di·

156 3731 194 3779 rio
208 3731 303 3791 consul,
317 3731 348 3780 de
356 3732 505 3796 repetundis,
517 3742 544 3779 ut
553 3732 582 3781 C.
590 3730 669 3778 Mem·
714 3730 765 3795 gito
776 3728 911 3778 indicabat.

157 3810 272 3871 mins,est
282 3821 415 3860 accusatus.
429 3811 589 3862 eoncvuer.
599 3812 668 3859 Max.
750 3810 798 3858 xl.
813 3824 837 3857 1.
845 3808 947 3873 Equites
953 3824 1014 3858 rom.
1023 3809 1070 3867 Illi,
1081 3809 1134 3876 Iege
1150 3814 1225 3862 Grec·

158 3888 229 3947 VIII,
240 3890 271 3947 5,
284 3906 309 3938 a.
713 3886 807 3947 chana,
826 3887 872 3934 soii
889 3887 984 3949 jndices
1004 3889 1122 3948 iniurati,
1140 3904 1225 3957 postes

195 3968 219 4013 8.
232 3969 263 4014 Iu
275 3971 302 4017 L.
314 3968 401 4017 Crasso
412 3967 503 4031 pudor.
515 3966 573 4016 Fuit
585 3967 649 4015 enim
661 4003 670 4030 ,
714 3967 816 4017 omnino
829 3982 844 4013 e
856 3966 921 4015 Sulis
935 3968 1099 4026 remoti,tnne
1110 3976 1226 4036 temporis

158 4045 193 4093 ait
203 4047 301 4106 Cicero,
314 4048 340 4094 in
351 4046 417 4095 libro
430 4047 510 4112 primo
519 4045 549 4095 de
558 4047 672 4105 Oratore,
715 4061 728 4093 s
747 4049 776 4096 1..
799 4046 900 4097 Aurelio
924 4048 997 4097 Cotts
1024 4049 1051 4098 in
1076 4050 1226 4112 judictornm

159 4122 275 4173 mirificus
286 4124 385 4187 quidam
396 4126 422 4174 in
435 4126 523 4176 Crasso
532 4125 670 4190 pndor,qni
715 4136 809 4191 partem
825 4126 1015 4188 morabantur,
1028 4145 1084 4193 qnae
1100 4131 1150 4192 jem
1162 4132 1227 4181 iuter
