3176 4770
380 430 432 497 IN
456 427 678 497 VERREM
700 430 807 501 ACT.
830 432 890 515 ll,
917 433 1009 499 LlB.
1031 433 1099 500 lll.
1207 457 1273 528 ¹¹9

212 574 283 645 que
308 548 471 621 tantum?
498 563 669 644 quautam
692 549 861 642 iujuriam
885 547 1047 623 fecerunt
1067 557 1170 625 Verri
1195 578 1271 626 ara·

213 675 330 743 tores,
345 673 386 729 ut
401 683 463 730 eos
479 663 586 729 etiam
599 657 749 729 libertus
763 671 801 728 et
815 682 987 729 accensus
1000 660 1079 753 ejus
1092 676 1164 733 tam
1181 668 1272 735 irato

180 796 185 803 ·
213 769 335 839 animo
353 767 408 838 his
427 768 537 841 literis
554 768 791 865 insequatur?
846 810 850 819 ·

261 882 416 951 LXVIII.
437 883 564 974 Neque
581 903 647 973 ego
665 877 774 972 hujus
793 876 948 974 fugitivi,
964 878 1122 973 judicos,
1141 886 1272 979 episto·

214 989 285 1061 lam
297 987 400 1059 vobis
414 991 636 1069 recitassem,
654 990 723 1057 nisi
737 1000 779 1056 ut
795 1011 839 1057 ex
853 1012 895 1057 ea
908 991 1019 1058 totius
1035 987 1175 1063 familiae
1190 1018 1277 1088 prae·

214 1112 338 1194 cepta,
356 1114 393 1169 et
412 1100 594 1183 instituta,
617 1112 653 1168 et
672 1095 897 1195 disciplinam
916 1103 1190 1193 cognosceretis.
1214 1106 1275 1175 vi-

212 1207 324 1291 detis,
346 1221 386 1277 ut
407 1222 554 1279 moueat
571 1209 795 1304 Apronium?
817 1205 951 1304 quibus
965 1208 1076 1281 relius
1092 1235 1133 1283 ac
1146 1237 1276 1289 mune·

212 1316 313 1389 ribus
340 1319 499 1389 insinuet
527 1318 565 1385 in
593 1314 869 1389 familiaritatem
901 1317 1063 1391 Metelli?
1094 1320 1277 1401 Volteium

214 1428 448 1525 corrumpat?
466 1426 600 1499 scribas
624 1450 887 1522 accensumque
910 1430 1026 1525 pretio
1046 1426 1215 1501 deliniat?
1236 1456 1278 1503 ea

215 1540 397 1632 praecipit,
420 1561 500 1631 quae
526 1535 639 1621 vidit;
668 1560 710 1605 ea
735 1549 860 1607 monet
884 1535 1039 1609 alienum
1072 1539 1278 1623 hominem,

216 1670 296 1742 quae
313 1645 412 1717 (lomi
427 1643 553 1715 didicit
566 1646 651 1741 ipse.
666 1648 802 1727 Verum
821 1649 859 1713 iu
873 1644 945 1714 hoc
957 1661 1052 1729 errat
1067 1674 1160 1735 uno,
1177 1651 1277 1746 quod

216 1754 358 1827 easdem
378 1757 555 1825 existimat
581 1756 653 1827 vias
673 1751 719 1824 ad
739 1755 902 1827 omnium
924 1754 1178 1833 familiaritates
1199 1785 1277 1839 esse

216 1865 383 1935 munitas.
402 1867 630 1960 Quamquam
647 1864 797 1935 merito¹
816 1889 895 1937 sum
916 1869 1028 1939 iratus
1045 1871 1207 1956 Metello;
1227 1885 1279 1943 ta·

216 1999 300 2047 men
328 1974 422 2062 haec,
449 1999 528 2070 quae
552 1999 635 2045 vera
662 1989 767 2058 sunt,
795 1974 923 2047 dicam.
951 1979 1132 2074 Apronius
1159 1981 1279 2075 ipsum

215 2084 402 2157 Metellum
420 2109 494 2155 non
513 2087 651 2182 pretio,
665 2100 707 2155 ut
723 2088 891 2174 Verrem,
907 2111 981 2171 uon
1001 2091 1186 2174 convivio,
1204 2114 1279 2161 uon

214 2196 386 2281 muliere,
405 2221 479 2266 non
498 2198 846 2271 sermoneincauto²
858 2211 967 2293 atque
980 2197 1149 2294 improbo
1160 2215 1281 2296 posset

216 2330 468 2405 corrumpere:
492 2305 626 2403 quibus
647 2305 757 2387 rebus
777 2331 852 2379 non
875 2308 1008 2383 sensim
1026 2323 1135 2405 atque
1157 2309 1280 2380 mode·

216 2432 292 2489 rate
303 2417 348 2489 ad
360 2419 461 2488 istius
472 2420 664 2489 amicitiam
681 2415 905 2513 adrepserat,
923 2416 986 2487 sed
998 2415 1100 2489 brevi
1116 2433 1280 2515 tempore

216 2540 332 2596 totum
348 2527 554 2613 hominem,
570 2541 755 2621 totamque
768 2527 845 2620 ejus
853 2541 1045 2622 praeturam
1059 2528 1278 2625 possederat.

216 2636 412 2709 Cohortem
441 2652 563 2711 autem
589 2635 746 2723 Metelli,
773 2661 881 2732 quam
914 2652 1037 2723 vocat,
1065 2638 1156 2733 quid
1187 2653 1281 2720 erat,

216 2748 315 2841 quod
338 2762 607 2844 corrumperet,
631 2769 679 2817 ex
701 2770 773 2841 qua
795 2748 831 2816 in
857 2742 1062 2819 aratorem³
1087 2770 1279 2843 reeupera-

219 2869 314 2924 tores
336 2846 424 2926 nulli
447 2855 650 2927 dabantur?
668 2859 758 2925 Nam
779 2854 879 2955 quod
899 2854 1059 2942 scribitl,
1078 2856 1214 2926 Metelli
1237 2852 1281 2925 fiss

218 2963 308 3034 lium
327 2987 480 3060 puerum
497 2961 610 3049 esse⁵‚
625 2965 858 3037 vehementer
879 2979 994 3034 errat:
1019 2989 1094 3034 non
1118 2958 1214 3034 enirn
1237 2965 1282 3035 ad

218 3099 345 3147 omues
373 3090 566 3171 praetorum
587 3076 682 3147 filios
701 3075 813 3147 iidem
835 3075 954 3145 aditus
975 3089 1072 3145 sunt.
1092 3080 1124 3144 0
1145 3079 1280 3147 Timar·

219 3185 343 3272 clude,
365 3183 501 3257 Metelli
521 3200 575 3255 est
592 3182 687 3259 filius
708 3188 744 3257 in
764 3189 969 3284 provincia,
992 3212 1067 3256 non
1092 3212 1194 3283 puer,
1217 3186 1281 3258 sed

253 3366 370 3415 vanr.
386 3379 409 3414 1.
425 3362 520 3413 Merito.
534 3363 598 3427 Quia
612 3363 636 3408 vi
646 3373 728 3411 ensto-
809 3364 832 3411 5.
846 3367 951 3411 Puerum
965 3381 1020 3415 este.
1030 3365 1100 3411 Verri
1113 3364 1217 3413 dabatur
1232 3366 1282 3411 cri·

219 3445 313 3508 diisque
321 3445 548 3493 testaccltomam
558 3442 680 3501 venirent,
691 3458 728 3490 re·
772 3442 843 3502 mini,
857 3441 1015 3505 quodlilium
1028 3460 1099 3491 sunm
1112 3460 1216 3507 puerum
1238 3459 1282 3507 pa-

218 3524 484 3587 uuuttmibump.
497 3531 521 3580 t.
771 3538 825 3569 rum
848 3532 912 3571 caste
935 3538 1016 3573 seeum
1042 3524 1071 3570 in
1093 3524 1219 3587 provincia
1239 3521 1283 3568 ha-

256 3621 279 3652 n.
292 3603 355 3653 Cod.
366 3602 447 3651 Naun.
456 3602 558 3666 irnpum.
568 3603 593 3648 J.
603 3603 635 3649 V.
646 3602 672 3647 L.
772 3600 872 3648 buisset.
885 3601 993 3653 Conatnr
1002 3599 1168 3651 Timarchides
1182 3603 1284 3647 Verrem

256 3683 279 3731 3.
291 3681 396 3733 Addidit
408 3682 490 3729 (ἔων.
503 3697 517 3727 e
530 3680 593 3731 MSS
606 3679 631 3726 in
645 3690 729 3726 arato·
773 3678 919 3739 defendere,
937 3680 1013 3728 allato
1037 3680 1151 3743 exemplo
1174 3678 1284 3737 Metelli,

219 3761 381 3811 termliabeut
391 3774 490 3823 qnoque
499 3758 550 3807 duo
560 3760 628 3821 regii.
638 3759 727 3806 J.v.t.
773 3756 815 3820 qui
830 3757 916 3820 etipse
927 3757 1004 3805 lilium
1017 3757 1115 3821 quidem
1124 3758 1148 3802 in
1158 3755 1284 3821 provincia

255 3849 280 3897 t.
292 3840 359 3887 Nam
372 3838 442 3902 quod
451 3837 542 3886 scribit.
555 3837 729 3884 PatetTinnr·
758 3832 855 3884 'secum
870 3836 974 3885 habebat
987 3853 1072 3896 snum,
1088 3838 1159 3883 etiam
1171 3852 1284 3901 puerum.
1363 3852 1366 3865 ·

219 3918 298 3971 chidis
311 3917 439 3982 epistolam
450 3918 569 3980 integram
575 3931 626 3965 non
632 3914 730 3980 publice
773 3914 903 3964 Advenis
912 3931 1021 3975 canum,
1032 3916 1113 3979 inquit
1120 3916 1215 3973 Cicero,
1225 3917 1287 3965 nihil

219 3998 307 4047 lectam
320 3998 455 4055 (ψωμοὶ
465 3993 635 4042 ἀοακΙοοωιι
644 3995 729 4055 inquo
775 3997 823 4059 ogit
833 3993 925 4045 Metelli
935 3994 1074 4057 exemplum
1086 4008 1093 4042 τ
1113 4011 1194 4061 secum
1215 3995 1289 4044 habe-

221 4075 252 4123 da
274 4076 368 4127 Metelli
381 4074 433 4123 lilio
456 4075 549 4123 mentio
568 4072 653 4121 fiebat,
669 4073 731 4119 Sunt
779 4073 1294 4139 hatfiliumadolescentemseddisoipllna

222 4152 729 4218 quiuistimameapofietfimmncreue.
777 4154 849 4217 longe
867 4155 977 4203 castiora.
