3176 4770
394 403 446 470 IN
471 400 684 469 VERREM
708 398 818 469 ACT.
845 401 898 481 ll,
924 401 1015 467 Ll-B.
1041 402 1117 468 ΙΙΙ.
1219 395 1284 466 103

227 546 356 594 vocare
380 520 596 621 Apronium,
626 543 693 589 nec
723 519 825 590 illum
849 533 933 590 ante
952 510 1286 603 tibi⁵'satislacere,

226 657 336 735 quam
363 646 404 703 tu
431 635 593 703 omnium
625 629 877 700 existimationi
902 626 1137 700 satisfecisses.
1163 630 1287 722 Quum

227 767 315 813 vero
347 745 384 811 in
417 739 498 811 foro
529 737 782 823 celeberrimo,
816 751 913 811 tanta
941 735 1167 835 frequentia,
1197 737 1287 824 boc,

226 850 341 925 verbo
355 866 391 924 et
403 851 649 937 simulatione,
662 851 845 947 Apronio,
858 870 898 919 re
912 871 1014 935 vera,
1027 846 1095 923 tibi
1106 846 1289 942 objectum

228 976 338 1050 emet,
367 976 408 1034 tu
437 983 612 1059 umquam
639 973 775 1030 tantam
802 959 943 1057 plagam
970 960 1100 1028 tacitus
1129 957 1290 1054 accipere

226 1074 421 1169 potuisses,
444 1074 512 1142 nisi
530 1071 601 1143 hoc
617 1072 667 1141 ita
683 1072 883 1154 statuisses,
901 1068 938 1137 in
957 1091 995 1139 re
1014 1081 1087 1137 tam
1104 1063 1296 1151 manifesta,

226 1181 407 1281 quidquid
431 1181 601 1267 dixisses,
626 1195 662 1251 te
686 1179 846 1252 deterius
866 1201 943 1249 esse
961 1173 1165 1247 facturum?
1182 1176 1290 1265 Quae-

226 1308 342 1365 stores
350 1289 379 1379 ⁶,
390 1291 540 1389 legatos,
559 1288 748 1389 praefectos
762 1314 865 1374 suos,
884 1284 1072 1395 tpibunos,
1089 1284 1196 1357 multi
1212 1287 1291 1355 mis·

225 1426 285 1475 sos
297 1401 475 1483 fecerunt,
489 1418 526 1474 et
537 1402 582 1475 de
594 1405 778 1499 provincia
791 1397 964 1471 decedere
972 1398 1175 1493 jusserunt,
1190 1395 1289 1492 quod

226 1534 355 1585 eorum
373 1512 480 1609 culpa
497 1537 536 1585 se
559 1513 702 1582 minus⁷
724 1507 914 1580 commode
931 1506 1055 1579 andire
1073 1506 1290 1599 arbitraren-

227 1637 300 1708 tur,
314 1634 376 1693 aut
392 1620 492 1718 quod
508 1644 658 1719 peccare
671 1618 750 1689 illos
767 1618 885 1714 aliqua
901 1621 940 1687 in
958 1642 997 1688 re
1008 1615 1231 1713 judicarent:
1251 1629 1291 1686 tu

227 1730 448 1825 Apronium,
473 1728 659 1801 hominem
688 1729 744 1799 vix
768 1723 962 1815 liberunt,
989 1730 1291 1814 contaminatum,

228 1838 430 1936 perditum,
448 1838 682 1937 flagitiosum,
706 1843 864 1936 quinon
888 1839 997 1910 modo
1019 1839 1180 1909 animum
1199 1838 1290 1908 inte·

226 1957 367 2044 grum9,
386 1947 448 2021 sed
467 1974 514 2021 ne
532 1950 731 2021 animam¹⁰
754 1946 902 2045 quidem
925 1973 1054 2045 puram
1078 1970 1290 2020 conservare

226 2060 420 2156 potuisset,
432 2084 536 2147 eum,
548 2062 585 2130 in
598 2075 697 2131 tanto
711 2074 775 2131 tuo
788 2058 982 2147 dedecore,
997 2083 1074 2129 non
1085 2070 1112 2101 ¹¹
1126 2056 1290 2155 profecto

227 2193 273 2238 ue
289 2167 402 2240 verbo
420 2170 568 2266 quidem
580 2175 742 2267 graviore
756 2168 987 2266 appellasses,
1006 2191 1126 2264 neque
1140 2166 1237 2263 apud
1255 2181 1290 2235 te

225 2290 300 2349 tam
317 2292 438 2350 sancta
457 2279 585 2375 religio
601 2279 780 2351 societatis
797 2277 939 2364 fuisset,
962 2292 1002 2349 ut
1021 2280 1074 2348 tui
1091 2278 1216 2374 capitis
1229 2300 1290 2374 pe·

225 2387 380 2458 riculum
406 2389 619 2486 negligerem
641 2390 710 2461 nisi
734 2412 811 2463 rum
832 2402 905 2462 tam
930 2402 1054 2459 notam
1073 2410 1150 2459 esse
1171 2389 1291 2458 omni·

226 2493 316 2584 bus,
333 2511 370 2568 et
389 2511 460 2569 tam
482 2497 704 2571 manifestam
718 2508 746 2541 ¹²
762 2496 910 2570 videres.
926 2501 1017 2571 Cum
1032 2498 1161 2571 eodem
1176 2502 1290 2596 Apro-

226 2607 289 2678 nio
311 2622 436 2704 postea
456 2614 492 2679 P.
515 2609 730 2695 Scandilius,
749 2633 860 2705 eques
880 2632 1071 2692 romanus,
1094 2632 1203 2704 quem
1226 2631 1290 2677 vos

227 2740 352 2791 omnes
374 2723 503 2808 nostis,
524 2720 687 2795 eamdem
706 2726 938 2820 sponsionem
955 2721 1000 2793 de
1019 2718 1227 2795 societate¹³
1245 2717 1292 2791 fe·

229 2830 298 2913 cit,
314 2852 423 2924 quam
440 2830 597 2904 Rubrius
623 2829 740 2904 facere
765 2832 937 2903 voluerat.
969 2832 1117 2918 Institit,
1141 2855 1291 2928 oppres·

229 2936 291 3021 sit,
309 2960 384 3008 non
404 2941 559 3015 remisit:
580 2939 672 3013 facta
697 2955 751 3015 est
773 2945 921 3040 sponsio
946 2946 1010 3013 H·S
1030 2964 1052 3011 v
1075 2941 1289 3015 millium¹⁴:

266 3181 291 3228 5.
315 3178 368 3228 rt'bi
378 3178 526 3244 sacrifacere.
540 3184 591 3232 Neo
606 3184 674 3231 illum
692 3184 737 3232 tibi
821 3201 857 3233 ro.
880 3185 1006 3234 Amnum.
1025 3186 1144 3236 llelitum.
1168 3188 1292 3252 Apronius

230 3269 358 3323 purgatum
368 3274 434 3319 esse,
444 3270 570 3325 antequam
583 3272 610 3309 tu
622 3274 738 3326 purgatus
782 3264 930 3315 teterrimum
947 3264 1072 3313 ululabat
1084 3266 1193 3315 odorem.

228 3355 292 3389 estes
301 3338 422 3388 omnibus.
821 3360 859 3393 tr.
874 3344 939 3393 Olim
951 3344 1067 3393 dedecm
1074 3345 1194 3411 projecto.
1207 3347 1293 3410 Sequi·

263 3419 289 3467 6.
312 3421 458 3483 quaestores.
480 3418 598 3468 Ordinem
618 3422 758 3477 semeria„
782 3439 837 3470 mur
846 3423 940 3473 Emest.
948 3426 1116 3473 Restattamen
1126 3424 1220 3489 aliquid
1230 3426 1292 3472 vitii.

228 3513 284 3546 nam
304 3508 413 3561 quaestor
428 3498 522 3562 legato,
537 3499 631 3563 legatus
652 3500 739 3564 prele-
783 3504 807 3550 Ι.
815 3505 847 3550 V.
860 3502 887 3549 L.

229 3588 286 3637 cto,
296 3577 425 3643 proteram
442 3579 541 3629 tribuno
555 3580 628 3629 milit.
645 3580 740 3629 bonore
823 3596 861 3628 ra.
883 3583 945 3629 Tam
954 3582 1117 3647 manifestam.
1130 3585 1164 3632 Ut
1173 3583 1294 3646 quidquid

229 3658 308 3722 pararit.
784 3671 867 3711 eontra
881 3661 988 3721 diceres,
1002 3673 1149 3727 satageres,
1163 3662 1235 3710 fidem
1253 3679 1294 3709 ne·

266 3753 290 3798 7,
307 3737 613 3789 &mmuaFamamsuem
626 3742 743 3805 mutiaper
786 3739 844 3786 mini
859 3756 972 3803 nmquam
980 3742 1168 3790 msesfaetnrus.
1257 3732 1260 3737 ⁴

228 3817 285 3866 laedi
297 3816 431 3866 crederent.
825 3819 866 3866 13.
882 3821 919 3865 De
935 3820 1057 3867 societate.
1072 3818 1275 3870 Decumanorum.

265 3899 289 3945 8.
305 3898 355 3946 Vix
368 3896 478 3946 liberum.
494 3898 632 3946 Libertinos
646 3910 705 3951 erat.
823 3907 863 3954 rt.
884 3914 899 3945 v
912 3897 1022 3947 millium.
1040 3901 1115 3958 1,ωό
1125 3900 1156 3949 l'r.
1175 3900 1297 3950 Palatinos

266 3993 292 4040 9.
308 3977 426 4024 Animum
435 3977 563 4043 mugram.
572 3978 612 4025 Ab
623 3980 740 4035 avaritia,
785 3988 886 4041 uterque
904 3978 982 4038 rejicit
1001 3979 1062 4027 illud
1076 3981 1194 4039 millium
1214 3981 1297 4044 print!

230 4056 346 4116 tttidim,
358 4068 382 4104 et
399 4057 464 4106 vitiis
483 4057 608 4115 omnibns,
626 4075 680 4122 qnae
695 4074 740 4105 sae·
784 4060 856 4107 etiam
875 4058 1005 4117 editiones,
1028 4072 1087 4111 teste
1105 4066 1226 4118 Grutero,
1246 4077 1297 4108 nou

233 4137 287 4199 pius
297 4141 347 4201 jtun
359 4153 495 4188 enumerata
510 4139 599 4188 vidisti.
786 4152 929 4203 agnoscunt.
943 4143 966 4191 J.
980 4145 1011 4189 V.
1022 4145 1048 4191 L.
