3148 4780
312 414 382 488 382
635 417 685 485 Μ.
709 418 749 485 Τ.
776 414 1057 486 CICERONIS

309 555 482 612 ettamen
495 561 555 626 ea,
568 560 649 635 quae
661 537 857 607 certissima
873 549 957 605 sunt
966 532 1077 627 hujus
1092 533 1252 604 criminis
1266 557 1369 631 argu·

309 666 446 736 menta,
458 647 676 747 praetermisi.
686 645 779 716 Volo
795 647 892 715 enim
904 642 995 714 mihi
1008 656 1127 714 totum
1139 667 1217 715 esse
1232 646 1368 715 crimen

233 762 239 769 '
309 755 419 830 hoc¹³
439 759 619 852 integrum
637 767 713 824 :est
737 767 856 824 certus
871 753 990 839 locus,
1010 765 1107 824 certa
1134 751 1368 841 le1,certum

307 866 482 952 tribunal,
503 889 579 963 quo
595 861 667 933 hoc
683 876 896 933 reservetur.

355 980 483 1048 xxxl.
509 980 582 1044 Hac
611 986 708 1042 tauta
737 972 878 1068 praeda¹
903 985 1050 1058 auctus,
1071 973 1279 1071 mancipiis,
1310 999 1367 1045 ar·

306 1101 434 1185 gento,
459 1097 557 1154 veste
575 1080 831 1179 locupletatus,
848 1079 964 1151 nihilo
988 1079 1194 1177 diligentior
1214 1081 1260 1155 ad
1279 1081 1365 1152 clas·

303 1222 380 1270 sem
397 1191 613 1280 ornandam,
632 1191 761 1262 milites
782 1189 1028 1262 revooendos²
1050 1189 1273 1287 alendosque
1288 1214 1366 1262 esse

306 1310 417 1406 coepit
431 1334 441 1394 3
457 1328 572 1402 quum
588 1326 630 1373 ea
650 1325 708 1373 res
729 1325 806 1371 non
824 1300 941 1372 solum
959 1301 1151 1397 provinciae
1163 1300 1287 1385 saluti,
1304 1324 1366 1372 ve·

285 1440 289 1463 ¹
306 1441 389 1491 rum
406 1415 514 1487 etiam
534 1415 602 1509 ipsi
619 1407 768 1510 prmdae³
787 1433 864 1481 esse
881 1423 1016 1508 posset.
1031 1413 1122 1483 Nam
1139 1423 1261 1481 aestate
1271 1433 1366 1480 sum·

305 1550 386 1610 ma,
409 1547 484 1618 quo
508 1536 671 1618 tempore
692 1523 801 1592 ceteri
826 1534 998 1617 praetores
1022 1517 1126 1591 obire
1146 1521 1365 1616 provinciam

305 1649 343 1705 et
357 1628 595 1703 concursarel
612 1642 899 1718 consueverunt,
912 1643 976 1700 aut
989 1628 1096 1700 etiam
1111 1628 1149 1703 in
1167 1643 1271 1701 tanto
1281 1653 1366 1726 prae-

304 1743 443 1828 donum
463 1754 562 1811 metu
586 1753 623 1810 et
648 1738 810 1837 periculo
828 1738 898 1834 ipsi
922 1739 1109 1834 navigare3
1131 1761 1177 1809 eo
1201 1751 1366 1835 tempore

305 1851 351 1923 ad
366 1851 543 1921 luxuriam
561 1847 803 1945 libidinesque
822 1870 924 1932 suas,
945 1844 1057 1916 domo
1074 1870 1139 1919 sua
1154 1846 1268 1942 regia,
1287 1870 1366 1943 quae

303 1963 396 2058 regis
412 1961 576 2031 Hieronis
585 1955 667 2039 fuit,
683 1980 755 2053 qua
769 1971 941 2054 praetores
956 1958 1010 2025 uti
1026 1955 1158 2043 solent,
1174 1970 1365 2027 contentus

303 2097 381 2143 non
404 2068 473 2141 luit
498 2097 507 2137 :
530 2064 781 2153 tabernacula,
803 2063 1109 2162 quemadmodum
1133 2079 1364 2136 consueverat

302 2177 527 2278 temporibus
551 2177 697 2263 aestivis,
722 2173 824 2271 quod
846 2188 949 2246 antea
965 2170 981 2217 ⁵
997 2174 1073 2268 jam
1097 2173 1363 2261 demonstravi,

148 2351 159 2368 .
221 2272 225 2277 ’
299 2289 477 2360 carbaseis
491 2284 747 2370 intentavelis,
765 2281 933 2355 collocari
945 2283 1052 2376 jussit
1068 2285 1107 2354 in
1119 2283 1225 2357 litore
1242 2312 1251 2355 ε
1266 2283 1365 2381 quod

299 2414 355 2470 est
376 2399 461 2469 litus
478 2399 517 2464 in
537 2394 659 2465 Insula
685 2396 866 2490 Syracusis
889 2407 972 2491 post
993 2393 1178 2466 Arethusae
1207 2392 1364 2482 fontem,

300 2520 450 2601 propter
462 2504 581 2598 ipsum
596 2502 784 2572 introitum
793 2517 903 2599 atque
911 2504 1046 2575 ostium
1057 2519 1204 2601 portus,
1217 2528 1362 2576 amoeno

298 2637 385 2684 sane
397 2629 434 2683 et
449 2609 495 2682 ab
511 2608 654 2681 arbitris
668 2626 810 2683 remoto
825 2610 916 2683 loco.
932 2615 1000 2684 Hic
1015 2611 1091 2683 dies
1108 2614 1244 2685 usuros
1261 2634 1360 2683 sexa·

298 2728 399 2821 ginta
412 2736 543 2823 praetor
554 2721 681 2820 populi
694 2721 854 2807 romani,
869 2717 1013 2793 custos⁶
1029 2719 1267 2817 defensorque
1278 2743 1362 2818 pro-

297 2836 442 2924 vinciae,
453 2834 503 2904 sic
513 2834 613 2920 vixit,
628 2846 670 2902 ut
680 2829 870 2902 muliebria
879 2830 1041 2927 quotidie
1054 2834 1219 2903 convivia
1226 2845 1362 2919 essent3

336 3036 376 3084 13.
391 3033 485 3083 Crimen
498 3033 552 3082 lanc.
562 3035 704 3095 Maiestatis.
717 3060 753 3070 -
767 3034 809 3081 llst
850 3031 873 3080 si
894 3041 957 3080 esset
977 3043 1075 3091 mnan,
1094 3030 1199 3097 proedsri
1216 3043 1315 3097 poterat
1330 3047 1362 3082 ex

298 3125 375 3161 cernas
388 3112 463 3161 loeus.
474 3114 655 3176 cognoscendis
665 3113 807 3162 criminibus
850 3112 1016 3176 predonibus.

297 3191 427 3249 majestatis
437 3191 697 3239 destinatum-Certa
710 3193 760 3240 lex.
768 3193 806 3239 De
886 3201 910 3247 t.
921 3192 1076 3240 Cunerum.
1086 3190 1263 3239 Diu'turetism
1270 3190 1301 3240 de
1309 3208 1360 3240 uno

299 3266 430 3327 rnsjestuts.
448 3293 483 3303 -
504 3269 598 3316 Certum
615 3270 728 3320 tribunal.
748 3272 806 3332 Ejus
848 3268 963 3329 bomine,
976 3270 1020 3334 qui
1033 3270 1186 3334 negotiorum
1199 3281 1360 3327 suornm,sut

297 3345 409 3413 pretoria
415 3345 459 3407 qui
466 3345 497 3391 de
503 3347 626 3406 maiestate
635 3348 806 3412 qureritAper·
849 3350 946 3401 ulterius
956 3364 1026 3397 eausa
1031 3385 1040 3408 ,
1054 3349 1144 3396 multos
1152 3349 1249 3407 inrisit,
1258 3349 1359 3403 salutm,

297 3440 322 3475 ts
333 3424 403 3473 Verri
416 3424 523 3470 minatur
533 3423 654 3483 iudicium
665 3427 804 3486 mejestatis.
848 3439 874 3476 et
888 3428 964 3477 modo
974 3427 1040 3485 bue,
1053 3426 1129 3475 modo
1139 3426 1199 3475 illue
1211 3428 1293 3476 ourrit.
1307 3428 1357 3475 rm

333 3504 432 3552 ml.
449 3517 473 3549 r.
484 3501 538 3548 flac
549 3510 619 3549 muta
627 3502 724 3566 prreda.
741 3503 806 3552 Vide
849 3523 879 3556 eo
886 3507 949 3555 dizit
959 3520 1115 3567 comm,
1121 3522 1169 3570 pro
1179 3507 1294 3569 Quintio,
1302 3520 1357 3569 esp.

296 3601 370 3648 supra
381 3598 435 3647 cap.
449 3580 554 3630 etune
563 3581 667 3644 pertinet
676 3581 729 3630 lraee
738 3598 805 3647 repe·
825 3616 829 3639 .
852 3587 892 3634 16.
906 3588 987 3647 Quare
1001 3599 1053 3630 uon
1063 3598 1159 3631 necesse
1172 3600 1229 3631 euru
1241 3583 1358 3632 hmbiuo

297 3664 369 3724 tirio,
384 3674 412 3711 ut
423 3661 535 3723 judicum
544 3660 658 3709 memoria
669 3674 806 3723 renovetur,
848 3664 913 3728 legas
922 3684 935 3705 a
942 3662 1155 3712 circumuursureo.

295 3754 320 3789 et
342 3742 465 3807 sequentia
486 3739 610 3805 prioribus
631 3752 805 3802 annectuntur,
885 3743 909 3791 5.
922 3741 995 3805 Quod
1002 3752 1086 3789 anna.
1107 3742 1186 3803 Supra
1203 3755 1257 3804 esp.
1274 3755 1358 3789 rs.-

296 3837 364 3869 more
373 3818 737 3869 transitionis.lleditoratorad
747 3821 806 3868 clss·
850 3819 985 3869 carbaseis.
1006 3819 1102 3881 idest,
1119 3817 1202 3877 liuels,
1222 3835 1299 3882 quum
1317 3817 1359 3865 dii

295 3916 344 3946 seru
354 3916 426 3963 quam
435 3903 572 3947 Verressua
581 3897 681 3947 libidine
688 3899 803 3964 perdidit.
847 3910 973 3948 uterentur
983 3900 1068 3949 laneis.
1082 3926 1118 3935 -
1130 3902 1162 3947 In
1178 3898 1274 3947 Insula.
1283 3899 1321 3945 De
1329 3913 1357 3945 eu

334 3992 358 4022 a.
371 3976 804 4040 nmcandosouospoeuodimise
847 3989 873 4026 et
892 3978 922 4027 de
937 3980 1056 4028 Arethusa
1074 3979 1159 4037 sonte,
1177 3976 1231 4027 rid.
1251 3977 1293 4025 lib.
1307 3978 1357 4033 Π,

297 4066 342 4103 rat.
355 4055 430 4116 Supra
441 4070 494 4116 cap.
505 4056 549 4102 25.
848 4073 901 4121 cap.
916 4059 957 4106 53.

333 4134 356 4179 3.
371 4129 424 4192 Ipsi
432 4130 533 4194 proedoe.
544 4131 607 4177 Nam
617 4147 672 4178 cum
682 4130 802 4189 caelasse,
882 4138 908 4183 θ.
924 4136 1016 4184 Custos.
1035 4135 1085 4197 Qui
1098 4135 1129 4183 ad
1143 4136 1169 4185 id
1179 4135 1286 4185 muueris
1298 4149 1357 4198 pro·
