3200 4768
384 423 436 495 iu
462 417 1009 507 vernantissima.
1036 422 1102 490 iv.
1196 414 1268 515 259

209 548 356 618 moriam
376 545 534 617 mortui?
551 547 635 641 quis
653 556 907 630 monumenta,
924 555 1035 636 atque
1050 542 1180 617 indicia
1194 545 1268 615 vir·

209 657 318 743 tutis,
332 657 360 725 si
375 670 414 726 tu
430 679 472 726 ea
487 655 671 751 relinques
685 679 726 725 ac
739 650 902 739 deseres,
918 676 1040 748 neque
1056 653 1172 724 solum
1188 678 1269 753 spo·

210 765 292 836 liata
309 765 370 836 illa
386 768 537 862 patiere,
555 764 619 837 sed
638 767 745 836 etiam
759 789 885 835 eorum
904 762 1152 860 spoliatorem,
1167 791 1271 837 vexa·

210 873 399 972 toremque
417 873 609 946 defendes?

258 985 399 1057 Adsunt
426 979 643 1081 Segestani5,
671 983 818 1055 clientes
842 985 919 1066 tui,
944 982 1031 1052 socii
1056 982 1184 1080 populi
1211 1008 1270 1054 ro·

210 1098 327 1181 mani,
353 1110 462 1191 atque
481 1095 586 1165 amici
606 1121 614 1163 :
637 1096 828 1165 certiorem
848 1105 884 1162 te
905 1089 1058 1179 iaciunt,
1082 1097 1119 1163 P.
1141 1091 1274 1166 Africa·

210 1228 322 1292 num,
341 1204 557 1300 Carthagine
579 1203 716 1292 deleta,
739 1202 970 1274 simulacrum
988 1204 1112 1272 Dianae
1132 1203 1276 1296 majori·

210 1313 280 1386 bus
300 1316 374 1385 suis
394 1315 613 1401 restituisse;
631 1314 741 1410 idque
762 1311 859 1409 apud
877 1316 1088 1409 Segestanos
1109 1312 1186 1407 ejus
1206 1315 1277 1383 im-

211 1429 387 1521 peratoris
405 1425 553 1494 nomine
576 1426 753 1521 positum,
775 1446 816 1492 ae
841 1420 1045 1491 dedicatum
1063 1418 1189 1509 luisse;
1206 1421 1279 1495 hoc

211 1539 361 1604 Verrem
391 1531 662 1603 demoliendum
695 1545 732 1602 et
762 1529 1039 1627 asportandum,
1069 1555 1278 1628 nomenque

212 1642 363 1712 omnino
378 1646 414 1712 P.
430 1643 608 1738 Scipionis
622 1637 817 1711 delendum
831 1638 1105 1734 tollendumque
1119 1664 1277 1712 curasse:

213 1764 321 1821 orant
335 1764 389 1837 te,
403 1764 513 1846 atque
529 1747 740 1834 obsecrant,
757 1762 799 1818 ut
816 1746 886 1818 sibi
904 1747 1135 1845 religionem,
1154 1754 1278 1847 generi

214 1873 279 1929 tuo
304 1856 449 1929 laudem
474 1858 697 1955 gloriamque
718 1860 902 1944 restituas,
924 1871 982 1947 ut,
1005 1857 1104 1955 quod
1124 1882 1168 1931 ex
1186 1860 1278 1933 urbe

213 1968 374 2038 hostiurn
396 1992 461 2066 per
481 1971 516 2037 P.
536 1965 743 2039 Africanum
762 1969 1027 2065 recuperarint,
1042 1966 1080 2037 id
1099 1982 1216 2066 perte
1235 1994 1281 2040 ex

213 2078 396 2177 praedonis
413 2076 525 2149 domo
543 2100 755 2148 conservare
773 2079 922 2173 possint.

260 2192 440 2258 XXXVII.
461 2187 559 2278 Quid
580 2201 644 2257 aut
660 2186 717 2257 bis
731 2184 956 2283 respondere
978 2185 1130 2256 honeste
1155 2186 1281 2282 potes?

214 2312 275 2369 aut
298 2298 349 2368 illi
367 2295 504 2384 lacere,
524 2298 592 2366 nisi
616 2310 657 2366 ut
682 2310 718 2366 te
745 2318 786 2365 ac
807 2293 917 2364 fidem
940 2307 1041 2364 tuam
1063 2293 1281 2391 implorent?

215 2406 378 2494 Adsunt,
395 2421 430 2477 et
446 2406 641 2503 implorant
657 2433 665 2475 ε
684 2418 789 2503 potes
806 2400 1010 2475 domestice
1025 2402 1142 2473 laudis
1158 2404 1281 2499 ampli-

214 2518 395 2604 tudinem,
412 2517 549 2613 Scipio,
564 2515 673 2601 tueri,
692 2529 818 2613 potes:
837 2514 960 2584 omnia
973 2516 1010 2583 in
1027 2528 1063 2585 te
1079 2528 1183 2603 sunt,
1200 2539 1280 2611 quae

215 2644 276 2699 aut
303 2627 475 2699 loctuna¹
507 2622 738 2705 hominibus,
763 2638 827 2694 aut
853 2638 980 2694 natura
1009 2623 1167 2720 largitur.
1195 2629 1281 2696 Non

216 2760 399 2834 praecerpo
418 2734 602 2806 lructum²
624 2732 734 2806 officii
752 2737 824 2821 tui;
845 2759 918 2804 non
939 2733 1090 2803 alienam
1108 2733 1196 2803 mihi
1209 2734 1282 2804 lau·

217 2844 299 2915 dem
321 2860 474 2942 appeto:
501 2871 577 2920 non
598 2858 651 2917 est
672 2844 821 2942 pudoris
839 2845 927 2931 mei,
948 2847 986 2912 Ρ»
1004 2845 1194 2940 Scipione,
1216 2844 1281 2914 llo·

216 2954 419 3023 ceritissimo
437 2951 683 3041 adolescente,
700 2956 783 3024 vivo
804 2968 840 3024 et
858 2951 1049 3040 incolumi,
1069 2976 1127 3023 me
1145 2977 1281 3052 propu-

216 3075 405 3160 gnatorem
423 3078 745 3135 monumentorum
764 3066 801 3134 P.
823 3064 1015 3161 Scipionis,
1037 3060 1280 3135 defensorem·

218 3197 290 3269 que
308 3169 481 3269 profiteri.

266 3281 511 3373 Quamobrem
537 3283 568 3352 si
593 3283 742 3379 suscipis
769 3282 971 3355 domesticae
993 3281 1108 3355 laudis
1126 3290 1281 3383 patroci-

253 3513 277 3560 5.
289 3511 386 3560 Adsunt
403 3510 538 3575 Segestani.
551 3511 629 3557 Totus
638 3509 680 3557 bie
690 3509 727 3557 lo·
806 3502 940 3551 HXVII·
966 3520 990 3551 1·
1009 3501 1183 3567 Astfhrtuna.
1207 3505 1283 3565 cuju·

217 3606 260 3639 cus
278 3587 417 3640 firmissimo
429 3588 575 3652 eloquentie
588 3587 677 3649 robore
690 3588 727 3636 ni·
773 3581 837 3629 dom
846 3593 913 3641 sunt,
929 3583 1122 3645 gratia,illu⁸tre
1139 3598 1243 3639 nomen,
1258 3593 1284 3630 et

218 3682 266 3727 tet,
275 3682 299 3718 et
308 3687 400 3719 summa
411 3680 462 3717 arte
471 3680 507 3717 est
519 3670 654 3732 expositum
660 3685 668 3731 ;
677 3684 729 3715 non
774 3661 864 3709 dune
872 3674 879 3719 ς
888 3673 979 3710 naturae
989 3660 1215 3723 autemingenium‚
1228 3675 1284 3708 cor·

218 3748 282 3797 idem
299 3750 341 3797 hic
361 3765 389 3798 no
404 3749 462 3797 alin!
475 3748 572 3797 dicendi
588 3747 651 3795 ordo
656 3784 663 3809 ‚
679 3763 730 3795 non
774 3741 874 3805 posint
885 3740 959 3787 animi
969 3740 1098 3788 sanitatem
1108 3738 1240 3787 ”tribum
1249 3740 1286 3787 vl·

219 3827 282 3876 idem
296 3845 376 3877 rerum
385 3841 468 3885 tenor,
479 3838 563 3875 orator
575 3841 626 3873 uon
637 3835 731 3887 narmt,
776 3817 855 3867 detur.

220 3907 262 3954 sed
272 3911 355 3973 potius
369 3909 487 3956 acerrimo
495 3906 670 3969 indignationis
680 3920 732 3952 sen·
811 3915 836 3945 a.
856 3898 911 3944 Non
919 3911 1053 3962 proecerpo.
1068 3895 1127 3943 Non
1140 3895 1201 3943 mibi
1219 3913 1287 3946 mena

220 4001 248 4032 su
256 3987 384 4052 abreptus,
392 4004 444 4035 uon
450 3988 501 4048 jaan
512 3988 626 4046 Verrem,
639 3984 681 4031 sed
691 3983 733 4031 da·
775 3988 811 4025 est
821 3976 951 4042 praeripere
965 3973 1061 4021 laudem
1069 3973 1135 4022 illam
1154 3991 1226 4038 quam
1238 3977 1288 4027 hoc

222 4064 327 4115 lcowms
338 4068 404 4131 ipsos
419 4067 512 4124 Verria,
532 4076 653 4128 nmquam
671 4063 732 4112 infa-
777 4056 954 4126 offictigenere
967 4055 1053 4101 morai
1067 4054 1193 4118 potueris,
1205 4057 1226 4104 si
1240 4057 1288 4106 do-

222 4143 278 4190 rniae
289 4156 345 4191 nota
360 4146 462 4219 obtegit.
777 4138 884 4185 mesticis
895 4136 974 4183 laudis
987 4134 1173 4201 amplitudinem
1182 4138 1279 4186 tuearis.

1113 4245 1165 4314 ¹7·
