3200 4768
412 382 468 452 nt
492 379 708 448 raanan
731 379 840 448 ior.
865 380 920 466 11,
945 379 1037 447 Lm.
1062 378 1125 448 iv.
1225 403 1290 449 ,αι

237 514 360 590 antea,
380 503 518 571 tametsi
536 498 608 569 hoc
624 499 751 570 nescio
768 498 856 595 quid
870 496 1123 594 nugatorium⁵
1140 497 1296 571 sciebam

238 635 333 699 esse,
355 606 446 681 ista.6
469 606 685 704 intelligere,
706 622 829 679 tamen
851 608 972 678 mirari
993 605 1169 698 solebam,
1188 610 1297 681 istum

236 723 276 790 iu
293 718 349 789 his
365 720 451 816 ipsis
466 715 576 802 rebus
594 716 753 814 aliquem
773 741 919 788 sensum
939 715 1090 805 habere,
1106 742 1216 815 quem
1232 719 1297 790 sci·

237 858 314 905 rem
332 833 431 905 nulla
448 835 487 904 in
504 857 544 903 re
566 831 765 930 quidquam
785 831 899 903 simile
917 831 1075 902 hominis
1094 830 1236 904 habere.

285 949 359 1015 XV.
378 948 470 1014 Turn
487 943 645 1040 primum
665 941 840 1029 intellexi,
859 940 903 1012 ad
924 965 1002 1012 eam
1024 965 1100 1012 rem
1120 944 1207 1013 istos
1228 939 1298 1013 fra·

237 1068 310 1124 tres
325 1050 509 1150 Cibyratas
523 1049 652 1139 fuisse,
665 1065 707 1122 ut
722 1052 790 1123 iste
806 1053 844 1122 in
858 1048 1013 1121 furando
1031 1049 1199 1125 manibus
1213 1053 1301 1139 suis,

237 1162 351 1234 oculis
377 1162 523 1259 illorum
549 1174 723 1232 uteretur.
751 1164 797 1232 At
821 1161 891 1231 ita¹
914 1159 1096 1231 studiosus
1117 1174 1172 1230 est
1192 1160 1301 1255 hujus

236 1272 413 1371 praeclarae
430 1271 720 1360 existimationis,
738 1286 781 1342 ut
794 1284 943 1369 putetur
957 1271 996 1340 in
1011 1270 1110 1341 hisce
1124 1268 1232 1342 rebus
1247 1275 1300 1341 in·

237 1381 403 1478 telligens
423 1404 517 1469 esse,
535 1394 576 1450 ut
594 1404 713 1477 nuper
731 1378 872 1475 (videte
889 1379 1047 1450 hominis
1063 1381 1300 1474 amentiam),

238 1504 472 1588 posteaquam
502 1502 556 1559 est
582 1488 921 1586 comperendinatus
930 1501 958 1576 ²,
987 1514 1101 1586 quum
1131 1491 1206 1585 jam
1232 1513 1300 1588 pro

239 1598 409 1668 damnato
421 1592 665 1694 mortuoque³
683 1611 794 1687 esset,
808 1597 903 1668 ludis
916 1598 1179 1687 Circensibust‚
1197 1623 1303 1674 mane
1330 1628 1335 1636 ·

238 1707 337 1805 apud
360 1711 397 1778 L.
425 1710 609 1779 Sisennam
620 1703 647 1795 ⁵,
663 1710 781 1797 uirum
802 1709 1031 1805 primarium,
1050 1733 1164 1806 quum
1183 1722 1303 1781 essent

242 1817 395 1894 triclinia
417 1831 542 1903 strata,
566 1830 829 1914 argentumque
855 1820 1059 1915 expositum
1087 1820 1126 1887 in
1147 1816 1303 1907 aedibus,

240 1952 352 2026 quum
379 1950 447 2024 pro
474 1926 646 2024 dignitate
676 1931 716 1998 L.
746 1928 902 1999 Sisennae
926 1926 1054 1999 domus
1082 1943 1174 2001 esset
1197 1928 1305 2026 plena

239 2037 432 2109 hominum
450 2035 805 2124 honestissimorum,
821 2041 1008 2110 accesserit
1031 2039 1076 2108 ad
1092 2052 1304 2135 argentum3

239 2144 478 2244 contemplari
490 2145 783 2244 unumquodque
799 2149 928 2233 otiose,
943 2160 978 2216 et
993 2144 1220 2217 considerare
1234 2148 1306 2216 coess

242 2259 347 2355 perit.
364 2257 485 2327 Mirari
502 2256 689 2328 stultitiam
706 2255 783 2344 alii,
796 2255 896 2351 quod
909 2257 946 2324 in
961 2258 1042 2351 ipso
1053 2253 1209 2348 judicio,
1226 2254 1303 2348 ejus

239 2369 351 2465 ipsius
378 2364 605 2464 cupiditatis,
628 2367 732 2461 cujus
758 2362 1036 2451 insimularetur,
1058 2363 1303 2460 suspicionem
1358 2366 1363 2373 ’

273 2610 299 2657 t.
324 2608 498 2674 Nugatorium.
516 2608 575 2659 Non
588 2609 661 2657 aenael
673 2624 699 2657 ae
716 2622 747 2656 ex
789 2606 863 2672 primi
874 2605 966 2656 volum.
979 2607 1005 2653 in
1016 2621 1121 2655 neuneu
1133 2604 1163 2654 de
1171 2604 1305 2671 judiepn-

239 2690 522 2737 veternmRomanornnr
535 2687 747 2750 ingenioexonaat
789 2685 848 2734 blie.
875 2685 891 2750 S
912 2685 942 2733 de
968 2684 1159 2750 repetundarum
1186 2696 1304 2750 perpetue

240 2766 337 2824 Cicero,
356 2766 422 2828 quod
444 2764 474 2813 de
493 2765 523 2813 iia
540 2765 613 2813 rebus
632 2764 749 2829 loquatur
790 2763 935 2829 quaetione.

240 2859 295 2906 que
304 2854 436 2891 exterarum
446 2844 553 2907 gentium
559 2844 652 2893 levitati
661 2860 689 2893 ac
698 2855 748 2891 atu·
827 2844 852 2891 3.
868 2843 1021 2905 Mortuoque.
1032 2843 1115 2903 Quum
1122 2842 1173 2902 jum
1184 2841 1213 2889 in
1223 2857 1254 2889 eo
1263 2857 1301 2888 ea·

241 2921 283 2968 dio
304 2921 383 2968 ioraau
399 2922 524 2985 placeant,
543 2939 627 2971 verum
647 2937 747 2971 romana
790 2919 1303 2983 aet,ntdamnatneeapitederninueretnr,

240 3000 357 3063 gravitate
368 3015 398 3046 ac
419 3003 507 3050 virtute
520 3002 620 3050 omniuo
640 3001 748 3065 indigna
791 3016 846 3065 qnae
859 3010 911 3046 erat
924 3014 990 3046 mors
1006 2997 1091 3047 civilis.

239 3078 512 3138 videantnr.C0nf.11,
526 3081 636 3140 tane.
828 3086 853 3135 4.
876 3075 1033 3125 Circensibus.
1063 3077 1190 3124 Dabuntur
1211 3077 1250 3125 die
1269 3077 1302 3125 23

275 3158 301 3206 6.
312 3159 373 3205 Ista.
388 3158 469 3205 Graev.
482 3157 551 3206 malit
568 3174 582 3204 e
595 3157 652 3206 eod.
663 3161 747 3205 Frena.
791 3155 934 3220 aeptembria
944 3155 971 3203 in
985 3155 1051 3203 circo
1064 3154 1183 3212 maximo,
1194 3171 1240 3221 per
1251 3155 1303 3205 diea

240 3236 313 3284 «tn-
331 3245 359 3283 ut
379 3234 472 3283 seilicet
492 3238 586 3284 narravi
600 3236 632 3284 de
650 3237 749 3300 scyphis
792 3235 900 3299 quinque
911 3235 1050 3283 continuos.

239 3314 333 3363 ablatis.
344 3313 434 3363 Probat
443 3315 537 3363 Harlea.
550 3314 626 3363 Male.
828 3316 853 3363 5.
862 3316 890 3362 L.
903 3314 1038 3362 Sisennam.
1048 3315 1073 3360 la
1086 3323 1137 3361 erat
1149 3328 1212 3361 unua
1221 3329 1235 3360 e
1243 3316 1304 3362 Ver-

274 3382 332 3443 Χῖ.
349 3410 371 3443 r.
389 3396 425 3441 Ae
444 3391 488 3442 ita.
502 3393 549 3441 Hie
563 3392 595 3440 ad
607 3391 749 3441 mador
792 3394 826 3442 ria
839 3394 965 3459 petronia,
984 3393 1022 3440 vir
1038 3393 1166 3457 primarius
1183 3404 1208 3441 et
1225 3393 1303 3443 dives.

237 3472 346 3535 jndices,
355 3482 380 3520 et
391 3471 704 3536 interrumpendnm,quod
717 3489 749 3521 ex
794 3474 884 3521 Orator
897 3473 943 3521 fnit
955 3482 980 3521 et
990 3472 1138 3534 historicae,
1153 3472 1196 3520 aed
1210 3473 1304 3535 tennis,

238 3550 327 3599 eodem
344 3550 463 3598 furtorum
481 3566 567 3614 genere
586 3553 690 3600 oriretur
706 3561 749 3599 ta·
793 3562 854 3600 teate
866 3552 985 3600 Cicerone
995 3552 1022 3599 in
1035 3552 1153 3612 Bruma,
1167 3550 1198 3597 de
1206 3552 1263 3613 Leg.
1273 3552 1302 3608 1,

239 3632 305 3678 dium
315 3664 322 3689 ,
331 3630 468 3679 subtexitur
476 3631 654 3681 narratiuncula
666 3631 696 3679 de
705 3632 749 3678 im·
793 3646 820 3679 a.
828 3629 931 3678 Dubitat
939 3631 1035 3677 Ernesti
1042 3646 1074 3677 an
1084 3629 1157 3676 inerit
1165 3639 1216 3675 tum
1226 3627 1303 3676 aedilis

239 3709 334 3772 potenti
345 3710 586 3774 Verrieenpiditate,
596 3712 639 3775 qni
654 3710 748 3759 aeliru-
791 3720 816 3757 et
830 3708 911 3756 editor
922 3709 1056 3766 ludorum,
1072 3718 1100 3755 ut
1117 3721 1147 3754 eo
1164 3706 1203 3753 die
1216 3705 1303 3755 domna

239 3790 345 3837 minente
364 3788 457 3850 judicio
477 3789 594 3837 nonsibi
614 3801 747 3855 temperare
791 3787 843 3848 eine
866 3787 900 3833 ita
922 3786 1095 3842 celebraretur,
1117 3795 1142 3831 et
1161 3784 1302 3833 convivium

240 3870 355 3932 potnerit.
791 3860 1303 3932 ipaeeicappararet-ArcesseriaRegina

275 3964 300 3994 a.
330 3947 568 4010 Compmadiaatus.
598 3947 693 3998 Dilatue
721 3949 748 3996 in
791 3958 816 3996 et
832 3942 925 3992 Franeii
937 3943 1047 4006 pdrnua:
1072 3941 1193 3989 uaceeaait
1210 3942 1241 3989 ad
1263 3959 1302 3991 ar-

240 4025 399 4089 perendinuna
411 4025 487 4085 diem,
508 4043 550 4075 eeu
573 4025 605 4075 ad
618 4029 749 4076 “eandm
792 4035 891 4089 gentum
905 4038 942 4071 a:
969 4033 994 4069 et
1019 4036 1101 4070 mone
1127 4022 1303 4072 «considerare

241 4105 376 4156 Actionem.
389 4107 426 4155 De
438 4105 477 4154 hia
488 4106 559 4170 plura
572 4105 628 4155 vide
640 4106 673 4154 ad
687 4105 748 4153 calc.
793 4105 870 4169 coepit
882 4102 1063 4168 unumquisque
1072 4122 1094 4151 n.
