3116 4774
302 380 374 479 478
628 354 741 442 aar.
768 350 1052 441 cressonis

301 518 502 606 peratores,
527 494 720 567 mulierum
748 492 995 575 assentatoris,
1019 488 1216 586 cognitoris
1245 487 1369 558 vidua·

301 639 383 688 rum
392 609 422 699 ⁶,
442 605 640 680 defensoris
657 604 809 673 nimium
828 601 995 696 litigiosi,
1016 600 1149 669 conciti
1169 596 1215 669 ad
1233 599 1370 683 msam,

302 726 416 823 inepti
435 743 476 792 ac
494 714 594 789 stulti
610 716 705 785 inter
719 713 835 797 viros,
851 711 945 780 inter
957 708 1126 778 mulieres
1139 707 1247 804 periti
1257 706 1369 801 juris,

302 853 338 910 et
356 828 496 906 callidi:
516 825 610 895 hanc
628 842 819 921 personam
843 821 1021 917 imponite
1039 815 1206 905 AEbuti03
1224 817 1253 886 is
1270 819 1369 888 enim

301 942 492 1021 Caesenniae
511 934 579 1005 fuit
596 931 773 1004 AEbutius.
791 932 843 1001 Ne
858 928 952 1000 sorte
965 928 1151 1026 quaeratis,
1172 949 1261 996 num
1280 951 1367 1024 pro·

302 1050 484 1158 pinquus?
509 1043 598 1115 nihil
621 1040 811 1113 alienius'7:
829 1040 984 1125 amicus,
1005 1052 1068 1109 aut
1085 1062 1106 1108 a
1124 1052 1247 1135 patre,
1266 1051 1329 1107 aut
1346 1063 1367 1106 a

299 1170 379 1239 viro
403 1156 577 1234 traditus?
605 1151 696 1222 nihil
722 1153 852 1220 minus.
877 1150 967 1241 Quis
992 1148 1126 1244 igitur?
1152 1146 1233 1233 ille,
1256 1170 1367 1243 quem

301 1299 410 1375 supra
429 1266 651 1341 deformavi:
676 1259 899 1330 voluntarius
923 1259 1059 1328 amicus
1080 1255 1260 1344 mulieris,
1290 1278 1366 1324 non

301 1377 564 1462 necessitudine
598 1370 738 1468 aliqua,
773 1366 951 1440 sedficto
980 1364 1102 1437 officio
1129 1363 1366 1463 simulataque

301 1494 489 1571 sedulitate
511 1480 748 1577 conjunctus3
772 1480 885 1575 magis
906 1490 1115 1575 opportuna
1136 1500 1248 1574 opera
1274 1500 1365 1547 non·

301 1620 523 1697 numquam,
545 1614 654 1691 quam
677 1588 874 1688 aliquando
895 1586 1005 1658 fideli.

350 1715 473 1803 Quum
493 1717 604 1791 esset,
621 1716 664 1773 ut
683 1700 803 1772 dicere
821 1699 1068 1784 institueram,
1085 1695 1281 1766 constituta
1303 1720 1366 1767 au·

302 1827 374 1899 ctio
400 1825 541 1903 Romae,
567 1810 768 1885 suadebant
793 1810 897 1880 amici
919 1808 1137 1907 cognatique
1157 1808 1367 1894 Caesenniae,

303 1937 341 2011 id
370 1928 471 2033 quod
499 1927 567 2024 ipsi
592 1945 742 2021 quoque
769 1918 911 1989 mulieri
938 1919 977 1987 in
1001 1929 1160 1986 mentem
1181 1913 1368 2002 veniebat3

302 2046 475 2148 quoniam
500 2049 657 2137 potestas
675 2045 767 2103 esset
785 2027 931 2101 emendi
948 2025 1102 2097 fundum
1121 2023 1223 2097 illum
1249 2025 1366 2094 Fulci-

303 2144 473 2235 nianum,
498 2149 562 2244 qui
588 2142 704 2214 fundo
731 2141 809 2236 ejus
835 2139 985 2235 antiquo
1017 2129 1234 2207 continens⁸
1256 2147 1368 2221 esset,

302 2246 441 2341 nullam
466 2283 543 2331 esse
574 2259 751 2325 rationem
759 2262 787 2339 ⁹,
817 2252 981 2322 amittere
1007 2242 1185 2342 ejusmodi
1212 2246 1367 2317 occasio·

302 2402 409 2462 nem3
431 2393 547 2470 quum
562 2364 757 2462 praesertirn
777 2361 930 2459 pecunia
947 2383 991 2429 ex
1010 2357 1202 2455 partitione
1221 2355 1369 2426 debere-

303 2506 391 2561 tur:
417 2497 598 2573 nusquam
634 2495 711 2542 eam
746 2493 852 2568 posse
879 2467 1007 2539 melius
1033 2465 1213 2535 collocari.
1240 2468 1367 2560 ltaque

302 2591 433 2666 mulier
461 2584 578 2656 facere
610 2580 807 2651 constituit.
838 2576 1009 2664 Mandat,
1039 2589 1081 2646 ut
1109 2571 1262 2645 fundum
1295 2572 1366 2644 sibi

303 2715 408 2778 emat.
430 2699 498 2809 §ui
519 2691 693 2764 tandem?
719 2690 778 2761 cui
802 2688 962 2786 putatis?
982 2710 1031 2756 an
1055 2685 1188 2754 nonin
1206 2697 1364 2753 mentem

302 2910 368 2956 Sext.
379 2905 453 2951 Rosa
467 2909 602 2961 expressam
616 2891 673 2939 ritae
686 2887 811 2955 qnotidie·
851 2886 937 2952 pinxi.
947 2885 1013 2933 Male
1022 2884 1163 2946 Manutius3
1175 2899 1228 2932 non
1239 2882 1368 2948 ἀμφὶ,

300 3004 339 3038 nae
351 2983 479 3046 imaginem
495 2992 509 3024 a
521 2973 600 3039 poetis
613 2971 657 3019 ait.
855 2977 899 3014 aut
916 2964 1057 3029 designavi,
1076 2963 1119 3011 sed
1139 2963 1265 3026 probrosis
1287 2962 1367 3010 verbis

337 3067 363 3115 6.
376 3055 514 3126 Cognitorr's
526 3052 669 3100 viduarum.
685 3046 810 3114 Cognitor,
855 3044 997 3094 deformavi.
1005 3042 1068 3091 Nam
1078 3038 1217 3106 dsfirnnare
1224 3052 1261 3090 001
1269 3041 1366 3105 quidem

302 3145 346 3210 qni
368 3137 491 3206 praesentis
518 3129 644 3195 negotium
667 3142 811 3190 canumque
855 3124 988 3173 deformem
1001 3121 1102 3170 reddere
1115 3122 1367 3185 nonnumquamvis·

195 3204 198 3212 Ι
302 3219 422 3283 suscepit3
441 3220 602 3278 procurator,
625 3208 668 3270 qni
694 3205 809 3254 absentis.
855 3204 896 3268 gil
920 3203 1080 3252 «deformare
1107 3196 1240 3250 domani».
1259 3200 1313 3249 Cio.
1336 3199 1367 3247 de
1470 3227 1477 3241 ,.

304 3297 458 3367 cognitorem
479 3301 559 3338 autem
578 3285 703 3334 AEbutinm
724 3285 810 3334 Cicero
854 3285 1045 3347 Haruspllesp.
1061 3280 1223 3344 nl'ompeiarn
1239 3290 1322 3338 ornat,
1334 3295 1365 3326 an

301 3381 437 3433 viduarum
449 3387 493 3438 per
507 3364 713 3430 contemptionem
726 3364 811 3427 appel·
853 3363 938 3429 potins
952 3361 1089 3409 deformat?
1100 3380 1111 3402 ι
1126 3359 1174 3407 Sed
1187 3370 1267 3407 tamen
1279 3359 1366 3422 saepius

301 3465 354 3522 121,
368 3454 436 3522 quasi
455 3451 581 3498 viduarum
598 3454 693 3493 tantum
713 3442 810 3505 negotia
854 3441 1029 3504 estdeplngere
1037 3438 1179 3504 simpliciter
1188 3449 1212 3486 et
1224 3437 1366 3491 describere,

302 3542 452 3606 mpetu,
476 3532 540 3577 iuter
560 3542 619 3591 quas
637 3523 701 3571 solas
718 3523 811 3587 peritus
855 3519 982 3569 delineare.
998 3520 1085 3564 Ganv.

298 3622 361 3685 juri,
383 3628 407 3666 er
429 3609 530 3662 callidus
548 3605 735 3663 existimaretur3
750 3612 777 3650 ut
790 3601 812 3649 si
891 3600 915 3646 8.
925 3595 1010 3644 Fando
1024 3595 1126 3661 antiquo
1137 3594 1267 3643 coroneris.
1281 3592 1365 3642 Funde

302 3704 406 3755 diceret,
419 3691 540 3742 neminem
550 3687 601 3748 eins
612 3682 729 3750 operanti
737 3681 813 3740 velle,
855 3674 935 3724 dotali
942 3711 950 3737 ‚
967 3691 1039 3739 quem
1052 3676 1152 3722 maritus
1174 3690 1230 3722 cnm
1249 3672 1308 3722 dote
1320 3688 1368 3720 nu·

302 3790 388 3845 preter
401 3774 487 3823 viduae
504 3766 615 3817 mulieres
633 3762 771 3827 imperitas,
785 3771 810 3809 et
853 3767 943 3805 metata
955 3766 1114 3821 permutant.
1125 3758 1246 3802 Hos-rora.

197 3836 198 3841 l
300 3874 355 3922 qnae
363 3850 643 3914 hominemignorarent.
651 3845 774 3891 llos-roas.
890 3854 918 3901 9.
930 3835 1033 3884 Nullam
1044 3849 1094 3882 esse
1107 3833 1244 3890 rationem,
1262 3842 1308 3880 etc.
1318 3831 1369 3878 De-

338 3952 362 3995 7,
375 3926 566 3982 Nihilafr'sm‘us.
581 3922 753 3976 Nemominns
766 3934 810 3967 oo·
853 3915 937 3964 licium
948 3914 1082 3962 sermonis:
1106 3904 1367 3960 anullaratinesthoo

302 4012 417 4078 guntione
443 4023 495 4054 eam
519 4003 686 4067 contingebat.
708 4002 809 4049 ensis.
853 3994 966 4043 facem:
984 3991 1052 4057 quod
1068 4008 1116 4040 nos
1136 3991 1257 4056 vulgatius
1275 3989 1367 4038 dicere

302 4122 336 4135 .-
357 4084 506 4145 Defirrmoss‘.
528 4085 588 4139 Est,
610 4079 743 4142 descripsi,
765 4074 808 4120 de·
854 4088 920 4121 mus:
939 4071 1122 4135 uimprudentis
1141 4081 1166 4118 et
1186 4069 1255 4119 stulti
1268 4066 1368 4117 esthon
