3186 4772
325 374 396 461 346
641 380 692 448 Μ.
713 380 752 447 Τ.
778 380 1057 449 CICERONIS

324 512 470 593 tempus
487 497 573 567 anari
588 522 662 569 non
678 496 851 595 impedit:
869 512 966 583 tum,
980 499 1150 593 inquam,
1166 520 1283 593 quum
1301 521 1385 567 oon·

324 609 492 679 cursant⁴
509 611 619 699 ceteri
635 623 822 706 praetoras,
835 610 902 680 iste
915 633 1011 680 novo
1025 608 1185 705 quodam
1198 632 1385 706 exgenere

324 718 790 815 imperator-,pulcherrimo
802 723 1056 815 Syracusarum
1068 714 1306 789 luco⁵stativa
1316 717 1386 788 sibi

324 841 440 900 castra
456 827 619 901 faciebat.
636 833 728 900 Nam
744 830 784 899 in
803 833 881 927 ipso
902 829 1004 900 editu
1028 843 1138 925 atque
1155 852 1220 899 ore
1239 843 1384 926 portus,

324 935 389 1008 ubi
406 940 565 1036 primum
585 965 629 1011 ex
646 935 742 1010 alto⁶
764 940 864 1010 sinus
881 938 927 1010 ud
947 937 1075 1010 urbem
1093 935 1139 1008 ab
1161 936 1265 1007 litore
1284 936 1384 1008 infle-

322 1050 449 1136 ctitur,
471 1048 701 1121 tabernacula
720 1048 896 1121 carbaseis
910 1051 1050 1120 intenta
1066 1048 1154 1120 velis
1172 1046 1382 1119 collocabat.

322 1163 401 1229 Huc
423 1183 468 1229 ex
489 1158 549 1228 illa
566 1157 677 1231 domo
694 1162 883 1256 prmtoria‚'
899 1180 981 1256 quae
999 1159 1093 1255 regis
1114 1158 1281 1228 Hieronis
1298 1154 1385 1242 fuit,

321 1269 374 1339 sic
387 1266 604 1365 emigrabat,
621 1284 662 1339 ut
673 1293 738 1367 per
751 1293 814 1340 eos
828 1267 904 1341 dies
917 1293 1026 1339 nemo
1045 1269 1154 1340 istum
1168 1264 1386 1337 armillum

322 1377 445 1449 lucum
471 1377 593 1450 videre
617 1395 767 1477 posset:
790 1381 827 1449 in
854 1404 938 1451 eum
963 1393 1086 1451 autem
1114 1379 1233 1474 ipsum
1262 1375 1385 1446 lucum

321 1487 440 1559 aditus
462 1491 712 1578 mutuemini,
733 1491 800 1562 nisi
822 1492 887 1588 qui
909 1504 972 1562 aut
989 1489 1125 1576 socius,
1143 1501 1207 1558 aut
1224 1487 1386 1559 minister

324 1595 485 1669 libidinis
499 1624 574 1670 esso
587 1616 720 1697 posset.
733 1605 814 1671 Huc
824 1624 952 1672 omnes
963 1599 1150 1685 mulieres,
1166 1594 1386 1692 quibuscum

322 1707 389 1777 iste
411 1725 667 1794 consueverat,
696 1709 978 1797 conveniebant,
998 1730 1155 1805 quarum
1175 1703 1386 1776 incredibile

322 1827 378 1884 est
399 1832 535 1912 quanta
553 1818 749 1890 multitudo
767 1817 875 1890 fucrit
894 1819 1076 1914 Syracusis
1093 1843 1102 1904 ;
1128 1816 1203 1886 huc
1221 1815 1387 1887 homines

323 1922 424 2020 digni
442 1926 544 1997 istius
565 1929 737 2018 amicitia,
758 1926 858 2024 digni
875 1931 948 1998 vita
971 1927 1031 1997 ille
1056 1922 1303 2021 ooniiviisque
1325 1948 1386 1995 ve-

323 2033 484 2106 niebant.
513 2040 613 2109 Inter
637 2038 830 2133 ejusmodi·
847 2039 943 2108 viros
972 2060 1014 2106 ac
1041 2034 1231 2118 mulieres,
1265 2030 1387 2102 adulta

322 2157 425 2217 aetate
442 2145 538 2219 filius
556 2146 768 2220 versabatur
785 2176 793 2218 :
814 2162 855 2218 nt
876 2172 980 2235 eum,
995 2146 1135 2217 etiamsi
1149 2158 1309 2215 naturae
1325 2164 1387 2238 pa·

322 2448 390 2510 quod
404 2448 445 2495 ille
460 2449 496 2497 aic
509 2450 697 2514 interpretatur:
709 2450 834 2514 Operosue
876 2450 1005 2509 labantur,
1020 2448 1089 2515 quaai
1105 2447 1172 2495 diuae
1189 2446 1234 2495 diu
1252 2446 1388 2506 manentia,

323 2525 407 2572 mesaia
425 2525 494 2572 labor
511 2543 593 2574 aevvoa
608 2529 711 2575 mxime
732 2529 833 2581 incitare
877 2528 920 2577 diu
932 2530 1026 2577 atentia.
1039 2529 1094 2577 Alia
1107 2528 1205 2574 luerunt
1215 2525 1329 2584 hiberna,
1340 2526 1388 2573 alia

322 2613 405 2666 potear
417 2603 448 2650 ad
463 2605 669 2665 conjurationem
686 2621 758 2669 quem
776 2622 833 2653 een·
876 2607 965 2656 aestiva.
980 2607 1091 2670 Bergier,
1104 2605 1199 2653 deviis
1215 2603 1266 2650 mil.
1279 2603 1323 2651 lib.
1336 2605 1386 2661 ΙΙΙ,

322 2697 395 2741 aum,
417 2685 528 2747 manvia
547 2685 605 2733 eatis
626 2695 697 2749 aptua
718 2682 833 2733 Subiitrio
877 2702 934 2750 cap.
949 2687 993 2748 37.
1007 2688 1083 2734 Porro
1096 2698 1214 2733 recemum
1226 2681 1297 2730 illum
1313 2697 1387 2743 quem

321 2760 819 2828 ridetunlocououaooouamoderiputo.
876 2765 1021 2813 amoenitatis
1040 2779 1112 2813 cauea
1133 2762 1180 2810 eibi
1201 2761 1290 2809 lauerat
1300 2759 1389 2808 Verres

359 2851 383 2899 4.
404 2841 562 2892 Concanum.
581 2844 731 2892 Concurrere
745 2841 835 2890 dicitur
877 2843 968 2907 inipso
980 2842 1060 2903 aditet,
1071 2843 1098 2891 id
1106 2852 1157 2899 eet,
1170 2842 1313 2889 ineatmua
1321 2850 1390 2904 parte

323 2921 833 2986 etiamdeuuoboauiue‚quinegou‘omn
876 2922 976 2980 iuauloe,
1003 2932 1137 2970 castrorum
1158 2919 1259 2968 aomina
1281 2919 1390 2984 appellat

323 3017 439 3059 auorum,
456 3011 499 3050 aut
516 3000 616 3049 alteriue
633 3017 724 3057 oauaa,
743 2999 835 3047 multoe
877 3014 968 3059 mator,
982 3004 1040 3066 quia
1058 3001 1089 3049 de
1103 3000 1249 3064 imperatore
1267 2997 1389 3061 loquitur,

321 3079 424 3137 invisit,
436 3078 537 3135 aetum,
546 3091 570 3127 et
587 3078 663 3127 moto
677 3079 741 3137 eno,
758 3078 834 3126 modo
874 3093 903 3135 ,et
914 3081 1099 3136 maiestatem,
1114 3094 1166 3143 quo
1178 3077 1255 3125 verbo
1269 3077 1390 3141 arguitur

322 3156 382 3205 illuc
394 3157 477 3204 currit.
875 3162 1011 3226 quodmox
1019 3158 1239 3221 uertentem
1248 3167 1316 3204 extra
1324 3156 1389 3203 huuc

360 3236 384 3281 ⁵.
396 3237 473 3282 Luco.
489 3236 524 3283 Ut
533 3234 617 3297 legunt
626 3235 833 3305 Graaviaaaetalii3
876 3241 958 3289 locam
977 3255 1028 3289 uon
1047 3239 1124 3287 virum
1136 3237 1226 3294 fuine,
1243 3234 1271 3282 iu
1283 3250 1315 3283 eo
1330 3248 1390 3282 eou-

321 3311 367 3361 κὰ
384 3321 484 3359 temtus
499 3313 583 3360 lamb·
602 3312 700 3360 (20le
713 3313 776 3360 MSS
792 3313 835 3360 bt·
877 3331 969 3369 muter
981 3319 1084 3368 tlellffl·

324 3391 382 3441 bere
407 3390 468 3438 loco.
495 3392 599 3456 Recepit
620 3392 716 3442 Erueet.
739 3383 835 3440 monito
913 3401 938 3448 6,
951 3396 1149 3460 Ubiprimumeae
1163 3395 1226 3443 alm.
1239 3391 1290 3442 nbi
1301 3388 1388 3452 incipit

324 3481 429 3520 emerem
439 3468 486 3517 loci
496 3470 572 3518 totiua
579 3469 766 3533 descriptionem
777 3470 835 3520 luco
879 3477 970 3526 exalto
984 3477 1116 3537 mariaque
1130 3473 1188 3521 litua
1203 3472 1308 3527 alluem,
1320 3477 1345 3515 el
1357 3466 1389 3515 ab

324 3567 376 3600 uon
396 3549 535 3598 convenire.
548 3551 639 3599 Verum
653 3565 727 3611 quum
742 3566 835 3598 summa
877 3556 948 3605 litore
959 3557 985 3601 iu
998 3564 1084 3617 portua
1098 3552 1194 3601 alveum
1210 3551 1296 3600 urbem
1307 3561 1391 3597 verane

325 3640 394 3678 eatae
406 3640 486 3687 meet,
497 3627 649 3693 aptissimum
663 3628 758 3677 videtur
773 3631 835 3676 Ver·
877 3635 977 3683 inflecti,
987 3633 1104 3681 Cariam
1113 3632 1215 3681 melini
1223 3645 1314 3694 genua,
1323 3628 1391 3674 mirae

324 3724 377 3758 tem
385 3710 506 3774 sylvulam
519 3709 662 3773 exquisisse,
684 3709 836 3772 quacelorea
878 3713 1002 3762 tenuitatis
1024 3712 1051 3760 in
1074 3710 1193 3776 Hispania
1216 3704 1392 3757 Tarraconensi

324 3789 420 3837 vitaret.
429 3817 464 3828 -
472 3788 564 3837 Statim
576 3800 654 3838 caetra
666 3789 766 3854 proprie
778 3800 836 3837 aaut
877 3802 1065 3857 repertumque
1075 3790 1304 3839 texebanturaeetea
1310 3783 1392 3849 magui

325 3864 448 3930 legionm
468 3885 522 3932 quae
541 3870 673 3919 secuudum
693 3867 783 3921 fluvios
803 3867 836 3915 ad
878 3871 959 3934 pretii.
978 3869 1194 3928 tintinnis,
1213 3882 1268 3930 cap.
1288 3879 1310 3914 t.
1329 3864 1391 3913 Cer·

326 3944 422 4008 imperii
440 3947 543 3996 limitem
565 3961 652 3997 contra
674 3947 836 3996 barbuorm
878 3950 969 3998 baaiuia
985 3949 1045 3999 velia
1058 3950 1109 3996 lora
1125 3957 1151 3995 et
1167 3946 1259 3995 theatra
1273 3943 1333 3990 olira
1349 3956 1392 3987 aaa·

325 4023 431 4085 ΜΡΝ·
442 4026 559 4073 ‘mium
572 4023 834 4090 munientem
878 4029 940 4093 aqut
954 4030 1104 4086 asemas,
1117 4026 1192 4074 non·
1205 4024 1392 4084 eumenem
1487 4030 1495 4047 ·

326 4101 482 4163 curaturam,
493 4113 542 4151 eta
554 4104 642 4151 arando
651 4105 738 4152 stativa
749 4102 834 4164 appel·
878 4111 905 4158 Ρ,
915 4109 1019 4157 Lentulo
1031 4105 1168 4171 Spinthere.
1180 4104 1243 4152 Pliu.
1251 4099 1313 4149 ibid.
