3176 4770
45 2066 64 2149 ᾗ

379 424 431 493 m
457 408 674 492 vernari
699 424 808 494 scr.
836 428 888 515 11,
913 433 1003 501 mr.
1031 436 1104 505 111.
1222 468 1270 541 99

211 541 351 640 galibus
367 547 556 641 prospicit,
576 546 639 641 qui
660 545 821 644 reliquos
838 565 995 625 aratores
1012 560 1162 658 colligit,
1181 569 1272 661 quid

211 654 424 750 assequitur,
443 655 515 725 nisi·
529 653 617 739 hoc,
642 669 683 727 ut
703 671 823 747 arent,
847 663 875 730 si
894 662 982 757 quid
1001 688 1171 762 possunt,
1194 681 1272 773 qui.
1374 723 1385 741 .

211 763 281 835 bus
306 777 464 835 aratrum
493 764 619 836 saltem
643 766 790 863 aliquod
815 770 956 844 satelles
972 774 1075 849 istius
1092 784 1273 878 Apronius

212 872 391 970 reliquum
408 871 510 963 fecit3
530 878 594 971 qui
616 881 791 948 tamenin
810 883 925 975 agrisl
944 907 1008 980 spe
1024 902 1133 985 atque
1150 916 1273 993 exspe-

156 994 163 1011 ·
210 983 548 1063 crationeMetelli⁵
571 989 843 1059 remanoerunt?
866 990 990 1080 Quid?
1013 1004 1123 1070 ceteri
1145 1006 1272 1093 Siculi,

210 1092 322 1190 quid?
333 1095 394 1165 ille
405 1098 582 1166 maximus
597 1120 771 1169 numerus
783 1115 986 1191 aratorum,
1001 1109 1152 1202 quinon
1162 1116 1274 1190 modo

208 1226 253 1274 ex
271 1208 363 1302 agris
380 1203 486 1298 ejecti
502 1218 606 1294 sunt,
625 1206 688 1278 sed
707 1212 815 1279 etiam
834 1235 877 1282 ex
897 1214 1099 1292 civitatibus
1118 1228 1211 1313 suis,
1229 1252 1274 1299 ex

208 1313 408 1409 provincia,
434 1312 593 1410 denique
618 1314 725 1389 bonis
748 1316 978 1421 fortunisque
1000 1330 1174 1405 omnibus
1196 1360 1274 1410 eren

208 1426 297 1519 ptis,
317 1420 578 1532 profugerunt,
595 1449 668 1521 qua
683 1429 822 1499 ratione
837 1431 863 1500 ii
878 1437 1168 1513 revocabuntur?
1181 1460 1275 1544 quot

208 1545 405 1627 pratorum
434 1535 643 1604 innocentia
671 1540 919 1637 sapientiaque
941 1568 1034 1642 opus
1056 1567 1128 1640 est,
1152 1571 1195 1626 ut
1214 1558 1274 1631 illa

209 1654 391 1710 aratorum
414 1642 610 1713 multitudo
631 1644 827 1743 aliquando
852 1654 890 1720 in
916 1657 988 1725 suis
1009 1662 1101 1755 agris
1119 1686 1162 1734 ac
1183 1667 1276 1740 sedi⁴

208 1747 278 1820 bus
294 1750 515 1823 collocetur?
960 1772 964 1777 ’

257 1864 346 1930 LVI.
368 1865 436 1948 Ac,
454 1886 499 1934 ne
517 1864 696 1936 miremini
707 1877 732 1954 ¹,
748 1881 885 1941 tantam
899 1872 1170 1956 multitudinem
1186 1912 1273 1985 prou*

201 1964 362 2066 fugisse,
390 1985 563 2067 quantam
595 1999 639 2046 ex
670 1975 782 2048 literis
811 1979 986 2077 publicis,
1015 2005 1273 2093 aratorumque

207 2075 513 2175 professionibus²
538 2088 777 2181 cognovistis3
806 2093 953 2180 scitote,
977 2109 1112 2168 tantam
1133 2105 1272 2177 acerbi-1

207 2202 317 2259 tatem
336 2191 459 2278 istius,
477 2206 619 2264 tantum
638 2194 755 2267 soclus
773 2198 809 2267 in
827 2216 986 2274 aratores
1001 2203 1110 2284 luisse
1125 2211 1139 2293 (
1152 2215 1270 2289 incre.

207 2298 317 2370 dibile
337 2299 438 2372 dictu
459 2316 533 2390 est,
550 2302 716 2398 judicest
737 2305 801 2377 sed
822 2323 858 2379 et
884 2308 1040 2401 facmm,
1062 2333 1100 2389 ot
1123 2336 1198 2395 tota
1220 2329 1273 2398 Si·

193 2407 286 2479 ·cilia
316 2410 616 2508 pervulgatum),
648 2430 690 2485 ut
720 2414 907 2508 homines,
939 2440 1090 2523 propter
1121 2432 1271 2528 injurias

205 2516 459 2618 licentiamque
486 2521 792 2612 decumanorum,
818 2544 971 2603 mortem
999 2535 1065 2607 sibi
1090 2543 1159 2639 ipsi
1182 2570 1271 2619 con„

206 2630 382 2700 sciverint.
399 2633 679 2731 Centuripinum
697 2636 878 2725 Dioclem,
902 2641 1089 2718 hominem
1108 2652 1271 2751 locuplea

206 2750 299 2823 tem,
313 2741 541 2837 suspendisse
556 2768 594 2817 ee
608 2761 768 2833 constat,
782 2772 857 2844 quo
870 2748 928 2821 die
940 2755 985 2823 sit
998 2757 1030 2824 ei
1045 2765 1269 2854 nuntiatum,

206 2848 409 2943 Apronium
431 2850 600 2925 decumas
623 2855 827 2928 redemisse.
847 2861 1176 2959 Dyrrhachiuum3,
1193 2881 1268 2973 pri-

206 2979 307 3026 mum
341 2959 511 3052 civitatis,
539 2964 670 3036 eadem
705 2968 844 3039 ratione
879 2982 1033 3044 mortem
1068 2985 1269 3078 oppetisse,

206 3065 297 3137 dixit
319 3068 416 3166 apud
438 3096 501 3142 vos
521 3072 632 3147 homo
653 3076 922 3169 nobilissimus,
947 3086 1170 3164 Archonidas
1190 3097 1272 3169 Elo-

205 3179 325 3263 rinus,
347 3203 463 3274 quum
480 3182 635 3255 audisset
649 3198 790 3257 tantum
804 3188 1045 3267 decumanum
1064 3201 1268 3298 professum

205 3289 307 3357 esse‘*
326 3313 369 3359 ex
387 3287 507 3361 edicto
525 3294 626 3364 istius
644 3294 712 3366 sibi
727 3296 872 3389 deberi,
891 3321 1069 3401 quantum
1088 3313 1148 3386 ille
1162 3314 1270 3391 bonis

107 3464 109 3469 ,
145 3464 147 3469 ,
204 3397 278 3468 suis
297 3399 468 3472 omnibus
487 3400 631 3476 efficere
650 3432 725 3479 non
744 3425 875 3506 posset.

239 3540 265 3588 4.
277 3532 325 3593 Qui
334 3544 415 3581 tamen
425 3535 450 3582 in
459 3536 534 3601 agris,
547 3539 597 3601 Qui
607 3550 644 3589 tot
653 3542 714 3604 inju-
757 3550 874 3601 hactenus
888 3557 983 3617 posuit,
993 3576 1047 3609 vera
1061 3580 1127 3625 care,
1147 3579 1170 3614 et
1186 3572 1265 3619 multo

117 3674 122 3685 ι
204 3609 246 3657 riis
259 3613 351 3671 vexati,
363 3624 441 3661 tomen
454 3616 555 3680 intigris
566 3634 712 3670 manserunt·
756 3631 877 3680 atrociora
895 3635 941 3683 sub
954 3640 1029 3688 Verre
1042 3644 1150 3692 evenisse
1164 3647 1266 3697 demon-

92 3750 97 3761 ·
135 3718 138 3723 »
241 3688 465 3756 διΕτερσοτατίοηε
478 3697 578 3745 Metelli.
591 3703 642 3748 Ant
655 3719 713 3767 pro·
756 3718 825 3757 strat.

101 3786 105 3791 ⁷
200 3764 259 3832 'pter
279 3780 364 3819 notam
381 3772 476 3821 Metelli
495 3775 652 3841 probitatem,
670 3793 712 3830 aut
792 3802 816 3834 α.
830 3790 1171 3861 Aratorumprfflssiom'bus.
1184 3805 1270 3873 idest,
1371 3830 1375 3840 ·

118 3844 130 3865 f

202 3850 274 3919 qnia,
293 3852 369 3897 Verre
383 3852 496 3913 sublato,
506 3872 558 3904 sere
576 3857 711 3921 feliciores,
757 3882 787 3914 ex
799 3882 883 3914 eornm
898 3882 1019 3921 aratorum
1034 3893 1148 3939 numero,
1171 3887 1213 3948 qui
1224 3888 1266 3948 ju·

202 3931 289 3989 quovis
300 3929 347 3978 alio
360 3942 472 3995 praetore,
486 3935 582 3983 futuros
591 3939 712 3988 existima-
757 3961 811 4009 gera
825 3959 881 3995 sunt
896 3952 998 4011 professi
1012 3965 1036 4002 et
1049 3973 1152 4020 quorum
1166 3969 1267 4020 nomina

203 4014 263 4055 mu,
756 4023 782 4070 in
794 4026 899 4091 publicio
919 4029 1006 4079 tabulis
1022 4037 1138 4105 inscripta
1150 4028 1214 4093 sunt.

237 4086 300 4134 Lvr.
321 4105 343 4135 r.
357 4092 403 4146 Ac,
415 4107 445 4137 ne
466 4092 595 4143 miremini.
606 4097 712 4162 Compa·
795 4107 818 4153 3.
832 4108 1141 4170 Dyrrhacdiaum.Nomen
1153 4125 1266 4175 hominis.

202 4161 296 4212 ratione
315 4170 432 4229 maJ’orum
459 4172 553 4221 minora
577 4174 641 4238 baec,
659 4195 714 4240 quae
794 4192 818 4241 4.
828 4187 995 4240 Decumanum
1002 4197 1139 4261 professum
1154 4221 1210 4253 esse.
1220 4208 1269 4254 De·

1115 4293 1147 4362 7.
