3176 4770
589 196 601 229 1

420 349 476 437 ut
499 368 721 436 vunuuu
745 370 854 437 aur.
879 370 1059 453 11,L1ss.
1084 369 1159 434 111.
1254 389 1315 433 ω

264 489 394 561 liberos
417 513 493 559 uon
518 476 635 559 solum
661 487 743 576 tibi,
773 486 966 559 sedetiam
993 490 1132 586 patriam
1154 492 1219 584 qui
1246 513 1320 557 nou

265 596 373 668 modo
398 596 464 669 tibi
489 596 688 695 voluptati,
716 597 779 669 sed
806 600 912 667 etiam
936 601 999 694 qui
1020 598 1212 694 aliquando
1239 599 1321 669 usui

262 707 466 806 reipublicae
483 731 559 779 esse
583 722 742 805 possent.
764 712 834 779 Eos
853 709 1037 779 instituere
1055 723 1164 804 atque
1180 707 1322 779 erudire

262 818 307 888 ad
319 820 495 914 majorum
510 819 688 905 instituta,
703 831 812 913 atque
826 817 977 887 civitatis
991 814 1229 913 disciplinam,
1246 840 1320 886 nun

261 927 382 998 adtua
406 926 537 1024 flagitia
545 924 572 1015 ³,
597 952 717 1024 neque
736 925 781 997 ad
799 942 880 998 tuas
899 926 1142 1025 turpitudines
1158 925 1322 999 debuisti.

260 1042 360 1109 Esset
382 1063 425 1110 ex
451 1041 580 1125 inerti,
607 1053 715 1135 atque
740 1040 903 1134 impuro,
929 1052 965 1109 et
987 1034 1156 1133 improbo
1175 1050 1321 1134 parente

261 1171 388 1233 navus,
410 1160 446 1217 et
471 1147 629 1244 pudens,
654 1161 689 1217 et
713 1146 852 1244 probus
873 1145 991 1218 filius:
1014 1145 1164 1217 haberet
1185 1145 1322 1241 aliquid

258 1255 373 1328 abste
390 1256 593 1353 respublica
611 1260 781 1328 muueris.
804 1262 911 1329 Nunc
929 1282 998 1355 pro
1019 1271 1054 1327 te
1071 1259 1222 1326 Verrem
1239 1253 1324 1325 sub·

259 1368 405 1437 stituisti
422 1367 575 1438 alterum
597 1369 748 1438 civitati:
763 1368 832 1437 nisi
850 1367 919 1438 hoc
941 1366 1058 1441 fortet
1079 1364 1237 1436 deterior
1249 1380 1320 1452 est,

260 1477 288 1544 si
304 1472 382 1545 fieri
399 1489 536 1571 potest,
554 1475 654 1572 quod
674 1490 713 1545 tu
735 1475 912 1569 ejusmodi
932 1477 1090 1563 evasisti,
1107 1500 1185 1547 nou
1203 1478 1240 1545 in
1260 1475 1322 1545 ho·

260 1585 366 1653 minis
382 1585 575 1671 luxuriosi,
594 1583 658 1654 scd
675 1597 816 1654 tanturn
832 1589 870 1654 in
884 1583 972 1655 furis
987 1609 1028 1655 ac
1043 1585 1206 1656 divisoris
1220 1583 1322 1655 disci·

226 1784 230 1793 ι
260 1693 358 1790 plina
385 1692 567 1765 educatus.
593 1693 692 1784 Quid
719 1695 789 1765 isto
811 1692 972 1766 festivius
994 1693 1070 1766 fore
1092 1694 1321 1783 arbitramur,

258 1804 322 1898 qui
347 1817 401 1873 est
426 1817 510 1874 tuus
533 1818 658 1875 natura
683 1802 795 1895 filius,
814 1804 1078 1877 consuetudine
1101 1804 1319 1904 discipulus,

257 1912 441 1983 voluntate
464 1915 611 1985 similis?
630 1916 749 2004 Quem
775 1941 864 2013 eg0‚
884 1916 1044 2012 judices,
1071 1918 1234 2014 quamvis
1256 1914 1320 1985 bo-

255 2046 344 2092 uum
372 2021 575 2120 fortemque
602 2023 704 2095 facile
729 2022 899 2122 paterer⁵
924 2024 1099 2097 evadere:
1126 2027 1317 2094 nonenim
1383 2038 1387 2045 ’

255 2156 314 2203 me
336 2134 527 2205 inimicitiae
545 2151 793 2221 commovent,
817 2140 846 2206 si
868 2160 948 2232 quae
966 2135 1055 2204 mihi
1076 2158 1158 2204 cum
1178 2136 1246 2203 isto
1264 2131 1319 2204 fu-

255 2257 342 2313 turae
361 2246 443 2314 sint.
466 2249 556 2317 Nam
576 2248 605 2316 si
626 2249 664 2315 in
683 2245 853 2315 omnibus
871 2243 982 2316 rebus
1003 2247 1178 2314 innocens
1192 2241 1320 2324 fuero,

195 2344 199 2353 ’
255 2356 395 2449 meique
411 2355 552 2440 similis,
570 2355 659 2452 quid
676 2354 764 2425 mihi
786 2355 887 2425 istius
901 2355 1095 2425 inimicitie
1114 2351 1319 2424 nocebunt?

254 2466 315 2532 Sin
331 2462 449 2560 aliqua
465 2466 506 2533 in
529 2490 566 2534 re
586 2469 691 2535 Verri
710 2464 836 2536 similis
858 2463 981 2553 fuer03
1002 2491 1078 2535 non
1098 2467 1209 2561 magis
1228 2463 1317 2533 mihi

252 2571 367 2642 deerit
381 2575 568 2661 inimicus,
583 2600 692 2670 quam
713 2579 817 2647 Verri
835 2575 959 2647 defuit.
981 2578 1143 2660 Etenim,
1158 2574 1316 2669 judices,

253 2683 427 2774 ejusmodi
451 2683 655 2782 respublica
685 2684 794 2757 debet
823 2712 919 2771 esse,
949 2700 985 2754 et
1013 2687 1101 2771 erit,
1129 2685 1318 2755 severitate

251 2788 494 2884 judiciorum⁶
525 2797 740 2881 constituta,
777 2812 818 2866 ut
846 2797 1013 2866 iuimicus
1045 2818 1165 2891 neque
1195 2793 1318 2865 deesse

255 2902 398 2968 nocenti
420 2906 552 2997 possit,
574 2929 693 3002 neque
718 2905 845 2976 obesse
863 2907 1059 2976 innocenti.
1083 2906 1316 3002 Quapropter

253 3008 352 3078 nulla
377 3034 433 3080 res
455 3027 530 3100 est,
554 3016 792 3110 quamobrem
817 3041 883 3113 ego
907 3017 1016 3088 istum
1039 3014 1152 3086 nolim
1181 3041 1225 3086 ex
1251 3039 1315 3111 pa·
1352 3070 1356 3081 ·

250 3240 265 3268 a
278 3223 417 3285 parentibus
430 3225 522 3287 optima
536 3226 680 3276 educatione
689 3229 758 3276 insti·
804 3229 941 3292 deterior),
955 3247 986 3278 so
1003 3231 1071 3293 quod
1086 3241 1113 3278 tn
1135 3232 1161 3278 ln
1180 3233 1257 3296 patris
1278 3233 1315 3279 tal

251 3301 294 3349 tui.
307 3302 392 3364 ltaque
410 3298 476 3366 apud
490 3304 686 3353 lacedaemonios
700 3307 758 3354 edu·
802 3310 846 3373 qui
859 3320 953 3358 rantum
970 3312 1010 3358 sur
1030 3321 1081 3358 erat
1099 3322 1123 3359 ct
1136 3311 1229 3360 divisor
1241 3311 1315 3375 (vide

246 3378 313 3426 cario
321 3378 454 3428 liberorum
465 3396 497 3428 ne
511 3383 652 3445 parentibus
660 3385 759 3448 quidem
803 3392 860 3438 Act.
873 3392 899 3448 I,
913 3406 935 3437 c.
946 3390 980 3453 8)
994 3390 1121 3455 disciplina
1139 3391 1270 3448 educatus,
1283 3390 1315 3437 ad

248 3460 443 3523 permittebatur3
456 3463 500 3511 sed
517 3466 569 3526 ejus
590 3482 672 3514 curam
687 3471 759 3517 susti·
802 3469 865 3517 hano
872 3471 1051 3534 improbitatem
1064 3471 1312 3535 pervenisti;illcpa·

248 3536 320 3585 nebat
333 3539 383 3602 ipsa
393 3541 532 3605 respublicd
538 3579 545 3601 ,
558 3545 691 3594 nescilicet
700 3547 760 3595 edu·
804 3550 846 3594 tris
859 3548 979 3597 luxuriosi
991 3549 1103 3597 doctrina
1118 3551 1150 3597 sit
1163 3550 1295 3597 institurus.

246 3614 343 3663 catione
355 3630 430 3680 prava
442 3634 456 3665 a
470 3622 559 3667 teneris
570 3625 680 3687 corrupti
693 3625 759 3673 cives
839 3628 863 3674 ⁵.
881 3630 964 3677 Facile
984 3643 1091 3691 paterer.
1108 3628 1168 3677 Nou
1193 3643 1314 3691 curarem,

192 3742 199 3753 ,
245 3691 332 3742 fierent
345 3696 443 3744 inutiles
457 3709 481 3747 et
493 3699 625 3762 aliquando
642 3703 759 3768 reipubli-
802 3722 887 3769 parum
900 3708 1118 3764 sollicitaremus,
1140 3705 1311 3768 escenderet,

246 3788 282 3821 car
296 3786 420 3824 nocerent.
801 3797 847 3833 erc.
861 3798 889 3834 ut
900 3787 943 3849 qni
954 3786 985 3833 sb
997 3803 1027 3833 co
1040 3787 1100 3832 milri
1115 3786 1176 3833 nihil
1195 3787 1313 3839 timerem.

282 3854 305 3901 3.
327 3856 486 3905 Restltnimus
500 3861 670 3922 quatuorboec
684 3862 757 3911 rerba
837 3867 862 3911 6.
887 3865 1017 3913 &antaee
1023 3864 1181 3931 judiciorum.
1207 3867 1313 3928 Quando

244 3948 299 3995 quas
314 3934 409 3983 Ernest.
422 3935 550 3985 deleverat.
560 3940 586 3987 J.
597 3941 629 3986 V.
641 3942 668 3987 1..
799 3944 891 4003 judicia
906 3959 961 3990 curn
975 3946 1088 4008 aequitate
1106 3955 1130 3992 et
1140 3946 1232 4006 justitia
1246 3961 1314 3993 exer·

281 4020 305 4068 A.
319 4012 375 4062 Nisi
384 4013 517 4080 hocsem.
529 4017 583 4064 Nisi
594 4015 724 4068 filiustuus
734 4032 757 4068 te
802 4024 935 4081 rebantur,
949 4025 1016 4088 quod
1031 4025 1100 4074 brevi
1121 4023 1177 4084 fler,
1192 4025 1313 4074 translatis

244 4089 299 4151 ipso
313 4092 419 4142 dersrlm
428 4105 464 4142 est
477 4096 514 4160 (sl
522 4106 602 4146 tamen
613 4097 666 4147 lieri
676 4109 758 4162 potest
801 4105 832 4151 ils
843 4105 931 4154 iterum
944 4122 958 4155 a
969 4107 1121 4156 senatoribus
1134 4106 1166 4154 ad
1176 4107 1277 4171 cqru'tes.
