3016 4774
448 435 832 505 nxcuususuu.
1103 436 1172 536 579

152 557 204 621 Sic
213 572 395 621 tamennon
405 552 458 618 ille
472 556 580 619 solum
596 554 700 621 codex
713 556 875 644 optimus,
886 580 1000 622 verum
1014 560 1111 625 etiam
1121 562 1173 627 ed.
1200 586 1208 595 ·

112 662 196 741 1480
207 661 346 749 Nauger.
356 659 495 748 Hcrvag.
505 660 594 725 Man.
608 660 721 725 Lamb.
739 676 836 748 atque
849 662 918 750 ipse
931 662 1172 732 Hottomannu,

20 846 24 861 μ
108 768 141 831 in
159 767 348 832 collectione
367 763 570 847 Coloniensi,
585 788 649 859 qua
662 780 749 848 utor,
760 766 838 829 unni
855 768 950 850 1521,
968 784 1001 832 et
1017 770 1061 833 ita
1074 771 1172 837 eden·

108 871 188 938 dum
206 895 335 937 censeo.
350 871 469 936 Nescio
483 871 588 953 enirn,
602 870 691 936 unde
700 872 861 937 Gruterus
878 872 1024 939 hauserit
1038 881 1173 941 ornatis-

105 981 194 1061 simr’,
218 1000 324 1066 neque
349 974 390 1040 de
422 974 639 1042 vetustissima
665 975 810 1042 editione
833 979 964 1043 monuit
991 980 1172 1070 quidquam

108 1084 259 1149 Graevius.
279 1082 423 1166 Quodsi
440 1081 505 1146 hoc
526 1079 652 1147 idoneis
674 1083 811 1149 testibus
834 1083 1003 1169 niteretur,
1021 1084 1111 1151 haud
1129 1106 1173 1154 ta·

107 1212 182 1253 men
198 1189 306 1254 hercle
319 1191 513 1276 praeferrem.
529 1188 627 1253 Nunc
643 1211 720 1253 vero
738 1188 854 1253 eodem
873 1191 947 1254 loco
962 1190 1086 1274 habeo,
1104 1217 1172 1282 quo
1237 1241 1239 1245 -

106 1295 243 1364 similem
263 1315 394 1375 vocem,
408 1293 630 1381 paratissimi,
652 1315 752 1382 quam
776 1294 811 1357 in
835 1293 912 1359 edit.
941 1295 1024 1374 1483
1048 1298 1102 1362 hic
1121 1300 1172 1363 in·

105 1400 190 1464 veni.
207 1390 290 1464 'Cur
314 1398 402 1461 enim
423 1396 584 1486 vulgatam
609 1414 684 1463 ante
709 1400 902 1481 Gruterum,
930 1422 1029 1489 quem
1055 1425 1169 1468 omnes

105 1521 219 1592 postea
235 1502 373 1593 pedibus
395 1502 525 1591 sequuti
549 1519 644 1585 sunt,
664 1526 731 1567 non
756 1505 939 1586 restituam,
963 1530 1027 1594 qua
1053 1508 1172 1574 diserte

105 1609 276 1697 respicitur
292 1606 373 1672 illud
386 1604 548 1672 interdicti
557 1607 710 1690 verbum,
722 1631 917 1693 lunamve,
928 1611 969 1676 de
981 1635 1049 1700 quo
1059 1614 1171 1680 isthaec

106 1715 213 1778 omnis
232 1730 281 1778 est
296 1712 497 1803 disputatio?
514 1712 678 1779 Prucessit
695 1738 806 1779 «arma
818 1716 966 1799 militis»,
983 1735 1015 1784 et
1035 1722 1172 1809 «probet

104 1837 298 1885 armatum».
319 1821 463 1885 Varietas
491 1818 604 1885 eadem
633 1821 668 1885 iu
691 1820 805 1886 Tacito
831 1818 896 1899 est,
924 1823 1168 1908 fflst111,63.

106 1926 250 1991 Consule
267 1927 313 1990 ihi
332 1926 468 1991 omniuo
488 1924 713 1992 doctissimum
730 1928 934 2011 Ernestium,
952 1929 1171 2023 eumdemque

104 2031 145 2098 ad
160 2034 294 2098 Sueton.
304 2033 381 2098 Exc.
393 2032 523 2114 XVIII,
542 2032 599 2119 qui
615 2033 755 2121 pertinet
771 2032 812 2097 ad
823 2032 889 2096 Titi
901 2034 999 2098 vitam
1010 2082 1019 2115 ,
1042 2058 1111 2124 cap.
1129 2061 1170 2124 9,

104 2139 162 2203 ubi
179 2140 226 2203 Cl.
243 2137 515 2227 Oudendorpius,
531 2136 611 2202 dum
638 2136 830 2202 Gruteriaua
848 2132 961 2202 'utitur
982 2140 1080 2220 hujus
1106 2142 1171 2208 loci

103 2245 260 2328 lectione,
275 2268 367 2334 paene
379 2245 472 2326 jubet
490 2244 587 2308 armis
603 2241 644 2307 ad
657 2234 833 2334 tegendum
851 2249 1063 2311 ornatissimos
1074 2249 1170 2315 intel·

104 2352 218 2443 ligere,
244 2351 316 2417 telis
338 2351 493 2432 exclusis,
514 2373 586 2437 quae
601 2349 653 2414 vel
670 2350 832 2438 praecipue
847 2351 1070 2438 requiruntur.
1088 2353 1168 2437 Sed,

104 2481 208 2545 quum
224 2479 338 2521 omaro
351 2456 453 2520 valeat
468 2455 647 2536 instruere,
670 2453 724 2518 hic
743 2477 783 2518 eo
799 2456 990 2521 sanererbo
1004 2480 1170 2542 exsensu,

102 2586 140 2627 ac
156 2586 214 2652 per
227 2583 431 2650 consequens
446 2583 534 2624 mma
551 2560 661 2624 omnia
673 2561 1039 2649 comprehenderentur,
1055 2589 1169 2654 quartu

104 2669 150 2733 vis
165 2691 259 2733 orma
275 2684 309 2733 et
322 2681 454 2732 ornatam
470 2689 574 2756 quum
590 2666 687 2732 simul
699 2684 880 2756 ponuntur,
895 2686 934 2733 ut
943 2669 1031 2759 apud
1041 2672 1168 2739 Sallust.

103 2772 177 2862 Jug.
195 2771 312 2854 XCIV,
328 2794 361 2835 n.
378 2793 413 2836 1:
435 2792 564 2854 «arma,
581 2787 801 2859 ornatumque
813 2789 1052 2857 mutaverant»,
1078 2777 1169 2840 sinri-

103 2876 211 2967 liaque
236 2875 392 2967 distingui
417 2899 493 2940 cum
510 2874 588 2941 viris
611 2874 732 2959 doctis,
753 2891 786 2941 et
804 2874 956 2941 Oudend.
981 2901 1019 2941 ea
1045 2881 1171 2946 ratione

104 2982 253 3048 debeant
266 2981 389 3047 Tamen
407 2981 457 3046 vel
472 3004 512 3046 er
526 2981 591 3046 hoc
605 2981 677 3069 ipso
693 2997 796 3071 patet,
808 3000 906 3069 qrram
923 2998 1053 3070 praestet
1063 2984 1169 3075 legere

103 3089 325 3168 armatissimi,
340 3110 382 3153 ne
393 3087 562 3176 proprium
573 3086 730 3168 verbum,
743 3088 797 3151 cui
809 3108 942 3175 prorsus
952 3089 1168 3177 insistendum

103 3210 168 3276 est,
185 3192 386 3273 deseramus,
397 3192 460 3256 alio
478 3192 629 3279 quaesito,
647 3191 737 3280 quod
755 3191 816 3256 sibi
833 3210 923 3257 armat
937 3195 1079 3283 postulet
1090 3198 1168 3261 sub·

104 3299 227 3382 audiri,
247 3322 352 3387 eoque
370 3298 471 3387 magis
487 3296 520 3360 id
537 3286 693 3386 postulat,
712 3319 779 3384 quo
799 3296 894 3363 latius
916 3299 958 3365 ad
981 3323 1033 3366 res
1057 3324 1170 3369 omnes

103 3422 306 3497 opportunas
320 3404 388 3485 ejus
403 3402 495 3468 verbi
512 3426 631 3468 ornare
645 3402 834 3493 significatio
847 3406 1035 3496 porrigitur.
1050 3407 1130 3473 Gru.
