3176 4770
329 408 396 495 rtid
642 412 691 478 M.
716 411 755 478 Τ.
781 410 1074 481 CICERONIS

323 529 511 601 voluntate
543 528 734 600 hominum
767 545 876 628 atque
908 534 1054 604 avaritia
1087 533 1228 632 positus
1258 534 1390 608 modus

323 638 531 713 aestimandi.
1139 635 1141 638 ’

371 753 476 821 XCV.
499 750 745 847 Quapropter,
762 752 792 821 si
807 775 873 824 vos
890 752 1001 825 semel
1015 755 1054 823 in
1065 752 1263 849 judicando
1277 752 1388 847 linem

323 860 499 955 {equitatis
524 873 561 929 et
586 858 674 955 legis
697 863 907 932 transieritis
920 873 950 951 ¹;
978 864 1127 952 scitote,
1155 887 1220 936 vos
1244 864 1388 936 nullum

324 968 451 1040 ceteris
474 969 512 1037 in
532 969 742 1040 aestimando
771 969 881 1044 finem
906 972 1146 1072 improbitatis
1173 988 1210 1045 et
1235 976 1388 1048 avaritiae

300 1078 519 1176 reliquisse.
545 1078 673 1150 Videte
695 1082 822 1177 igitur,
849 1106 958 1179 quam
984 1084 1097 1156 multa
1116 1084 1223 1157 simul
1242 1109 1264 1155 a
1284 1084 1389 1157 vobis

322 1188 588 1288 postulentur².
612 1189 796 1262 Absolvite
818 1217 919 1280 eum,
946 1195 1069 1290 quise
1094 1192 1248 1267 fateatur
1273 1197 1388 1301 maxi·

321 1324 400 1371 mas
424 1299 597 1397 pecunias
618 1323 701 1370 cum
724 1325 864 1372 summa
887 1305 1069 1375 sociorum
1090 1304 1222 1401 injuria
1240 1307 1388 1402 cepisse.

321 1412 405 1482 Non
424 1423 478 1480 est
496 1412 590 1481 satis.
608 1412 697 1480 Sunt
715 1411 775 1481 alii
795 1437 944 1511 qunque
964 1410 1123 1512 plures³,
1136 1417 1201 1513 qui
1218 1413 1316 1487 idem
1334 1412 1388 1487 fe·

323 1520 460 1591 cerint:
477 1517 652 1591 absolvite
674 1521 781 1592 etiam
800 1521 946 1615 illos,si
967 1525 1032 1620 qui
1046 1538 1152 1613 sunt3
1175 1539 1217 1595 ut
1237 1548 1312 1596 uno
1329 1523 1391 1619 ju·

321 1627 416 1701 dicio
437 1654 546 1726 quam
568 1629 745 1728 plurimos
766 1633 955 1731 improbos
976 1632 1146 1707 liberetis.
1173 1640 1227 1710 Ne
1248 1635 1287 1707 id
1308 1636 1391 1735 qui·

323 1737 408 1809 dem
427 1741 511 1810 satis
531 1753 594 1811 est.
621 1742 756 1830 Facite,
774 1756 816 1813 ut
834 1744 961 1816 ceteris
978 1745 1130 1842 posthac
1147 1747 1244 1820 idem
1262 1747 1389 1820 liceat:

324 1847 458 1920 licebit.
490 1856 536 1919 At
565 1848 637 1920 hoc
664 1875 794 1947 parum
825 1857 913 1923 esti.
942 1857 1164 1944 Permittite,
1192 1873 1235 1929 ut
1262 1857 1391 1945 liceat,

279 1966 281 1973 '
320 1961 453 2055 quanti
467 1960 622 2055 quisque
637 1961 738 2049 velit,
755 1962 847 2032 tanti
860 1964 1029 2053 aestimet3
1042 1965 1239 2039 aestimabit.
1253 1968 1393 2040 Videtis

322 2067 395 2163 jani
412 2063 598 2165 profecto,
613 2067 771 2162 judices,
786 2069 855 2143 hac
868 2074 1126 2163 aestimatione⁵
1142 2102 1162 2149 a
1177 2078 1283 2151 vobis
1295 2102 1393 2149 com·

323 2174 495 2275 probata,
515 2201 637 2274 neque
656 2179 807 2251 modum
823 2183 974 2279 posthac
991 2187 1145 2258 avaritiae
1159 2188 1392 2286 cujusquam,

322 2312 447 2384 neque
477 2310 624 2385 poenam
652 2288 896 2387 improbitatis
923 2291 1094 2367 futuram.
1119 2299 1219 2388 Quas
1242 2296 1291 2369 ob
1313 2321 1392 2386 res,

321 2400 416 2497 quid
440 2406 536 2496 agis,
564 2406 754 2475 Hortensi?
782 2408 921 2508 Consul
943 2433 981 2480 es
999 2408 1225 2509 designatum
1244 2416 1393 2512 provin·

323 2511 416 2579 ciam
441 2510 590 2581 sortitus
613 2507 691 2600 es⁶;
710 2513 755 2585 de
776 2518 1010 2591 aestimatione
1034 2546 1150 2619 quum
1172 2523 1293 2596 dices⁷
1315 2522 1394 2595 sru-

324 2617 460 2702 menti‚
483 2619 534 2689 sic
553 2632 590 2691 te
605 2621 817 2716 audiemus,
838 2631 940 2725 quasi
955 2630 1014 2721 id,
1031 2633 1134 2729 quod
1151 2635 1197 2708 ab
1213 2637 1282 2707 isto
1296 2649 1394 2708 recte

326 2726 463 2800 factum
494 2751 572 2800 esse
601 2728 797 2823 defendes,
829 2751 869 2810 te
899 2737 1079 2814 facturum
1113 2742 1329 2843 profiteare,
1359 2760 1396 2818 et

326 2839 450 2937 quasi,
471 2839 572 2937 quod
595 2842 656 2913 isti
678 2844 818 2916 licitum
843 2871 920 2919 esse
945 2847 1058 2940 dices,
1075 2853 1311 2926 vehementer
1333 2878 1395 2927 cu·

302 3018 306 3023 .
327 2950 406 3048 pias
432 2948 499 3021 tibi
523 2942 641 3025 licere.
662 2955 791 3052 Atqui,
812 2958 843 3028 si
866 2955 905 3028 id
925 2958 1072 3052 licebit,
1092 2963 1184 3035 nihil
1204 2978 1278 3050 est,
1295 2963 1397 3064 quod

363 3174 443 3222 XCV.
462 3190 484 3224 r.
497 3175 657 3228 Tramieritr's.
673 3180 768 3247 Nempe
777 3186 840 3234 Ver·
922 3188 948 3236 6.
960 3188 1133 3251 Conjicitdru.
1153 3193 1287 3258 Angustia.
1300 3194 1398 3244 sortitu·

329 3267 381 3299 rem
390 3251 434 3315 qni
442 3252 507 3317 leges
517 3257 638 3318 requitatis
648 3257 675 3307 in
684 3262 842 3313 munatium
886 3284 933 3318 rus.
943 3268 969 3316 J.
979 3271 1011 3319 V.
1021 3272 1245 3326 L.-Proeinciam
1256 3273 1356 3322 sortitus
1364 3291 1398 3322 er.

330 3330 540 3381 eoafmmentaria
554 3336 663 3398 transiit,
679 3338 840 3392 absolvendo.
886 3350 983 3399 Cretam
1002 3350 1109 3412 scilicet,
1131 3369 1179 3417 qna
1200 3365 1281 3402 umen
1299 3353 1399 3417 collegia

367 3424 391 3457 a.
405 3410 566 3461 postulentur.
585 3415 625 3462 Ab
635 3417 694 3482 ipeie
706 3421 789 3469 Verris
800 3422 842 3470 de-
886 3444 1001 3476 concana
1013 3432 1045 3493 Q.
1058 3431 1176 3493 Metello,
1187 3434 1230 3498 qui
1240 3433 1298 3481 inde
1307 3434 1400 3483 Cretici

328 3487 636 3543 lenmribue.-Absolvite
644 3512 710 3559 eum,
719 3501 842 3566 inquiunt.
888 3522 1025 3571 cognomen
1037 3509 1140 3575 adeptor
1153 3523 1203 3575 ert,
1215 3515 1242 3560 in
1255 3513 1322 3561 Urbe
1332 3529 1400 3562 man·

330 3565 479 3617 invidiosam
498 3568 593 3638 affingit
610 3577 694 3627 Verria
711 3579 844 3631 defensori·
888 3584 928 3634 rit.
938 3588 1016 3634 Porro
1030 3601 1139 3653 senatur,
1147 3592 1289 3657 priusquam
1303 3593 1401 3642 comitia

330 3644 376 3695 bns
387 3649 537 3709 orationem,
551 3664 580 3700 nt
592 3656 668 3719 magis
680 3659 769 3708 excitet
777 3662 846 3724 judi·
889 3664 1024 3715 eonenlarir
1036 3666 1138 3729 fierent,
1158 3672 1302 3720 consulibus
1314 3673 1402 3720 futuris
1507 3659 1509 3663 ’
1521 3648 1525 3653 ⁵

330 3739 370 3773 cer
383 3726 415 3774 ad
425 3743 482 3776 eum
494 3746 577 3779 serere
587 3736 747 3799 puniendum.
888 3744 1028 3807 provincias
1042 3747 1200 3810 decernebat,
1214 3767 1274 3815 qnae
1283 3749 1402 3815 designati
1489 3775 1491 3779 ·

368 3806 391 3854 ³.
406 3806 500 3857 Plures.
508 3808 726 3880 Alii‚complum.
736 3820 760 3868 J.
770 3821 801 3866 V.
814 3820 842 3868 L.
889 3823 1070 3890 sortiebantur,
1087 3838 1129 3876 ant
1146 3828 1211 3877 inter
1228 3845 1254 3877 ee
1273 3844 1402 3895 comptu·

367 3886 844 3960 4.VetnrliberUrrini‚Adlmcparum
888 3899 959 3951 bant.

331 3970 380 4017 est,
392 3972 418 4008 et
428 3965 463 4011 sic
474 3969 627 4019 emendatum
635 3974 683 4022 fuit
692 3972 719 4021 in
727 3990 778 4021 uno
788 3975 844 4024 cod.
925 3996 949 4042 7.
967 3986 1047 4048 Qrmm
1056 3984 1131 4037 dices.
1140 3990 1170 4036 In
1180 3997 1223 4035 tua
1229 3986 1314 4035 Verria
1323 3986 1404 4037 desen·

332 4038 408 4100 mdiu.
421 4041 446 4088 J.
459 4043 490 4092 V.
505 4048 532 4093 L.
563 4046 568 4053 '
888 4058 964 4109 eione.
977 4063 1041 4113 Vide
1054 4075 1082 4115 ut
1096 4065 1265 4115 defensionem
1285 4065 1403 4131 prneidet

368 4116 392 4167 5.
409 4117 462 4165 uae
474 4123 640 4177 estimatione.
650 4127 674 4176 A
684 4130 760 4182 verre
772 4133 845 4185 lacu.
887 4149 967 4190 utute
981 4143 1027 4191 rub
1038 4143 1091 4209 iper
1102 4144 1237 4201 defensorio
1247 4162 1362 4212 perenna.
