3016 4774
386 426 456 524 5922
690 423 966 493 excursus
991 423 1143 492 xvrn.

380 558 433 600 me
449 530 568 597 sentire
583 529 892 618 dimtis30urquem
908 546 1077 595 auctorem
1086 552 1198 595 meum
1207 528 1392 620 appelletis,
1402 554 1423 593 n

380 640 484 706 'strum
503 636 679 702 nominetis
691 668 714 703 ι.
727 635 895 701 Sententia
909 636 1007 718 hujus
1019 635 1083 700 loci
1096 637 1143 701 sic
1157 637 1305 701 restituti
1319 636 1423 701 {adde

379 748 475 836 planu
493 761 560 826 est,
574 742 718 808 ostendit
735 743 824 807 enim
839 742 885 807 Μ.
896 741 1040 825 Tullius,
1060 741 1261 808 adversarios
1281 745 1423 834 pugnaui

376 851 487 940 loqui,
505 871 610 939 quum
625 846 756 929 dicunt,
772 849 808 910 C.
829 846 1010 933 Aquillium
1022 863 1136 911 contra
1148 847 1336 930 Caeciuam,
1354 865 1423 936 etpr

378 958 506 1024 Caecina
518 955 638 1020 sentire
649 975 658 1018 t
669 975 775 1042 quum
787 954 826 1018 C.
837 953 1019 1040 Aquillium
1032 969 1065 1017 et
1075 976 1191 1036 suum,
1207 969 1242 1018 et
1253 955 1423 1020 Caecinam

259 1094 264 1105 =
379 1079 504 1129 ctorem
515 1057 687 1149 appellant
698 1059 961 1123 Fuerautautem
971 1060 1183 1148 pretermissa
1192 1060 1301 1124 rerba
1311 1062 1421 1150 aliquot

379 1169 535 1257 scriptore
553 1164 684 1231 librario
703 1186 712 1229 ε
729 1186 803 1252 quae
819 1185 880 1227 nos
899 1164 1115 1247 restituimus,
1133 1165 1270 1254 vestigia
1295 1168 1423 1256 scriptur

377 1271 494 1339 veteris
505 1267 711 1358 persequuti,
722 1282 756 1333 et
771 1288 908 1332 sensum
920 1267 1106 1352 Ciceronis,
1117 1269 1245 1333 ratione
1261 1268 1374 1355 duoe,
1386 1291 1423 1335 cor

381 1375 523 1463 sequuti.
537 1375 678 1438 Lausus.

422 1480 549 1547 Caecina
566 1499 696 1543 causam
712 1499 806 1541 suam
829 1478 982 1545 tuebatur
996 1480 1185 1546 auctoritate
1205 1482 1362 1568 Aquillii.
1380 1482 1423 1547 Ilu

378 1585 551 1651 adversarii
566 1582 778 1672 opponebant
790 1584 890 1649 aliurn
906 1587 1040 1666 lCtum,
1053 1585 1094 1651 de
1110 1609 1177 1675 quo
1189 1587 1244 1650 hic
1255 1589 1423 1654 oraton&

375 1691 467 1754 locus
481 1689 515 1751 in
528 1687 638 1783 multis
649 1705 783 1753 vexatus
793 1690 835 1753 ab
849 1690 903 1772 iis,
915 1690 972 1777 qui
986 1691 1155 1778 sequeutia
1161 1689 1202 1755 de
1213 1691 1369 1789 Aquillio
1379 1692 1423 1758 diu

371 1793 614 1859 existimabant.
632 1793 787 1858 Libenter
801 1794 983 1883 legeremus
998 1818 1007 1860 ε
1021 1795 1132 1861 «Illud
1144 1812 1254 1861 autem
1266 1799 1390 1881 miror,
1402 1822 1423 1862 o

380 1900 523 1987 aliquem
547 1914 661 1975 contra
687 1921 738 1962 me
763 1900 883 1963 sentire
909 1898 1041 1982 dicatis,
1057 1924 1160 1990 quum
1184 1925 1261 1967 eum
1288 1922 1423 1971 auctore

376 2007 511 2098 (scilicet
527 2006 722 2095 Aquillium)
739 2027 798 2070 vos
814 2027 874 2094 pro
897 2028 950 2071 me
972 2005 1154 2096 appelletis,
1172 2025 1331 2075 nostrum
1355 2035 1423 2076 nou

378 2113 472 2179 netis.
485 2113 717 2177 Verumtamen
730 2110 812 2199 quid
821 2111 866 2176 ait
874 2111 934 2189 iste
947 2129 1053 2177 vester
1065 2113 1200 2179 auctor?
1212 2115 1352 2197 Quibus
1367 2119 1423 2207 quit

379 2242 444 2308 que
459 2219 567 2284 verbis
586 2234 712 2299 actum,
729 2219 1046 2307 pronuntiatumque
1062 2220 1275 2309 sit,'spectari
1291 2223 1423 2289 conveni

376 2329 448 2416 Ego
464 2349 504 2390 ex
519 2326 582 2391 isto
599 2346 717 2415 genere
732 2322 959 2390 consultorum
975 2349 1036 2415 pro
1054 2350 1107 2392 me
1125 2327 1316 2411 nominem,
1334 2348 1374 2396 ut
1388 2354 1422 2419 op

378 2456 452 2515 nor,
470 2433 569 2496 istum
587 2433 711 2520 ipsum,
731 2451 798 2516 quo
814 2453 873 2495 ros
892 2448 1042 2515 auctore,
1062 2450 1123 2499 etc.
1134 2464 1147 2490 ι
1166 2434 1260 2499 Hanc
1278 2437 1422 2502 lectione

377 2539 412 2602 in
431 2537 580 2625 pluribus
596 2533 703 2599 firmat
719 2533 822 2599 codex
837 2537 987 2602 enostris
999 2538 1154 2626 optimus.
1173 2524 1323 2608 mmm.

425 2642 570 2706 Vestrum
580 2641 755 2705 nominetis.
765 2671 778 2696 «
788 2640 947 2706 Nostrum
956 2645 1168 2726 nominetis»,
1181 2645 1285 2712 Aldus
1295 2663 1333 2712 et
1344 2671 1420 2714 omn

378 2764 450 2812 tum
471 2747 600 2836 scripti,
615 2761 686 2810 tum
701 2746 850 2835 impressi
866 2763 1002 2815 veteres.
1021 2750 1064 2815 Et
1080 2749 1126 2815 sic
1147 2750 1217 2816 sine
1232 2768 1422 2820 oontroren

379 2851 619 2943 corrigendum.
636 2853 738 2917 Hom.
1146 2851 1150 2860 '

425 2959 515 3048 Quid
529 2961 579 3024 ait
594 2960 651 3023 iste
665 2972 769 3022 vater
783 2972 905 3023 auctor.
926 2988 939 3015 ι
951 2959 1073 3027 Noster
1088 2978 1242 3045 auctor»,
1257 2961 1363 3029 iidem
1386 2989 1422 3031 ou

378 3088 452 3148 nes,
468 3087 537 3129 uno
554 3063 675 3129 Aldino
694 3080 851 3154 excepto:
868 3084 967 3153 quam
982 3067 1194 3157 scripturam,
1210 3083 1249 3133 ut
1263 3092 1422 3158 germana

378 3188 411 3238 et
424 3172 649 3257 incorruptam
663 3169 800 3234 retineo.
814 3170 1032 3235 Io.—Verter
1043 3173 1137 3237 estin
1152 3173 1275 3239 Erfurt.
1288 3190 1323 3239 et
1336 3176 1422 3242 Fran

377 3276 543 3341 Grinn-
559 3275 643 3338 Item
667 3272 718 3338 ed.
740 3273 839 3359 1483,
863 3275 968 3366 Naug.
991 3294 1052 3343 etc.
1068 3277 1133 3344 Sed
1150 3293 1256 3345 noster
1268 3278 1321 3346 ed.
1344 3283 1421 3363 148<

378 3382 474 3448 Grut.
494 3395 527 3443 et
541 3379 747 3444 recentiores.
764 3380 885 3446 Grnsr.

424 3484 594 3566 Omnibus,
621 3484 781 3572 quidquid
803 3487 910 3552 verbis
934 3500 1041 3554 actum
1060 3494 1372 3581 procurationemque
1396 3518 1421 3558 n

375 3594 528 3661 convenit.
545 3593 644 3656 Deest
658 3589 834 3680 quiddam3
853 3611 892 3659 ut
915 3611 1023 3661 tumen
1039 3619 1173 3662 sensum
1194 3597 1359 3678 conjicere
1378 3624 1421 3690 po

375 3705 495 3783 simus;
511 3699 577 3762 hoc
592 3696 681 3762 euim
698 3696 815 3764 dixisse
834 3701 963 3766 videtur
980 3726 988 3767 ε
1008 3703 1131 3788 Placet,
1148 3704 1275 3793 inquis,
1294 3705 1363 3770 hoc
1379 3731 1421 3773 on

374 3809 473 3873 nibus
490 3804 545 3895 (et
558 3802 698 3870 subaudi
712 3804 895 3895 consultio:
914 3807 1034 3895 quibus
1051 3808 1199 3899 quidque
1214 3810 1321 3876 verbis
1337 3830 1421 3879 actu

373 3910 691 4000 pronuntiatumque
713 3910 772 3992 sit,
793 3911 931 4001 spectari
951 3913 1116 3980 convenit.
1138 3914 1210 3980 Nisi
1231 3917 1316 3981 forte
1336 3920 1421 4005 quib

372 4039 433 4107 pro
449 4018 590 4084 omnrlus
602 4018 645 4082 sit
659 4020 897 4106 reponendum.
917 4021 960 4086 Et
973 4023 1038 4087 hoc
1052 4039 1118 4107 est,
1134 4024 1225 4113 quod
1244 4024 1324 4091 dicit
1340 4028 1421 4094 infn

374 4152 387 4179 ι
401 4118 440 4187 Id
451 4140 584 4202 verum,
600 4119 634 4184 id
648 4144 797 4209 coquum,
812 4124 845 4189 id
860 4126 939 4191 utile
955 4128 1110 4195 omnibus
1123 4153 1210 4214 esse,
1228 4133 1368 4222 spectari
1383 4158 1421 4225 qr
