3016 4774
381 436 452 512 566
731 436 999 508 ΕΧΟΠΗΒΙΙΒ
1021 436 1085 506 Vl.

379 582 441 626 nus
458 557 550 650 quod
570 558 604 625 in
620 556 705 625 libro
727 560 828 625 reteri
845 557 956 624 deerat
969 556 1130 649 portionis
1150 568 1210 638 ut,
1232 556 1267 620 iu
1281 554 1333 618 illo
1348 554 1415 642 spuis

379 666 469 730 insui
487 665 623 755 putabat
642 664 754 731 deesse
774 666 872 730 verbs
888 663 1063 730 interdicti.
1080 662 1275 728 lambiens
1290 660 1414 750 explei's

379 772 526 861 quinque
542 773 667 855 verbis,
683 802 698 829 ι
709 772 786 853 ejeci
801 794 864 862 ego
881 788 931 855 te,
948 793 1015 835 nou
1034 768 1142 850 dejeci
1159 800 1186 835 ».
1205 769 1279 858 Ego
1294 766 1360 855 quia
1370 765 1415 828 nd

378 879 448 943 lum
464 877 531 944 vidi
545 878 682 957 librum,
696 879 730 941 in
748 901 814 966 quo
831 876 987 967 particule
1001 891 1039 942 ut
1054 874 1207 957 deesset,
1221 875 1257 938 in
1275 894 1366 962 quove
1375 890 1416 957 sps

379 984 463 1049 tium
478 984 575 1051 insne
589 976 692 1047 ulium
704 999 890 1072 appareret3
900 998 1014 1047 contra
1025 978 1235 1046 detrahendo
1251 978 1352 1067 potins
1362 996 1416 1063 qut·

379 1088 455 1154 dem
472 1089 619 1170 conjicio.
637 1089 783 1153 Primum
801 1088 900 1170 iliud,
920 1117 933 1143 a
947 1087 1053 1175 aliqua
1070 1101 1228 1175 exparte
1238 1106 1274 1149 »r
1290 1082 1335 1147 rei
1348 1096 1377 1144 ut
1388 1091 1416 1141 ot

380 1193 492 1258 insliis
505 1194 602 1259 etism
614 1193 803 1259 mendosius
813 1241 823 1275 ‚
833 1224 846 1250 ι
857 1215 961 1281 quum
974 1192 1080 1280 eliqua
1091 1214 1133 1257 e1
1150 1206 1291 1281 pes-ten,
1302 1186 1416 1277 planes

380 1316 488 1366 totum
524 1284 799 1391 superracdnenm
833 1302 1165 1389 interpretamentum
1203 1297 1294 1363 roeis
1323 1285 1414 1379 alud

380 1405 506 1470 Deinde
528 1405 598 1471 hee
620 1405 687 1470 duo
706 1405 766 1470 illa
781 1429 831 1470 res
852 1406 973 1471 nullius
989 1407 1068 1470 item
1086 1426 1173 1470 usus
1196 1403 1255 1468 hic
1272 1414 1350 1465 suut
1365 1394 1414 1458 Ns·

379 1533 443 1576 rox
453 1525 560 1576 utmm
574 1511 696 1598 absque
711 1511 773 1575 iliis
785 1512 893 1601 expiet
902 1509 1033 1577 abunde
1044 1511 1257 1576 sententiam.
1267 1501 1351 1571 Adde
1359 1493 1414 1588 qud

380 1614 519 1678 inlibris
534 1615 697 1701 impressis
713 1638 733 1679 a
749 1614 849 1681 Badio
864 1617 961 1698 oiim,
977 1631 1010 1680 et
1024 1631 1140 1705 postes
1158 1638 1179 1679 a
1196 1613 1351 1690 Gohnaeo,
1364 1602 1414 1668 etis

381 1718 575 1783 Victorisnis
591 1742 652 1809 pro
669 1720 730 1786 illa
749 1745 811 1805 res,
830 1739 899 1787 erat
920 1725 982 1785 ista
1001 1746 1058 1802 ιη·
1076 1738 1117 1786 ut
1132 1743 1200 1811 pro
1220 1719 1301 1798 hoe,
1321 1718 1371 1778 ista
1383 1729 1414 1781 rt,

381 1822 537 1906 totidem,
551 1848 612 1890 nec
625 1824 720 1890 reide'
732 1826 938 1892 dissimilibus
954 1827 1054 1892 literis
1068 1823 1253 1915 legendum
1266 1813 1413 1886 videnti·

373 1929 452 2019 jure
469 1928 533 1994 hoe
549 1928 649 1995 modo
668 1953 676 1995 τ
693 1961 706 1988 ι
719 1930 808 2014 Quid
826 1930 924 2020 ergo?
943 1930 1009 1995 hoe
1027 1954 1127 2019 quam
1143 1930 1250 1996 hebet
1266 1922 1347 1991 rim?
1357 1916 1414 1984 utin

379 2035 452 2115 jure
463 2033 585 2124 aliquid
601 2034 731 2100 differre
744 2035 902 2117 ridentur,
914 2053 1026 2101 utrum
1043 2035 1164 2127 pedem
1182 2057 1287 2126 quum
1296 2029 1412 2094 intutu,

382 2156 481 2229 atque
493 2140 526 2204 in
543 2141 960 2231 possessionemvestigium
974 2140 1098 2224 fecero,
1111 2158 1188 2206 tum
1199 2138 1339 2229 expellar,
1349 2142 1414 2212 ²141!

385 2243 531 2327 dejiciam
541 2268 583 2309 an
595 2268 699 2334 quum
713 2240 825 2311 eedem
835 2247 883 2326 vi,
895 2262 975 2310 ete.»
992 2247 1030 2309 ln
1039 2247 1113 2328 jure
1126 2263 1241 2311 autem
1259 2243 1308 2307 hie
1322 2233 1411 2303 didmra

383 2365 421 2414 m
436 2350 471 2414 in
485 2349 631 2439 meipsa
647 2350 779 2438 pagina,
795 2349 945 2415 «1d10v0
964 2351 1085 2431 injure
1102 2352 1195 2416 uvis
1212 2331 1412 2448 judicabiwi·

381 2456 475 2542 plura
489 2455 634 2542 exemplu
646 2453 753 2518 videas
769 2455 853 2519 inim
868 2455 910 2520 sd
923 2456 976 2520 iiln
991 2457 1146 2521 verbosis
1158 2463 1288 2534 νιηίινς
1302 2468 1354 2540 pr⁰
1365 2458 1411 2528 qm·

380 2558 443 2623 bus
460 2580 520 2646 ego
535 2559 614 2621 item
628 2560 780 2642 restituo,
796 2562 842 2623 sic
857 2563 986 2652 injure.
1003 2563 1039 2627 P.
1055 2564 1179 2631 Fssrn.

426 2662 516 2726 Nihil
532 2684 592 2752 ego
611 2685 728 2727 censeo
744 2665 904 2730 omissum
922 2689 1003 2735 esse.
1027 2659 1279 2747 Sententia'est,
1295 2649 1369 2748 quod
1381 2655 1411 2708 6¹

381 2766 480 2847 hujus
497 2766 695 2833 defensionis
711 2768 972 2854 firmamentum,
991 2772 1082 2860 quod
1100 2786 1326 2867 argumentum
1342 2760 1410 2844 ,ΡΨ

384 2873 484 2939 modo
506 2891 540 2939 et
556 2875 609 2940 cui
631 2898 790 2965 umquam
805 2878 957 2968 probabis
979 2877 1131 2960 differre,
1150 2881 1178 2944 si
1198 2879 1265 2943 vim
1284 2859 1411 2956 respitissv

381 2980 455 3068 ψεῖ
469 2997 502 3045 et
514 2981 617 3071 deit'ci
632 2982 740 3047 Gsur.
842 3012 846 3021 ’

428 3085 535 3172 Quam
547 3087 642 3151 tabes
652 3091 729 3153 orm.
747 3090 804 3153 Vis
816 3090 869 3154 hie
883 3092 1054 3155 notionem
1071 3090 1240 3181 signifieat
1252 3084 1313 3151 Pro
1324 3068 1410 3143 Belbffl

382 3189 607 3269 -sdjunctum
628 3209 678 3257 est
692 3194 727 3258 in
744 3195 881 3278 foedere,
902 3196 1101 3276 majestatem
1121 3196 1235 3287 populi
1252 3177 1361 3257 romani
1372 3189 1410 3234 0⁰¹

383 3293 479 3358 miter
496 3312 697 3362 conservent
715 3298 754 3363 ld
772 3300 871 3365 habet
888 3301 974 3365 hano
991 3301 1073 3382 rim,
1090 3319 1130 3368 ut
1149 3303 1191 3368 sit
1208 3301 1261 3366 iiie
1276 3295 1309 3360 iu
1325 3277 1411 3351 ΜΨ

382 3399 548 3465 inferior».
580 3403 647 3468 Cio.
670 3405 718 3470 XI
735 3406 776 3471 ud
801 3407 875 3472 Div.
895 3407 937 3472 ud
958 3410 1125 3473 Brutum:
1151 3438 1166 3466 ι
1181 3407 1247 3492 Qui
1267 3387 1408 3467 Antonium

381 3507 595 3596 oppresserit,
612 3510 638 3575 is
655 3510 776 3576 bellum
793 3513 978 3578 confecerit.
996 3513 1073 3578 Hoe
1085 3537 1184 3603 quam
1200 3511 1311 3579 habeat
1325 3497 1410 3563 *Μ

381 3613 563 3681 existimare
579 3617 684 3702 melo,
701 3641 800 3707 quam
816 3642 870 3684 me
883 3620 1026 3709 apertius
1048 3620 1190 3686 seribere
1202 3653 1225 3685 s.
1243 3616 1292 3683 sic
1308 3609 1337 3671 iu
1349 3595 1408 3677 T0P·

379 3746 394 3771 ι
403 3718 451 3783 Ex
464 3722 494 3784 ri
512 3724 654 3789 nominis
672 3741 901 3814 argumentum
916 3723 1069 3791 ducere».
1086 3727 1218 3792 Psssnn.

743 3964 1085 3993 *ψ
