3054 4772
358 376 430 462 634
705 372 1083 444 ARGUMENTUM.
1104 382 1107 387 “

396 497 531 559 Sullanus
543 497 712 575 imperator,
723 495 908 574 quantumvis
927 492 1083 552 crudeliter
1094 487 1284 570 provinciam
1299 487 1363 547 sihi
1373 508 1444 547 cre·

395 595 485 653 ditant
496 595 657 653 lacerasset.
667 598 777 654 Veram
788 592 965 671 aquioribus
978 589 1114 669 judiciis,
1126 584 1442 664 dissentientibuque

396 694 514 751 interae
527 692 670 764 Sullanis,
687 709 776 770 quum
791 690 942 769 paullatim
956 708 1018 746 sese
1030 686 1254 745 confirmassent
1263 684 1345 742 olim
1356 684 1439 755 victi,

396 789 447 848 ille
457 804 593 867 qaoque,
608 806 675 846 cuin
692 787 755 846 aliis
772 785 940 845 earumdem
959 785 1086 864 partium
1105 780 1296 853 hominibus,
1321 801 1343 839 a
1355 793 1438 839 rete·

398 886 479 946 ribus
491 885 617 944 inimicis
629 898 812 964 oppugnatus
825 896 877 945 est.
898 886 983 943 Certe
1002 886 1037 940 L.
1054 880 1230 949 Hirtuleius,
1255 897 1354 956 quem
1377 878 1439 935 lan

393 981 485 1043 dibus
499 980 623 1040 ornabat
644 993 795 1041 accusator
814 979 980 1051 statorias,
1001 976 1079 1036 idem
1098 989 1141 1036 est
1158 975 1212 1054 qui
1224 987 1366 1052 qttaestnr
1381 972 1437 1031 suli

398 1084 436 1153 Q.
450 1079 582 1139 Sertorio
599 1077 750 1151 militavit,
771 1077 968 1136 Marianarum
989 1074 1116 1152 partium
1134 1072 1197 1130 vir:
1217 1090 1313 1149 quem
1335 1076 1438 1130 Romae

404 1174 518 1235 laudari
532 1174 677 1253 potuisse,
697 1193 787 1251 quum
808 1173 947 1232 adversus
961 1173 1152 1249 imperatores
1167 1182 1286 1227 senatus
1297 1186 1436 1247 pugnant

296 1265 301 1272 ’
399 1285 431 1331 ct
441 1271 558 1330 vicisset
570 1272 637 1349 plns
649 1271 737 1329 semel
749 1283 779 1329 et
791 1269 910 1328 undem
927 1267 1127 1337 occubuisset,
1147 1265 1342 1323 manifestum
1359 1264 1436 1322 testi-

401 1368 532 1427 monium
551 1381 595 1426 est
614 1368 752 1424 infractos
778 1365 866 1424 fuisse
892 1364 1054 1424 crudelium
1076 1362 1146 1421 belli
1170 1361 1265 1419 civilis
1285 1361 1435 1419 victorum

382 1502 385 1509 ·
401 1465 535 1543 spiritus,
557 1476 586 1521 st
603 1463 732 1539 putuisse
744 1462 804 1540 peti
815 1462 898 1522 exiis
912 1463 1069 1533 ultionem,
1089 1458 1249 1518 dnmmodo
1269 1458 1324 1516 illa
1345 1456 1434 1516 civilis

403 1561 510 1619 luroris
524 1559 631 1617 scelera
646 1559 812 1633 silerentur,
825 1579 891 1638 quae
909 1561 1001 1618 multo
1013 1558 1137 1618 maxime
1148 1556 1186 1616 ad
1199 1555 1371 1615 vindictam
1382 1555 1435 1613 sti-

402 1654 560 1719 mulabant.

766 1836 1028 1905 SYNOPSIS.

364 2031 521 2106 Postquam
536 2039 655 2097 orator,
678 2040 710 2085 nt
725 2026 756 2085 in
768 2025 902 2085 omnibns
913 2025 1141 2104 repetundarum
1153 2025 1247 2086 carnis
1260 2024 1327 2083 lieri
1342 2026 1437 2083 solere

406 2123 610 2183 animadvertit
622 2126 780 2196 Asconius,
793 2136 823 2182 et
835 2144 872 2181 ox
888 2143 924 2182 eo
938 2124 1020 2201 quod
1030 2122 1141 2182 editum
1154 2137 1199 2182 est
1215 2124 1382 2200 fragmento
1396 2122 1438 2178 la-

408 2222 462 2281 cile
477 2222 665 2300 perspicitur,
679 2236 769 2280 totam
786 2222 830 2280 rei
846 2222 937 2281 vitam
949 2223 1113 2292 enarravit,
1135 2224 1207 2292 1-3,
1222 2220 1283 2299 jana
1298 2220 1357 2278 tria
1378 2220 1437 2277 cri-

408 2318 485 2377 mina
498 2331 670 2397 pertractat,
690 2339 780 2378 noum
794 2319 831 2377 dc
845 2319 939 2378 Gallia
952 2338 1008 2376 oere
1022 2318 1118 2376 alieno
1132 2336 1288 2396 oppressa,
1311 2317 1439 2375 alsenam

408 2414 445 2472 de
460 2428 571 2492 quaestu
589 2437 605 2472 e
623 2416 736 2473 viarum
752 2416 928 2488 munitione,
952 2416 1069 2473 tertium
1082 2414 1120 2473 de
1133 2414 1267 2492 portorio
1283 2413 1356 2471 vini.

447 2518 492 2571 De
506 2512 601 2593 primo
615 2513 716 2572 Cicero
731 2527 816 2593 negat
835 2514 925 2573 ullum
939 2533 1002 2572 esse
1017 2514 1170 2590 vestigium
1184 2532 1245 2590 quo
1259 2511 1440 2589 significetur

408 2611 531 2673 Fonteio
544 2612 695 2687 pecuniam
710 2612 806 2671 datam
816 2635 825 2686 ;
836 2614 987 2673 Fonteium
998 2612 1087 2670 Gallis
1100 2610 1169 2670 odio
1180 2631 1255 2684 csse,
1269 2608 1350 2687 quod
1364 2609 1439 2666 alios

408 2703 488 2767 bello
510 2705 675 2785 subegerit,
698 2707 769 2766 alios
789 2728 826 2767 ex
846 2708 941 2785 agris,
964 2707 1069 2785 quibus
1090 2721 1186 2767 essem
1202 2704 1333 2774 multati,
1355 2704 1439 2762 dcce-

410 2800 480 2860 dere
494 2804 638 2881 coegerit,
652 2802 715 2861 aliis
730 2802 924 2881 stipendium,
936 2822 1043 2880 equos,
1054 2802 1229 2860 [rumentum
1241 2800 1438 2877 imperaverit

411 2910 439 2963 Α
448 2904 559 2963 colonis
569 2905 710 2972 maianis,
720 2904 751 2962 in
765 2905 865 2982 primis
875 2902 1114 2967 Narbonensibus
1127 2916 1157 2962 et
1167 2899 1413 2971 Massiliensibus,
1421 2921 1439 2957 a

411 3000 640 3078 negotiatoribus
649 3015 681 3061 et
693 3000 779 3059 sociis
790 3000 904 3063 laudari
920 3001 1086 3070 lionncium,
1099 3011 1132 3057 ut
1142 2999 1253 3077 optimo
1263 2997 1300 3055 de
1314 2997 1439 3075 provin·

412 3097 473 3168 cia,
487 3095 524 3154 de
535 3098 673 3176 irnperio,
687 3085 723 3157 de
735 3098 820 3159 sociis
833 3112 863 3158 ct
873 3096 987 3161 sinibus
996 3097 1142 3157 meritum.
1151 3095 1205 3155 His
1215 3092 1356 3153 assedere
1367 3094 1439 3151 mul·

415 3205 520 3253 torum·
534 3196 684 3273 equiturn,
700 3193 902 3266 tribunorum,
912 3194 1072 3270 legatorum
1087 3192 1139 3270 qui
1152 3191 1320 3251 inexanitu
1332 3190 1441 3248 fuerint

417 3289 595 3359 testimonia,
608 3291 672 3359 4-6.

454 3389 498 3443 De
513 3387 625 3444 viarum
641 3387 817 3457 munitione,
841 3384 968 3444 ostendit
981 3385 1043 3461 ejns
1055 3384 1199 3442 rationem
1215 3382 1288 3441 nihil
1309 3381 1347 3440 ad
1368 3387 1442 3442 Fon-

417 3482 506 3543 teium
517 3482 680 3559 pertincte,
703 3482 753 3541 sed
766 3482 803 3541 ab
817 3483 879 3559 ejus
890 3483 991 3560 legatis
1005 3485 1038 3542 C.
1049 3483 1147 3540 Annio
1160 3495 1190 3539 et
1200 3485 1233 3541 C.
1246 3479 1371 3541 Fonteio
1383 3495 1442 3539 tra-

416 3592 521 3639 nunu
535 3598 611 3655 esse,
625 3599 700 3657 quos
712 3596 799 3641 asmo
812 3579 905 3657 possit
918 3576 1149 3657 reprehendere,
1173 3599 1202 3651 7.

381 3726 386 3733 .
410 3734 414 3743 ,
456 3676 593 3753 Sequitur
607 3677 689 3736 locus
701 3675 739 3735 de
756 3676 888 3756 portorio
899 3676 957 3735 vini
968 3695 986 3735 a
997 3676 1118 3734 Fonteio
1131 3676 1163 3734 in
1182 3673 1277 3734 Gallia
1289 3672 1441 3745 instituto,

418 3773 501 3851 nsjos
519 3773 644 3837 maxim
664 3791 732 3851 pars
745 3772 1104 3851 intercidit3qnarnquam,
1124 3784 1252 3849 utsupra
1260 3768 1360 3829 videre
1372 3770 1443 3844 luit,

419 3889 480 3929 non
497 3868 636 3947 scriptam
654 3876 672 3927 a
686 3869 826 3930 Cicerone
839 3868 928 3929 fuisse
942 3866 1057 3932 doctiss.
1070 3866 1155 3927 Nieb.
1168 3866 1346 3938 arbitratum
1363 3865 1445 3944 quod

417 3985 478 4025 non
487 3966 556 4025 satis
567 3964 725 4045 probatur,
736 3968 764 4025 s.

458 4064 491 4117 In
512 4073 641 4143 satrapa
650 4075 732 4140 parte
747 4062 886 4121 orationis
900 4063 1060 4127 testimonia
1080 4062 1228 4120 Gallorum
1247 4060 1394 4129 infirmat,
1408 4061 1446 4117 ita
