3054 4772
343 407 416 495 646
664 411 712 478 Μ.
738 411 776 477 Τ.
803 410 1085 481 CICERONIS

341 534 474 603 civium
494 553 727 600 romanorum
746 527 876 602 tabulis
890 543 1149 602 commovetur.
1169 528 1316 622 Videte,
1329 558 1411 632 quo

341 638 576 728 descendam,
591 638 749 733 judices3
763 663 871 737 quarn
890 639 998 736 longe
1010 637 1132 712 videar
1148 638 1195 711 ab
1210 628 1410 713 oonsuetu·

342 748 427 825 dine
453 774 552 838 mea,
575 763 612 821 et
638 750 804 827 cautione
826 774 868 821 ac
892 748 1075 847 diligentia
1096 749 1292 824 discedere.
1318 757 1410 824 Unae

341 860 473 932 tabulae
493 858 741 957 proferantur,
760 861 799 929 in
817 858 952 957 quibus
969 860 1160 957 vestigium
1177 862 1223 932 sit
1242 861 1411 958 aliquod,

342 969 444 1069 quod
469 968 663 1066 significet,
691 973 882 1067 pecuniam
902 970 1210 1059 Fonteio.datam;
1228 996 1344 1042 uuum
1364 997 1409 1055 ea

342 1096 420 1153 toto
441 1083 725 1178 negotiatorum,
738 1080 953 1152 colonorum
966 1077 998 1169 ⁴,
1016 1078 1291 1178 publicanorum
1304 1135 1314 1168 ,
1327 1105 1409 1152 ara·

341 1205 482 1279 torum,
497 1192 751 1289 pecuariorum
767 1214 920 1261 numero
940 1204 1068 1261 testem
1083 1189 1301 1287 producant3
1319 1216 1408 1262 vere

343 1315 549 1385 accusatum
572 1325 649 1372 esse
673 1299 879 1371 concedam.
902 1304 972 1375 Pro
996 1298 1047 1370 dii
1070 1297 1302 1371 immortales!
1324 1325 1408 1397 quae

343 1430 397 1499 est
407 1415 482 1486 hac
491 1415 617 1487 causa?
628 1439 709 1511 qum
719 1412 903 1486 defensio?
914 1415 1106 1485 Provinciae
1116 1413 1239 1485 Galliae
1249 1413 1309 1485 Μ’.
1319 1421 1407 1486 Fon·

343 1526 437 1597 teius
454 1523 615 1622 praefuit,
637 1549 719 1622 quas
737 1539 936 1605 constater
950 1526 992 1595 iis
1006 1523 1200 1621 generibus
1216 1524 1406 1597 hominurn

342 1648 379 1704 et
402 1637 606 1722 civitatum,
631 1636 715 1732 qui,
739 1651 782 1705 ut
804 1649 926 1707 vetera
948 1636 1106 1721 mittam,
1131 1636 1263 1731 partim
1283 1648 1407 1706 nostra

341 1740 544 1815 memoria⁵
564 1744 659 1816 bella
686 1770 769 1816 cum
792 1744 930 1843 populo
950 1767 1101 1816 romano
1119 1742 1248 1819 acerba
1264 1767 1305 1815 ac
1325 1743 1407 1815 diu-

340 1869 449 1924 turna
467 1869 672 1950 gesserunt3
695 1858 825 1951 partim
842 1853 953 1926 modo
970 1852 1017 1924 ab
1034 1856 1168 1925 nostris
1183 1855 1407 1951 imperatori·

341 1963 413 2035 bus
429 1963 586 2052 subacti,
608 1964 719 2034 modo
741 1963 839 2035 bello
862 1963 1007 2050 domiti,
1027 1961 1137 2033 modo
1154 1963 1349 2062 triumphis
1365 1989 1407 2035 ac

344 2070 591 2147 monumentis
608 2071 767 2161 notati⁶,
785 2073 898 2145 modo
914 2074 960 2146 ab
980 2088 1107 2145 senatu
1129 2077 1223 2171 agris
1242 2073 1406 2145 urbibus
1435 2115 1437 2118 <

345 2208 417 2281 que
435 2186 578 2256 multati
597 2199 701 2274 sunt,
722 2186 871 2282 partim,
894 2187 959 2282 qui
977 2208 1061 2256 cum
1078 2187 1158 2282 ipso
1179 2184 1239 2255 M.
1259 2185 1406 2256 Fonteio

342 2291 479 2365 ferrum
497 2319 537 2365 ac
552 2319 682 2365 manus
700 2294 954 2382 contulerunt,
972 2293 1161 2391 multoque
1180 2295 1258 2389 ejus
1273 2294 1406 2365 sudore

341 2428 382 2475 ac
402 2403 525 2475 labore
548 2404 617 2475 sub
640 2405 766 2501 populi
783 2405 925 2479 romani
943 2404 1134 2500 imperium
1158 2402 1404 2501 ditionemque
1505 2416 1506 2507 j

340 2510 559 2582 ceciderunt.
584 2516 648 2583 Est
672 2515 711 2580 in
737 2512 863 2584 eadem
887 2514 1073 2610 provincia
1094 2512 1217 2585 Narbo
1238 2517 1405 2601 Marcius,
1505 2512 1506 2515 '

337 2618 479 2690 colonia
495 2633 705 2692 nostrorum
723 2623 874 2707 civium,
890 2624 1037 2721 specula
1055 2622 1182 2722 populi
1202 2626 1344 2696 romani
1363 2649 1404 2695 ac

337 2730 675 2828 propugnaculum,
702 2735 778 2804 istis
803 2735 888 2832 ipsis
907 2733 1117 2806 nationibus
1142 2739 1349 2833 oppositum
1369 2749 1405 2806 et

337 2839 533 2937 objectum.
553 2846 615 2913 Est
636 2844 724 2914 item
744 2842 833 2915 urbs
857 2843 1031 2932 Massilia,
1050 2842 1095 2915 de
1119 2868 1192 2941 qua
1210 2859 1295 2915 ante
1311 2842 1404 2931 dixi,

375 3037 401 3091 4.
418 3029 573 3078 colonorum.
588 3033 754 3079 Romanorum
766 3031 811 3095 qui
824 3032 851 3079 in
894 3031 927 3093 Q.
940 3030 1028 3079 Fabius
1040 3030 1164 3080 Maximus
1175 3046 1243 3080 anuo
1254 3031 1322 3091 63²3
1337 3042 1363 3080 at
1375 3031 1403 3080 C.

340 3109 462 3157 coloniam
473 3121 542 3157 erant
550 3110 633 3168 misai,
643 3109 851 3160 utNarbonensss
893 3111 998 3169 Marius,
1012 3113 1045 3175 Q.
1060 3110 1160 3160 Catulus
1171 3110 1234 3158 oss.
1253 3111 1327 3159 Primi
1338 3111 1405 3159 iusta

340 3188 383 3252 qui
401 3188 490 3252 sapius
506 3187 554 3236 hoc
572 3188 671 3236 nonina
688 3189 848 3252 appellantur.
892 3190 1016 3238 Domitius
1028 3206 1056 3238 ac
1070 3189 1157 3243 Fabius
1169 3190 1214 3253 qui
1228 3191 1337 3240 victorin
1350 3207 1405 3239 mo·

339 3293 375 3304 -
386 3266 564 3316 Farrariorum.
579 3267 599 3313 ti
613 3277 682 3314 erant
693 3269 747 3331 qui,
760 3283 850 3333 pecora
891 3280 1009 3317 unmsuta
1036 3280 1126 3334 tropea
1155 3285 1271 3329 mssa,
1301 3285 1403 3332 quorun

339 3344 415 3401 multa
426 3342 514 3393 alendo
526 3356 628 3410 asagm
638 3345 775 3405 sloeando,
785 3363 849 3410 quo·
891 3359 1005 3412 apertus
1020 3359 1048 3397 nt
1063 3348 1135 3396 victis
1151 3348 1252 3412 populis
1270 3348 1359 3406 cladis,
1370 3348 1404 3395 aio

339 3440 393 3473 rum
416 3423 508 3471 multus
530 3425 557 3472 in
581 3425 659 3474 Gallis
679 3441 793 3475 nummus
816 3426 849 3476 ad
891 3427 1404 3479 ultiouismsmoriamrarocabat.Cl.Flor.

339 3520 416 3568 remp.
430 3502 578 3567 pertinebat,
590 3520 641 3551 rem
653 3505 783 3569 angebant.
801 3507 848 3555 Cs-
894 3508 950 3568 111,
963 3521 991 3555 a.

340 3595 419 3632 ternu
433 3582 463 3630 ds
476 3581 578 3630 diverds
592 3583 659 3632 hiaes
672 3585 850 3647 negotiatorum
928 3588 953 3636 6.
964 3587 1061 3636 Notati.
1071 3588 1165 3652 Nempe
1173 3588 1305 3654 ignominia
1311 3587 1401 3636 affecti.

341 3660 470 3726 generibus
485 3661 561 3710 fusius
578 3662 683 3711 diximus
696 3664 724 3710 in
739 3664 850 3713 Vsrriuia
892 3666 1040 3731 Intelligitur
1046 3668 1127 3716 fornix
1134 3667 1254 3718 Fabianus
1263 3685 1276 3717 a
1285 3671 1317 3731 Q.
1328 3666 1403 3714 Fabio

341 3741 437 3805 passim.
829 3777 832 3781 -
893 3746 1322 3812 Maximodllobrogieosmauubiis
1330 3745 1403 3795 atto·

375 3817 401 3870 5.
415 3821 507 3868 Nostra
516 3820 642 3870 memoria.
655 3822 747 3871 Eorum
757 3839 850 3873 memo·
893 3824 1176 3891 brogum‚quosvicsrat,
1183 3836 1326 3884 munstur,
1334 3825 1404 3874 itaas·

340 3897 375 3945 ria
388 3899 492 3962 quitum
504 3914 573 3949 sauss
585 3900 713 3960 virebant,
728 3902 759 3951 ds
773 3903 850 3951 Gallia
893 3916 1108 3969 qusturrsssaxsoe
1116 3906 1148 3954 ab
1154 3906 1284 3956 illostCu.
1292 3904 1402 3955 Domitio

340 3976 530 4040 triumphaverat
542 3979 579 4028 M.
588 3978 687 4028 Fulvius
700 3981 798 4030 Flaccus
806 3998 848 4032 an.
892 3983 1073 4046 Ahenobarbo,
1082 4001 1157 4049 quuua
1165 3984 1402 4035 Anmoeoatto·

341 4054 372 4100 U.
390 4053 418 4102 C.
439 4054 506 4117 6303
528 4058 557 4106 C.
577 4059 674 4106 Sextius
693 4060 809 4109 Calvinus
824 4074 850 4111 at
892 4062 1403 4128 bmgavtcimnrstpsntoetsmnocta,
1504 4102 1505 4109 η

340 4133 386 4181 Cn.
394 4134 518 4181 Domitius
525 4134 704 4188 Ahenobarbus
713 4157 779 4191 anno
788 4142 849 4203 6315
893 4141 982 4206 quibus
994 4143 1174 4193 dimicaverant.

1504 4142 1506 4207 l
