3148 4780
344 471 416 560 436
657 465 706 531 Μ.
731 463 769 529 t.
793 455 1087 529 ‘crcunotus

344 606 486 677 rentur,
506 609 619 684 quum
641 607 679 653 se
696 582 771 677 jam
791 579 943 650 domum
963 575 1103 645 venisse
1120 570 1414 643 arbitrarentur?

391 706 478 773 LXI.
496 701 587 770 Nam
610 690 697 791 quid
716 700 804 787 ego¹
829 688 875 760 de
898 691 935 757 Ρ.
963 686 1097 771 Gavio,
1122 686 1263 754 Cosano
1284 680 1412 750 muni·

342 818 440 912 cipe,
463 809 597 892 dicam,
607 800 771 900 judices?
791 813 853 870 aut
867 797 987 894 quavi
1006 796 1121 881 vocis,
1141 816 1212 890 qua
1232 792 1409 889 gravitate

341 923 553 1002 verborum,
570 937 648 1012 quo
662 911 788 982 dolore
802 908 913 979 animi
926 904 1064 976 dicam?
1076 903 1218 973 tametsi
1233 899 1408 971 dolorme

341 1059 419 1107 non
441 1026 585 1102 deficit²
611 1049 619 1092 :
646 1034 688 1092 ut
715 1035 833 1091 cetera
861 1014 950 1086 mihi
975 1010 1192 1084 indicendo
1219 1010 1407 1105 dignare,

342 1145 451 1240 digua
471 1137 597 1209 dolore
611 1156 694 1203 meo
711 1138 921 1227 suppetant,
935 1126 1047 1219 magis
1065 1118 1325 1194 elaborandum
1340 1131 1406 1188 est.

342 1249 453 1346 Quod
472 1249 608 1320 crimen
626 1237 804 1336 ejusmodi
820 1250 890 1320 est,
913 1247 968 1321 ut,
984 1256 1100 1329 quum
1114 1232 1272 1329 primum
1288 1227 1333 1298 ad
1347 1251 1405 1297 me

341 1363 501 1437 delatum
525 1369 596 1440 est,
617 1372 766 1422 usurum
785 1369 844 1417 me
861 1343 928 1415 illo
953 1367 1029 1413 non
1052 1355 1229 1439 putarem.
1252 1337 1406 1408 Tametsi

342 1476 440 1546 enim
462 1463 685 1538 verissimum
708 1481 790 1528 esse
810 1450 1075 1549 intelligebam,
1096 1464 1217 1521 tamen
1236 1444 1405 1518 credibile

342 1577 508 1650 forenon
519 1568 732 1643 arbitrabar.
747 1570 903 1637 Coactus
919 1562 1083 1658 lacrymis
1098 1560 1262 1631 omnium
1274 1557 1405 1627 civium

342 1706 596 1767 romanorum,
613 1679 728 1777 quiin
747 1674 863 1745 Sicilia
875 1672 1126 1767 negotiantur,
1144 1665 1321 1738 adductus
1335 1670 1405 1736 Va·

341 1796 581 1880 lentinorum,
598 1789 790 1860 hominum
806 1782 1160 1866 honestissimorum,
1170 1778 1408 1871 omniumque

344 1906 609 2003 Rheginorum,
621 1897 892 1988 multorumque
907 1890 1073 1985 equitum
1083 1909 1312 1958 romanorum
1321 1936 1333 1971 ,
1342 1884 1408 1981 qui

344 2043 431 2090 casu
446 2029 524 2085 tum
538 2013 707 2081 Messanae
718 2002 886 2087 fuerunt,
900 1991 1154 2082 testimoniis³,
1171 1993 1256 2065 dedi
1267 2007 1407 2064 tantum

346 2129 466 2227 priore
493 2122 633 2193 actione
668 2114 831 2198 testium,
866 2132 924 2180 res
955 2120 997 2176 ut
1025 2106 1161 2177 nemini
1192 2102 1305 2175 dubia
1330 2124 1408 2173 esse

346 2249 476 2336 posset.
496 2228 595 2323 Quid
614 2250 712 2298 nune
724 2245 825 2320 agam
835 2219 849 2288 l
861 2240 976 2315 quum
993 2215 1066 2310 jam
1080 2228 1134 2286 tot
1150 2214 1260 2285 horas
1274 2210 1320 2284 de
1332 2236 1407 2283 uno

345 2340 519 2442 generel,
536 2364 577 2409 ac
594 2335 640 2407 de
656 2337 758 2405 istius
771 2328 905 2402 nefaria
922 2324 1133 2398 crudelitate
1145 2323 1280 2407 dicam3
1292 2346 1407 2420 quum

348 2475 462 2551 prope
479 2468 625 2518 omnem
643 2443 717 2511 vim
733 2432 950 2510 verborum⁵
964 2433 1160 2530 ejusmodi,
1178 2457 1258 2531 quae
1275 2432 1406 2504 scelere

345 2564 448 2632 istius
466 2557 575 2652 digua
591 2563 695 2639 sunt,
708 2549 785 2620 aliis
800 2550 838 2618 in
851 2545 964 2618 rebus
975 2547 1407 2643 consumpserim,neque

382 2757 450 2804 th.
468 2768 490 2800 r.
503 2752 571 2800 Nam
584 2747 706 2814 quidego.
718 2740 855 2809 Gaviitnp·
934 2754 960 2790 u.
968 2740 1240 2808 Dolormeuottdeficit.
1247 2741 1301 2787 Hoc
1309 2738 1408 2787 exutis

348 2837 479 2901 pliciorum
487 2830 601 2878 narratio.
617 2828 696 2875 Iocus
704 2816 771 2873 to'tus
777 2823 857 2887 legen·
899 2820 1036 2884 praecepto:
1047 2821 1085 2868 ui
1094 2821 1132 2868 vis
1142 2837 1180 2868 mc
1192 2818 1263 2880 flere,
1275 2816 1406 2866 dolendmn

348 2916 395 2964 dut
406 2915 433 2961 in
444 2926 494 2976 quo
507 2919 571 2958 totas
581 2923 637 2955 snas
648 2904 785 2969 eloquentia
795 2903 857 2950 vitet
900 2911 937 2948 est
945 2902 1052 2948 Primum
1062 2900 1111 2963 ipsi
1118 2900 1191 2948 tibi».
1201 2901 1290 2947 Sento·
1300 2897 1407 2946 etttDo·

348 2994 463 3059 explicat.
477 2989 578 3038 Otdttnr
590 2997 673 3034 orator
682 2982 803 3050 pntheticr
813 2982 858 3029 dn·
900 2977 953 3027 loto
966 2977 1065 3042 quidem
1077 2977 1172 3027 afficior
1183 2979 1307 3035 maximat
1316 2976 1358 3024 sed
1369 2990 1408 3023 ee·

351 3073 482 3126 bitatione,
500 3083 548 3131 qua
558 3066 618 3113 mire
630 3073 797 3129 preparantur
807 3060 859 3109 nni·
901 3068 953 3106 tert
965 3067 1035 3105 tanto
1048 3057 1129 3105 dolori
1141 3056 1288 3121 explicando
1302 3071 1409 3104 neeessa-

350 3155 383 3200 ml
400 3149 511 3211 judicum
522 3144 555 3193 td
573 3144 681 3192 criminis
700 3143 858 3190 atrocitatem.
902 3137 938 3185 rit
951 3135 1076 3184 deficiunt.

349 3221 860 3285 Pononambooloeoettinterrogntivum,
940 3216 966 3263 3.
982 3212 1140 3262 Tostirnont't's.
1153 3216 1212 3263 Huc
1230 3229 1282 3262 vox
1294 3230 1345 3262 non
1360 3212 1408 3260 ltoc

351 3318 377 3356 et
396 3303 507 3367 iungitur
521 3299 662 3364 pronomini
683 3299 795 3361 sequenti
815 3313 860 3361 pcc
902 3293 1023 3354 loco,ted
1035 3308 1108 3357 snpra
1121 3304 1178 3356 post
1190 3292 1408 3341 honesu'sst'momn

350 3380 526 3446 mmphem
537 3394 583 3443 pro
595 3377 711 3441 quidum
719 3408 726 3434 ‚
734 3378 860 3424 ntinVir·
903 3373 1037 3421 collocatur
1048 3373 1075 3419 in
1083 3375 1147 3421 Vn.
1156 3373 1237 3438 Naug.
1254 3374 1320 3421 Man.
1332 3374 1408 3419 Hm.

351 3456 688 3532 gili0‚ttoorg.ttb.1t'‚v.
705 3454 774 3513 445,
792 3456 860 3505 Nam
903 3462 928 3499 et
938 3452 992 3500 Cir.
1004 3451 1089 3513 Steph.
1103 3450 1161 3500 edd.

352 3544 406 3611 quis
414 3553 445 3601 ee,
455 3538 662 3604 proqnisnmte.
673 3534 860 3599 Sedbiepotett
938 3532 965 3589 4.
985 3529 1024 3575 De
1036 3543 1085 3576 tuto
1100 3544 1196 3595 mm.
1215 3529 1254 3577 De
1271 3527 1409 3593 suppliciis.

351 3626 423 3674 etim
444 3616 584 3669 munitioni
602 3615 673 3663 unice
685 3614 817 3675 inmite,
832 3625 860 3662 ut
903 3608 952 3656 ted
969 3607 1025 3654 vide
1038 3622 1089 3669 qno
1102 3607 1218 3669 artificio,
1236 3609 1294 3657 (lum
1314 3608 1410 3655 mnan

352 3695 624 3770 saphrim-Cosano
634 3691 858 3756 nunioepoAExCo·
902 3684 1007 3734 utienti
1019 3684 1117 3734 videtur
1128 3703 1266 3746 occurrere,
1283 3697 1308 3735 et
1317 3687 1375 3734 dun
1383 3703 1410 3735 sc

351 3771 858 3841 utuutaeoppidomnnicipiommno,
903 3765 1411 3829 mtoeaccunuontmtinendaetmpmm

351 3858 417 3911 n'nde
424 3857 512 3909 incolt
521 3850 857 3915 Cosani.Vlgilr'ut,·Qniqnc
901 3841 986 3908 fingit,
999 3838 1108 3892 niminis
1125 3843 1195 3893 istius
1206 3845 1356 3894 atrocitatem
1367 3844 1412 3893 nd·

351 3940 436 3989 urbem
449 3938 541 3999 liquere
559 3934 668 3982 Contu.
687 3929 743 3978 Fuit
759 3928 857 3976 outoni·
900 3934 994 3987 augent.

351 4012 593 4065 RommmNid.
611 4010 675 4058 le·
687 4010 818 4068 med,
831 4017 857 4054 et
937 4014 962 4060 5.
985 4014 1065 4074 Quum
1072 4026 1153 4074 prope
1169 4026 1266 4061 omem
1282 4010 1335 4059 vim
1351 4027 1412 4059 w».

349 4095 412 4145 Ptin.
422 4094 471 4148 111,
481 4092 506 4137 5.
513 4115 547 4127 -
556 4088 684 4150 Menti-ip.
693 4088 856 4135 nanum
901 4088 1096 4151 torqunaesd
1105 4089 1290 4141 inflammandos
1296 4089 1410 4154 judicum

350 4168 523 4240 explicavimus
537 4180 583 4230 pto
596 4166 669 4235 Rom.
679 4163 787 4213 menta.
796 4178 819 4213 t.
830 4166 856 4216 θ.
900 4169 993 4217 animos
1001 4169 1139 4232 requiritur.
