3186 4772
387 444 444 518 lu
468 444 683 515 vsaaan
706 445 820 515 nor.
848 446 906 545 11,
931 446 1031 516 mu.
1056 447 1122 518 lv,
1209 471 1278 544 ²97

220 581 342 642 autem
368 579 422 638 est
445 566 490 638 ad
507 567 695 637 introitum
708 567 839 655 Ponti,
860 565 918 655 id,
938 591 1054 663 quum
1072 581 1146 638 tam
1167 569 1281 640 multa

222 705 266 751 ex
290 678 353 749 illo
380 677 471 748 mari
495 675 590 747 bella
617 678 845 764 emerserint,
870 691 944 747 tam
972 674 1085 747 multa
1111 702 1220 774 porro
1241 679 1281 748 in

222 791 378 858 Pontum
402 787 542 859 invecta
560 787 649 874 sint,
667 810 782 884 usque
806 785 852 858 ad
873 785 967 857 hanc
984 785 1080 858 diem
1099 790 1281 885 integrum

221 898 503 993 inviolatumque
520 909 700 968 servatum
717 911 782 968 est.
803 901 881 968 Hoc
899 897 1068 984 tertium,
1087 895 1282 993 quoderat

222 1008 424 1103 Syracusis,
441 1005 542 1102 quod
558 1009 607 1077 M.
630 1006 837 1097 Marcellus,
860 1021 1017 1078 armatus
1033 1020 1070 1078 et
1087 1008 1215 1095 victor,
1230 1008 1284 1076 vi·

222 1116 344 1207 derat3
368 1115 468 1214 quod
486 1115 651 1213 religioni
666 1112 913 1190 concesserat⁵
918 1143 928 1207 3
944 1115 1045 1213 quod
1064 1120 1159 1188 cives
1176 1130 1285 1214 atque

222 1225 348 1298 incolae
366 1227 579 1321 Syracusani
597 1224 736 1314 colere,
757 1226 901 1298 advenas
923 1251 1000 1298 non
1017 1224 1134 1297 solum
1151 1229 1285 1315 visere,

206 1360 348 1411 ,verum
371 1336 478 1407 etiam
499 1336 662 1405 venerari
682 1334 862 1423 solebant,
881 1335 919 1407 id
936 1340 1067 1408 Verres
1086 1333 1286 1433 extemplo

221 1446 318 1517 lovis
339 1442 491 1515 sustulit.
514 1446 564 1514 Ut
580 1446 710 1540 saepius
737 1443 782 1515 ad
805 1446 854 1515 M.
881 1436 1093 1516 Marcellum
1116 1458 1287 1531 revertar,

222 1553 381 1652 judices,
399 1557 450 1624 sic
467 1549 660 1629 habetote:
678 1552 800 1648 plures
816 1576 892 1624 esse
909 1577 930 1623 a
945 1552 1173 1650 Syracusanis
1185 1552 1287 1622 istius

224 1662 382 1734 adventu
405 1661 509 1748 deos,
536 1684 645 1759 quam
668 1662 817 1733 victoria
832 1661 991 1733 Marcelli
1013 1662 1180 1734 homines
1195 1660 1288 1732 desi·

224 1770 376 1844 deratos.
394 1774 536 1847 Etenim
549 1771 609 1842 ille
625 1772 818 1868 requisisse
834 1771 966 1843 dicitur
981 1772 1087 1842 etiam
1103 1771 1288 1842 Archime-

224 1878 332 1953 dem6
350 1880 472 1969 illum,
490 1904 632 1952 summo
653 1880 800 1977 ingenio
818 1880 1003 1953 hominem
1021 1906 1063 1954 ac
1080 1880 1288 1978 disciplina,

224 2015 381 2088 eumque
407 2002 522 2088 quum
545 1990 703 2062 audisset
726 1990 975 2082 intersectum,
992 1992 1208 2091 permoleste
1228 2004 1287 2059 tu-

222 2100 332 2173 lisse:
358 2102 426 2173 iste
454 2103 599 2186 omnia,
622 2125 703 2197 quae
729 2103 933 2197 requisivit,
955 2125 1030 2171 non
1051 2114 1093 2171 ut
1113 2112 1288 2185 servaret,

223 2237 351 2286 verum
369 2228 410 2284 ut
427 2226 642 2311 asportaret,
665 2212 863 2308 requisivit.

272 2327 363 2396 LIX.
378 2328 457 2395 Jam
473 2322 550 2410 illa,
568 2325 654 2419 quia
671 2320 805 2393 leviora
822 2318 1054 2410 videbuntur,
1071 2320 1101 2391 si
1120 2319 1191 2391 hoc
1208 2317 1289 2388 loco

225 2434 444 2523 dicerentur,
470 2431 552 2503 ideo
579 2430 789 2529 praterib03
818 2430 918 2528 quod
948 2432 1015 2502 i'ste
1039 2452 1181 2501 mensas
1208 2427 1290 2499 Del·

225 2544 371 2644 phicas¹
397 2568 417 2616 e
441 2566 642 2631 marmore,
665 2556 819 2614 crateras
844 2568 888 2614 ex
914 2566 983 2613 aere
1008 2539 1291 2639 pulcherrimas,

217 2657 301 2724 'vim
326 2656 518 2725 maximam
547 2676 714 2723 vasorum
736 2653 1030 2738 Corinthiorum,
1053 2676 1097 2723 ex
1120 2647 1291 2721 omnibus

227 2763 364 2835 aedibus
384 2764 493 2834 sacris
512 2765 695 2859 Syracusis
715 2761 875 2836 abstulit.
893 2767 1037 2857 ltaque,
1054 2758 1215 2854 judices,
1235 2755 1305 2842 hi,

227 2858 293 2968 qui
312 2871 471 2969 hospites
487 2871 533 2943 ad
551 2896 613 2961 ea,
629 2897 709 2969 quae
727 2872 873 2944 visenda
890 2884 995 2956 sunt,
1013 2867 1145 2939 ducere
1160 2866 1290 2952 solent,

228 2994 265 3051 et
294 2980 571 3076 unumquidque
599 2980 809 3071 ostendere,
836 3005 930 3077 quos
958 2978 1010 3050 illi
1036 2984 1289 3075 mystagogos²

226 3102 379 3177 vocant,
417 3112 626 3159 conversam
662 3090 737 3184 jam
775 3088 912 3160 habent
946 3088 1290 3160 demonstrationem

228 3222 356 3270 suam:
384 3220 490 3285 nam,
518 3211 558 3266 ut
585 3211 667 3267 ante
695 3196 1008 3289 demonstrabant,
1036 3197 1125 3295 quid
1154 3194 1298 3309 ubique¹

263 3380 289 3429 5.
297 3377 668 3440 θοιιοσεκναι.ΕοιΙ)εῑίοιιοηῑ,
677 3389 737 3427 um·
781 3398 831 3446 cta,
844 3381 932 3431 deinde
943 3398 1036 3457 nomen
1045 3381 1106 3430 illud
1118 3379 1231 3429 omnibus
1243 3377 1292 3425 hu·

229 3474 301 3524 quam
315 3469 399 3507 sancto
411 3470 435 3506 et
444 3456 588 3506 inviolabili.
779 3463 908 3523 juclomoe
917 3463 1005 3510 mensis
1014 3454 1124 3527 qdolibet
1132 3461 1189 3508 loco
1197 3458 1292 3507 exirent

264 3539 289 3586 6.
303 3535 479 3586 Archimedem.
494 3538 623 3586 Geometra
633 3536 738 3584 nobilis·
782 3552 819 3589 est
828 3542 978 3605 impositum,

229 3615 315 3675 simus,
336 3615 429 3680 dequo
446 3616 503 3665 vide
522 3615 573 3666 Liv.
594 3615 686 3663 Decad.
704 3617 739 3677 3,
819 3635 844 3668 α.
856 3621 1021 3684 Mystagogos.
1035 3617 1174 3668 Conflatum
1187 3632 1219 3664 ex
1230 3614 1294 3663 duo·

228 3693 272 3744 lib.
281 3699 313 3755 Ἲς
325 3696 402 3745 Cicer.
414 3695 444 3743 de
455 3696 508 3744 tin
517 3699 550 3755 V,
563 3706 589 3745 et
598 3695 654 3743 val.
668 3697 738 3744 Mu.
783 3696 830 3744 bna
850 3699 934 3761 groecis
953 3697 1055 3745 vocibus
1076 3696 1191 3753 verbnm3
1205 3691 1292 3762 phorm

229 3773 679 3839 v111,7‚10m.11‚p.9aed.non.
784 3776 848 3823 enim
863 3777 947 3824 estrei
960 3777 1087 3836 initiatus,
1102 3785 1127 3822 et
1143 3771 1237 3843 ἀγωγὸς
1256 3771 1293 3820 di·

265 3854 331 3899 ux.
349 3869 370 3899 1.
386 3856 483 3900 Memor
505 3852 739 3915 Delphicaelirant
783 3856 848 3902 citur
866 3853 916 3903 dux
936 3855 990 3901 viae.
1009 3852 1084 3916 Apud
1103 3855 1203 3902 Graecos
1225 3862 1292 3899 erant

231 3929 300 3977 abaci
307 3934 435 3979 marmorei
444 3943 498 3991 ‚out
507 3930 670 3994 tripodes,sic
679 3932 740 3980 dicti
783 3948 882 3997 quoque
894 3931 1034 3994 hujusmodi
1047 3930 1174 3990 ductores,
1195 3930 1238 3994 qui
1250 3929 1294 3979 ad·

231 4009 288 4071 quia
300 4012 388 4059 similes
401 4023 469 4061 erant
480 4010 584 4076 tripodi,
599 4011 640 4058 cui
652 4013 738 4076 Pythii
784 4029 856 4060 venas
869 4028 914 4078 por
923 4010 1045 4077 quidquid
1060 4012 1086 4058 in
1106 4010 1166 4059 urbe
1184 4007 1292 4058 mirabile

232 4085 349 4137 insidebat
358 4107 434 4153 quum
441 4089 537 4138 oracula
547 4088 740 4138 resolveret.l’ri·
783 4104 868 4152 erant,
882 4090 1054 4150 traducebant3
1065 4089 1092 4137 hi
1104 4089 1246 4140 dicebantur
1257 4082 1294 4146 ξι·

232 4179 299 4213 mum
311 4168 412 4234 Delphis
424 4171 545 4221 fabricatae
556 4173 623 4220 suere
635 4171 738 4235 Delphi·
783 4169 862 4241 rapi.
947 4180 950 4185 “
