3016 4774
441 435 722 507 rxcunsus
749 434 853 507 rvr.
1108 430 1176 529 587

167 556 306 619 m,
317 550 494 611 dmi&
501 559 593 610 ml!
605 559 772 626 pmstlffli

166 648 226 698 llam
240 659 265 699 tt
274 648 333 697 volo
346 663 473 707 ausuram,
487 647 583 697 mistio
592 658 690 697 venat.

165 740 206 789 Δο
219 752 264 785 suo
275 736 386 805 paritulo
399 736 420 784 is
432 746 513 797 emat,
528 737 572 801 qui
585 753 637 785 um
652 734 809 785 maroahltur.

166 825 290 891 Manoipio
303 840 383 890 nsque
393 824 531 889 promittet,
542 841 624 889 neque
633 825 762 890 quisquam
777 820 855 871 dabit.
867 821 950 870 liora.

155 965 195 1031 Si
207 968 358 1031 inermem
371 967 550 1047 stromata,
567 986 770 1056 quoecttntque
782 965 925 1053 umjrue
940 960 1095 1052 mancipii
1107 964 1181 1035 sint.

110 1072 212 1136 Hunc
226 1070 334 1136 locum
355 1093 395 1137 ex
409 1071 551 1160 vestigiis
569 1073 711 1160 antiquas
729 1071 914 1160 scripturae,
937 1093 956 1134 a
972 1092 1036 1158 qua
1051 1069 1181 1158 vulgata

18 1250 19 1253 Ἴ
110 1199 182 1241 uon
197 1175 375 1243 admodum
391 1175 569 1266 discrepat,
589 1177 785 1267 praefiscine,
810 1176 945 1243 feliciter
971 1176 1017 1239 sio
1040 1175 1179 1242 restitui.

108 1282 197 1348 Nam
213 1282 342 1371 vulgata
359 1281 510 1369 quidem,
527 1282 605 1347 ferri
621 1282 758 1347 omnino
775 1304 844 1347 non
859 1296 987 1369 potest,
1008 1311 1021 1337 ι
1033 1279 1060 1344 si
1073 1280 1180 1343 incer·

18 1468 20 1479 .
109 1403 184 1453 tum
198 1387 257 1467 sit,
270 1410 342 1474 quae
360 1410 464 1474 quum
480 1389 616 1453 omnino
633 1405 706 1472 tua,
723 1404 807 1459 eto.»
828 1388 981 1457 Lamn—
997 1385 1086 1475 Quid
1099 1388 1180 1451 enztn

109 1489 210 1576 rsfirt
218 1491 313 1575 cedes,
325 1504 385 1557 aut
383 1489 531 1578 fiendum
545 1492 689 1558 relictum
704 1517 725 1557 a
731 1507 845 1580 patra,
860 1506 920 1556 aut
933 1491 1045 1579 aliqua
1056 1492 1182 1553 ratione

18 1668 19 1681 χ
111 1596 227 1663 habere
251 1595 325 1663 bene
337 1609 483 1687 passsam,
502 1600 532 1662 si
544 1599 696 1662 incertum
711 1599 768 1679 sit,
786 1619 858 1685 quoe
875 1620 974 1687 quum
997 1598 1104 1661 omnia
1123 1608 1181 1660 tua

18 1768 19 1779 χ
106 1702 181 1789 jure
196 1705 350 1791 mancipii
362 1705 441 1782 sint,
464 1725 502 1768 sa
516 1707 670 1793 possisne
685 1706 824 1768 retinere.
848 1703 1091 1768 Hottomannus
1110 1724 1182 1767 cor-

111 1810 205 1900 rigit,
222 1826 259 1874 ut
281 1812 350 1899 ipse
372 1810 492 1876 fatetur
514 1828 628 1877 contra
650 1812 799 1875 omnium
823 1809 983 1875 librorum
1007 1810 1181 1875 auctorita·

18 1964 19 1969 η
112 1931 200 1998 tem,
224 1933 257 1981 et
280 1917 375 2007 legit,
401 1918 504 2001 «Quae
533 1933 589 1982 tna
616 1915 784 1982 communi
803 1915 877 1996 jure
910 1915 1062 2005 mancipii
1085 1916 1180 1980 sintu.

111 2022 290 2087 Lambinus
308 2024 437 2088 itemst
458 2023 609 2112 Sigonius
627 2023 785 2088 recedunt
804 2024 902 2110 louge
924 2045 943 2085 a
965 2022 1122 2108 scriptura
1141 2020 1180 2084 li-

109 2127 257 2197 brorum.
274 2130 345 2219 Ego
358 2130 391 2193 in
403 2130 476 2195 loeo
489 2146 556 2194 tam
571 2129 742 2218 insigniter
755 2127 928 2216 depravato
943 2126 1051 2189 literas
1063 2125 1093 2186 V
1106 2139 1139 2189 et
1151 2127 1179 2187 Α

111 2251 239 2301 tantum
254 2236 349 2302 video
365 2237 484 2302 frustm
504 2238 547 2302 ob
567 2235 831 2318 similitudinem,
853 2250 892 2298 ut
915 2232 985 2298 fieri
1007 2255 1091 2321 saepe
1111 2232 1178 2312 jam
1254 2221 1256 2225 ’

111 2339 193 2426 dixi,
208 2342 370 2432 repetitas.
380 2345 431 2408 De
446 2342 573 2431 reliquo
584 2342 683 2406 literis
696 2339 819 2406 eisdem
835 2338 996 2404 sententia
1013 2337 1180 2401 verissima

110 2446 202 2536 lego:
222 2448 325 2531 «Qum
346 2449 550 2515 communita
567 2447 641 2528 jure
665 2444 817 2535 mancipii
834 2460 925 2528 sunt,
949 2466 987 2508 ea
1007 2442 1112 2531 possis
1137 2464 1180 2507 ne

111 2551 272 2616 retinere?
285 2582 299 2607 »
319 2549 410 2616 addit
426 2552 552 2617 ratione
572 2550 787 2633 subjicienda,
808 2550 858 2614 «si
880 2572 998 2639 parum
1020 2547 1064 2612 sit
1085 2570 1179 2612 com·

110 2658 277 2731 munitum
291 2658 376 2738 jus».
391 2658 430 2722 lu
449 2681 513 2749 qua
535 2658 706 2725 iteratione
730 2655 877 2739 ejusdem
894 2654 1004 2736 verbi,
1026 2669 1059 2719 et
1072 2676 1179 2719 venu-

111 2778 226 2827 statem
244 2763 389 2854 quaesivit
407 2764 564 2848 orationi,
589 2781 622 2830 et
636 2764 765 2853 gravius
780 2776 1012 2851 argumentum
1028 2757 1122 2823 duxit
1139 2782 1177 2823 ea

111 2889 222 2950 eausa,
239 2868 274 2933 id
292 2884 359 2950 est,
385 2892 425 2934 ex
440 2870 513 2961 ipso
527 2871 617 2953 jure3
640 2866 732 2958 quod
750 2867 776 2932 si
798 2889 914 2956 parum
936 2864 1178 2929 communitum

112 2990 179 3055 est,
198 2973 269 3051 illa,
292 2998 433 3066 quorum
451 2975 486 3040 id
504 2975 647 3040 efficiens
663 2991 731 3056 est,
756 2972 814 3061 qui
832 2987 990 3060 poterunt
1007 2971 1082 3034 satis
1107 2991 1178 3033 esse

113 3079 335 3144 communita?
347 3080 412 3145 hoc
430 3080 517 3145 idem
541 3079 628 3145 dicet
649 3079 759 3168 paullo
779 3093 854 3166 post
872 3077 935 3141 sic:
960 3076 1056 3139 «Non
1074 3073 1181 3138 solum

112 3184 202 3273 quod
216 3185 286 3250 haeo
296 3186 368 3275 jure
383 3186 468 3253 civili
486 3202 576 3274 septa
594 3185 658 3249 sint
673 3215 702 3249 ι.
716 3185 759 3248 Et
775 3184 809 3246 in
829 3183 976 3247 oratione
996 3203 1057 3270 pro
1069 3182 1179 3244 Domo

113 3313 186 3355 sua:
205 3293 358 3357 «Nullam
374 3291 510 3357 domum
526 3294 620 3357 aliam
646 3314 738 3379 aeque
759 3313 828 3355 esse
846 3290 971 3379 privato
997 3305 1029 3353 et
1047 3287 1180 3377 publico

111 3395 183 3477 jure
200 3399 395 3463 munitam».
412 3399 448 3465 P.
464 3400 584 3467 Fuso.
604 3436 650 3448 —
674 3398 713 3463 Si
727 3400 879 3462 incertum
903 3401 959 3477 sit,
985 3417 1057 3483 quoe
1077 3416 1176 3483 quwn
1259 3458 1264 3467 ,

113 3506 220 3568 omnia
237 3518 303 3578 tua,
321 3521 382 3569 etc.
398 3492 564 3570 Mordicus
580 3505 700 3570 retinui
711 3504 873 3593 vulgatam
887 3501 1038 3565 Palatinis
1058 3499 1178 3563 nostris

113 3625 341 3675 sustentatam:
358 3633 434 3675 nam
449 3609 587 3674 Manutii
604 3633 641 3674 ac
657 3608 805 3674 Lambini
822 3606 988 3696 supposita
1012 3602 1094 3667 nihil
1118 3602 1179 3666 ha·

18 3790 20 3795 ,
114 3713 191 3780 bont
205 3716 294 3780 certi.
311 3717 555 3781 Hostomannus
573 3716 733 3797 tentabat,
747 3729 908 3802 «quastus
925 3709 1093 3775 communi
1106 3702 1200 3789 jure'

18 3826 20 3833 ’
114 3821 264 3910 mancipii
287 3822 394 3888 sinn:
412 3838 585 3886 etcertum
607 3820 738 3910 quidem
755 3837 803 3884 est
818 3815 993 3909 legendum
1012 3816 1182 3903 mancipii:

115 3924 168 3990 sed
188 3928 260 4012 quis
281 3928 413 3993 intrusit
432 3927 483 3992 illa
501 3927 580 3992 alia?
597 3927 790 3993 Gulielmius
814 3922 951 4013 putabat
971 3921 1088 3987 extrito
1108 3943 1181 4009 quoe

115 4046 258 4095 constare
270 4032 453 4099 lectionem.
465 4033 572 4099 Gnmv.
582 4071 626 4082 —
636 4034 674 4098 In
688 4047 769 4096 orat.
786 4030 828 4096 de
841 4030 980 4117 Harusp.
997 4026 1178 4115 responsis:

118 4134 238 4199 «Nobis
266 4155 343 4201 sunt
367 4139 485 4205 domus
509 4141 543 4203 in
571 4139 632 4204 hac
657 4137 784 4204 civitate
810 4136 883 4217 jure
908 4133 1080 4223 mancipii,
1106 4133 1181 4213 jure
