3186 4772
390 379 445 449 ΙΝ
469 376 688 449 VERREM
711 376 822 447 Act.
847 377 901 463 tt,
925 379 1021 447 LIB.
1038 381 1105 448 tv.
1205 378 1270 451 301

185 546 189 557 ι
218 507 348 589 tinam,
369 514 519 598 propter
542 498 745 597 praedarum
768 523 812 570 ac
832 496 1011 569 furtorum
1034 502 1196 572 omnium
1219 528 1277 574 so·

218 615 400 700 cietatem;
420 608 526 680 simul
545 624 581 680 et
600 606 760 697 verebar,
775 634 822 680 ne
840 608 1033 680 mulierum
1047 611 1224 687 nobilium
1241 627 1278 685 et

218 722 458 794 formosarum
480 723 612 818 grstia,
638 743 792 815 quarum
817 720 885 791 iste
913 721 1060 790 arbitrio
1087 726 1279 818 praetur'am

220 857 286 932 per
302 832 497 904 triennium
513 842 692 927 gesserat,
709 830 962 927 virorumque,
978 827 1196 925 quibuscum
1212 832 1281 903 illae

221 956 343 1039 nuptae
357 954 478 1026 erant,
501 940 612 1009 nimia
630 942 669 1009 in
689 941 799 1010 istum
819 963 895 1010 non
909 937 1021 1010 modo
1035 938 1249 1013 lentitudine
1256 938 1284 1028 ³,

220 1051 283 1123 sed
304 1052 411 1122 etiarn
439 1048 650 1122 liberalitate
671 1072 918 1149 oppugnarer,
939 1050 1078 1147 siquid
1105 1075 1150 1121 ex
1172 1050 1283 1124 literis

220 1165 524 1260 Syracusanorum
546 1160 811 1256 conquirerem.
994 1255 998 1261 v

219 1339 226 1355 ,
266 1275 394 1367 Itaque
401 1269 587 1366 Syracusis
599 1292 682 1339 cum
696 1267 835 1340 civibus
848 1269 1006 1339 romanis
1020 1290 1134 1357 eram;
1155 1294 1282 1341 eorum

220 1378 360 1451 tabulas
390 1377 644 1475 exquirebam,
678 1378 827 1472 injurias
860 1376 1130 1476 cognoscebam.
1160 1383 1283 1471 Quum

222 1489 356 1561 diutins
374 1491 413 1558 in
430 1489 578 1584 negotio
594 1510 753 1582 curaque
773 1485 928 1575 itteram,
950 1503 992 1558 ut
1005 1489 1284 1585 requiescerem,

221 1621 419 1692 curamque
432 1597 542 1665 animi
555 1596 794 1682 remitterem,
808 1594 852 1665 ad
866 1598 1061 1693 Carpinatii
1071 1601 1086 1649 ⁴
1095 1597 1283 1695 praeclaras

216 1704 357 1776 tabulas
373 1700 596 1790 revertebam
614 1702 678 1773 ubi
692 1727 775 1775 cum
790 1704 972 1801 equitibus
986 1711 1142 1779 romanis
1155 1732 1202 1778 ex
1216 1707 1280 1779 illo

162 1860 166 1867 ·
219 1828 404 1887 conventu
424 1812 703 1901 honestissimis,
727 1813 807 1884 illos
831 1818 1043 1903 Verrutios,
1073 1816 1119 1889 de
1145 1817 1280 1915 quibus

217 1941 300 1998 ante
314 1926 404 2014 dixi,
417 1920 673 2022 explicabam⁵:
683 1949 703 1994 a
712 1928 940 2020 Syracusanis
950 1950 1099 2025 prorsus
1113 1927 1204 1997 nihil
1217 1927 1280 1998 ad·

213 2036 370 2130 jumenti
384 2058 503 2130 neque
516 2032 681 2132 publice,
695 2058 815 2131 neque
826 2037 992 2133 privatim
1006 2035 1258 2134 exspectabam
1270 2063 1280 2123 3

217 2169 337 2241 neque
360 2158 438 2214 erat
456 2146 494 2213 in
518 2147 639 2213 animo
663 2141 858 2239 postulare.
878 2146 1003 2234 Quum
1025 2145 1102 2215 haec
1122 2170 1285 2242 agerem,

159 2299 163 2307 ·
216 2267 368 2351 repente
388 2253 433 2324 ad
451 2277 509 2324 me
526 2253 625 2322 veuit
640 2251 823 2322 Heraclius
841 2257 890 2339 is,
910 2254 974 2349 qui
995 2268 1074 2325 tum
1097 2258 1283 2352 magistra·

97 2366 100 2373 '
218 2379 297 2435 tum
319 2364 501 2460 Syracusis
526 2360 701 2448 habebat,
724 2360 836 2432 humo
858 2361 1015 2452 nobilis,
1038 2364 1103 2460 qui
1121 2366 1285 2438 sacerdos

218 2474 314 2544 lovis
327 2472 470 2559 suisset3
481 2475 554 2568 qui
576 2471 695 2541 honos
708 2470 805 2568 apud
819 2475 1059 2568 Syracusanos
1073 2489 1127 2546 est
1141 2475 1283 2573 amplis-

220 2585 339 2653 simus.
351 2583 432 2678 Agit
443 2605 604 2666 mecum,
619 2594 655 2651 et
669 2604 752 2651 cum
766 2585 806 2652 L.
821 2578 930 2654 fratre
943 2608 1044 2671 meo,
1058 2598 1117 2671 ut,
1133 2586 1162 2655 si
1175 2585 1283 2659 nobis

135 2683 146 2695 ⁴
219 2689 439 2780 videretur⁶,
460 2689 638 2764 adiremus
660 2688 705 2761 ad
726 2715 851 2762 eorum
875 2708 1057 2781 senatum3
1076 2691 1285 2791 frequentes

221 2824 298 2871 esse
310 2803 348 2871 in
362 2804 461 2872 curia
473 2827 483 2889 ;
497 2826 534 2871 se
545 2802 649 2897 jussu
669 2815 815 2872 senatus
836 2825 857 2871 a
876 2799 983 2871 nobis
1002 2813 1145 2898 petere,
1166 2817 1207 2872 ut
1223 2828 1287 2876 ve·

223 2912 395 2981 niremus.
415 2911 533 2982 Primo
556 2910 664 2983 nubis
687 2909 757 2981 fuit
775 2908 946 2998 dubium,
967 2908 1057 3007 quid
1074 2935 1284 3009 ageremus:

221 3096 272 3145 qus
284 3091 335 3129 erut
346 3080 516 3145 Syracusarum
525 3095 583 3145 grus
592 3078 680 3141 omnis,
690 3097 732 3129 ne·
775 3080 868 3138 baisse,
880 3089 908 3127 ut
921 3096 971 3127 rem
980 3090 1084 3145 tegeret,
1095 3072 1179 3130 Verris
1190 3085 1287 3135 nomini

103 3154 107 3159 ’
146 3182 148 3186 .
223 3159 282 3208 dum
296 3158 366 3207 furti,
379 3158 478 3207 meret,
577 3196 581 3201 .
776 3158 877 3206 alterum
885 3158 1057 3217 subeuntum
1067 3162 1208 3210 terrarium
1217 3163 1286 3215 libris

260 3240 285 3287 3.
297 3237 459 3287 Lentitudiue.
472 3235 547 3286 Multi
558 3247 628 3285 sutus
645 3235 733 3284 tenteu·
775 3237 905 3302 inscripsit.
919 3238 994 3302 Quod
1002 3255 1093 3288 nomeu
1105 3240 1130 3289 in
1144 3242 1237 3292 tubulus
1251 3262 1290 3294 re·

224 3316 322 3375 urdine,
335 3316 379 3365 sed
392 3317 471 3365 multo
488 3315 574 3364 melius
595 3315 733 3363 restitutum
775 3315 851 3364 lutum
861 3316 928 3366 nullo
937 3316 1012 3366 modo
1021 3318 1108 3367 Cicero
1116 3320 1227 3372 invenire
1236 3339 1283 3390 po·

224 3394 418 3452 destinationis
438 3395 502 3443 enim
524 3394 604 3443 leutus
617 3403 667 3451 est,
690 3394 734 3457 qui
776 3396 825 3444 tuit
834 3395 875 3444 cui
887 3398 1151 3462 pertineret,etputuit
1160 3401 1225 3449 frsus
1234 3419 1287 3451 om·
1338 3400 1344 3409 ⁹

222 3490 275 3523 nou
297 3473 422 3522 tolersuds
437 3489 508 3538 equo
531 3473 580 3522 iert'
592 3470 683 3521 mimo.
698 3497 734 3507 —
778 3474 830 3532 nis;
845 3491 920 3539 quum
931 3476 1065 3541 prasertim
1076 3475 1153 3524 literas
1165 3478 1236 3527 litura
1245 3482 1288 3527 im·

224 3554 388 3602 liberalitate.
396 3552 508 3603 Studium
517 3562 553 3601 est
561 3551 602 3600 hic
613 3565 736 3615 aucupan-
777 3569 861 3601 mersae
872 3564 897 3602 et
910 3553 1004 3601 obrutse
1016 3565 1108 3612 essent,
1122 3565 1150 3601 ut
1159 3556 1241 3606 videre
1249 3570 1287 3608 est

226 3632 263 3681 dae
278 3634 360 3681 Verris
377 3631 466 3696 grstiae.
777 3631 843 3680 libro
858 3632 1058 3693 Accusationisil
1068 3632 1099 3680 ud
1112 3649 1166 3697 esp.
1180 3636 1222 3698 59.

262 3719 286 3768 s.
300 3710 443 3775 Carpinatii.
457 3713 481 3758 Is
495 3720 547 3758 erat
560 3708 600 3758 cui
610 3708 736 3758 solrebsu·
815 3711 841 3759 5.
860 3712 1032 3776 Erplicabam.
1050 3712 1083 3759 tt.
1093 3728 1114 3759 e.
1128 3714 1288 3778 excutiebant,

226 3801 268 3838 tur
280 3800 351 3845 eertse
360 3790 471 3854 pecunie
484 3798 633 3847 summae,ut
639 3788 735 3853 pascuis
779 3788 935 3853 fraudemque
945 3784 1124 3857 deprehendere
1137 3792 1252 3843 conabar.

227 3868 366 3932 reipublicae
376 3868 463 3917 Siculis
474 3869 510 3916 uti
517 3869 609 3916 liceret.
616 3869 649 3915 At
656 3884 733 3932 quum
815 3868 840 3916 d.
852 3868 880 3914 Si
892 3866 960 3914 uobis
970 3866 1105 3914 videretur.
1116 3868 1198 3917 Comis
1206 3883 1232 3920 et
1244 3873 1288 3923 be.

228 3947 286 3995 iude
308 3948 398 3997 ioedsm
415 3965 471 3997 cum
493 3960 597 4014 praetore
612 3947 734 3996 latrocinii
779 3947 851 4011 nigus
865 3943 985 3992 invitandi
998 3944 1126 4003 ratio,ut,
1139 3962 1214 4011 quum
1225 3968 1287 4001 con-

229 4026 368 4075 societatem
378 4028 481 4088 iniisset,
496 4044 541 4075 uec
555 4026 633 4074 videri
646 4026 734 4087 vellet,
778 4026 818 4075 cio
838 4024 1019 4081 dimitteretur,
1039 4023 1136 4071 aiebant
1151 4040 1158 4074 :
1176 4029 1201 4077 Si
1216 4032 1286 4080 vobis

230 4112 324 4153 turtum
336 4105 393 4155 oum
403 4123 433 4155 eo
442 4108 612 4156 commercium
625 4106 735 4156 furtihu-
778 4104 888 4163 videtur,
902 4103 1031 4162 discedite,
1042 4104 1155 4166 Quirites.
