3016 4774
446 456 720 526 EXCURSUS
749 458 861 526 XIII.
1116 456 1180 531 581

110 594 241 659 esset»;
254 575 505 656 jurisconsultos
519 577 554 640 in
565 577 635 652 lroc
650 600 720 642 uno
739 599 856 666 genere
872 597 1026 666 responsu
1043 576 1186 663 dedisse,
1215 620 1218 625 -
1326 580 1331 587 ’

26 676 29 687 ’
105 685 238 772 jusque
251 682 467 748 constituisse.
484 714 497 738 a
509 684 594 748 Iuris
612 700 721 749 autem
736 684 842 748 omnis
858 683 993 773 quaestio
1002 716 1029 764 »,
1043 702 1082 751 ut
1097 687 1185 751 idem

108 787 194 853 alibi
206 786 359 870 ostendit,
368 817 381 842 «ι
391 802 448 850 aut
457 788 632 853 verborum
645 789 856 878 proprietate,
873 805 929 852 aut
944 791 1029 877 equi
1044 789 1186 879 disputa·
1253 828 1255 833 ·

25 962 32 987 ἱ
109 882 284 971 tione,aut
297 892 472 960 voluntatis
488 894 674 975 conjectura
691 893 957 963 continebatur=:
969 896 1067 959 veluti
1081 920 1184 985 quum
1229 903 1237 913 ’

108 1001 148 1064 in
163 1001 227 1065 hac
238 1023 333 1067 causa
346 1015 553 1088 quaereretur,
569 1025 609 1065 an
623 1002 739 1088 dejecti
749 1001 851 1065 verbo
865 1001 961 1066 etiam
976 1002 1023 1084 is,
1036 1002 1092 1090 qui
1108 1027 1184 1093 pro·

109 1105 240 1170 hibitus
254 1121 337 1170 esset
352 1103 519 1188 accedere,
536 1106 751 1188 contineatur,
760 1106 900 1170 consulti
909 1106 1085 1195 jurisperiti
1095 1126 1182 1176 sunt.

106 1209 178 1276 Sed
199 1210 337 1275 adrem.
357 1211 405 1276 Ex
423 1210 483 1275 hac
501 1209 721 1300 disputatione
738 1210 831 1275 facile
847 1227 896 1275 est
914 1211 1111 1295 existimare,
1128 1215 1183 1294 ju·

106 1316 278 1404 risperitos
294 1338 312 1378 a
329 1315 452 1379 Gaecina
471 1316 638 1381 consultos
660 1317 729 1397 ejus
753 1338 881 1383 causam
899 1317 1053 1404 probasse
1060 1342 1075 1401 3·
1092 1319 1182 1408 quod

23 1446 38 1513 '.
107 1421 210 1485 etiam
226 1421 260 1483 in
276 1421 487 1509 peroratione.
498 1421 639 1485 ostendit
653 1422 704 1486 his
721 1422 844 1505 verbis,
861 1424 1118 1488 «Auctoritatem
1132 1448 1182 1489 sa·

23 1514 38 1539 ⁹
106 1524 389 1615 pientissimorum
407 1524 581 1589 hominurn
598 1524 703 1591 facere
721 1527 891 1592 nobiscum
901 1559 915 1584 ι
928 1550 936 1592 t
949 1529 1078 1617 opinor,
1090 1529 1182 1616 quod

108 1630 271 1694 Cercinam
283 1652 499 1719 possessorem
513 1629 728 1717 fuisse,quum
740 1630 942 1715 dejiceretur,
950 1634 1181 1701 existimarent.

108 1735 230 1801 Scribit
242 1735 328 1799 enim
347 1735 477 1799 Paullus
490 1735 525 1797 in
540 1734 560 1799 l.
578 1734 763 1817 Fulcinius,
778 1736 819 1799 D.
839 1735 912 1800 eod.
928 1737 988 1800 «Vi
1004 1739 1180 1826 possideri,

22 1910 40 1937 Ὦ,
106 1856 143 1906 et
160 1841 205 1905 ob
224 1864 295 1905 eam
312 1863 440 1906 causam
454 1839 664 1905 interdictum
680 1857 882 1930 competere,
902 1840 1105 1908 etiamsinon
1120 1845 1180 1910 do·

33 1950 41 1965 '
107 1948 220 2012 minus
239 1947 356 2035 (quum
374 1962 482 2011 tamen
501 1945 699 2035 possideret)
720 1947 752 2012 vi
770 1946 913 2029 dejectus
930 1965 1013 2014 esset
1023 1981 1045 2014 ».
1054 1951 1178 2027 Verum

26 2124 32 2147 ,
106 2053 208 2143 igitur
235 2052 386 2117 Pisonem
408 2051 536 2117 AEbutii
558 2069 754 2140 patronum,
779 2075 822 2117 ne
849 2052 980 2117 illorum
1005 2057 1178 2120 auctoritas

20 2156 22 2161 ’
103 2154 269 2238 judicibus
282 2177 424 2221 errorem
440 2156 609 2239 objiceret,
623 2157 708 2220 hanc
716 2154 970 2244 disputationem
983 2157 1175 2241 instituisse,

20 2248 39 2297 ‘⁵
104 2279 146 2329 ut
170 2262 308 2345 diceret,
332 2286 400 2328 non
428 2284 556 2351 semper
574 2262 879 2344 jurisconsultorum
906 2280 1060 2351 responsu
1081 2267 1174 2353 sequi

105 2384 265 2457 oportere.
282 2368 383 2452 Quod
400 2384 514 2432 contra
535 2368 647 2432 Cicero
663 2366 774 2431 callide
796 2383 829 2432 et
847 2383 952 2433 astute
976 2367 1173 2451 defendens,

19 2474 40 2517 ⁸
104 2474 158 2554 jus
173 2475 265 2539 civile
283 2474 470 2537 universum
485 2472 662 2555 collaudat,
678 2488 713 2537 et
728 2473 798 2554 ejus
813 2473 1036 2538 auctoritatem
1052 2473 1172 2540 confir·

29 2566 41 2611 '⁵
104 2596 182 2662 ruat,
191 2601 295 2668 quum
310 2595 423 2643 contra
435 2599 535 2642 unam
548 2578 633 2643 illius
649 2594 930 2668 purtem,eamque
939 2578 1102 2645 infirmam
1115 2580 1172 2645 ad·

26 2734 29 2743 ,
105 2684 263 2750 versutius
289 2682 409 2748 diceret
430 2706 439 2749 τ
461 2681 519 2747 sed
539 2684 604 2748 hoc
625 2683 746 2751 scilicet
768 2684 884 2749 habuit
903 2686 1053 2769 redonis,
1080 2687 1170 2775 quod

25 2786 41 2835 ³³
105 2791 214 2855 omnia
226 2791 299 2871 jura
312 2790 414 2854 civilia
425 2812 484 2878 per
491 2789 694 2879 jurisperitos
707 2787 969 2854 describerentur
983 2814 991 2855 ι
1004 2807 1042 2854 ut
1052 2792 1087 2854 in
1101 2793 1171 2855 uni·

21 2900 41 2941 '³
104 2918 196 2960 verso
210 2895 283 2975 jure
298 2895 383 2961 cirili
396 2895 656 2984 jurisperitorum
676 2917 804 2960 nomen.
816 2895 922 2973 velere
943 2918 1037 2984 posse
1058 2895 1168 2965 videa·

19 3000 42 3080 ζ
105 3017 168 3066 tur.
184 3002 287 3065 Horr.

25 3102 42 3151 'l
146 3105 339 3170 Auctoritati
352 3104 558 3195 obtemperari
567 3130 632 3172 non
647 3122 793 3196 oportere
802 3122 851 3175 est
860 3107 917 3181 lc?
925 3107 1088 3196 responsis
1099 3130 1169 3171 non

19 3268 20 3271 ,
104 3233 172 3276 esse
187 3208 378 3301 parendum.
391 3213 469 3302 Sup.
485 3243 499 3269 ι
509 3213 681 3278 consilium
694 3212 894 3302 prudentum
908 3230 941 3278 et
956 3214 1163 3279 auctoritas».

104 3316 184 3381 Vide
199 3316 371 3383 Iustiniun.
389 3318 444 3383 lib.
464 3319 480 3381 1
500 3319 643 3385 Institut.
662 3318 704 3383 de
723 3319 884 3408 responsis
906 3317 1107 3408 prudentum
1132 3336 1165 3384 et

28 3432 40 3481 1²
105 3418 308 3502 auctoritate,
320 3418 410 3509 quod
421 3419 494 3500 jura
511 3419 695 3486 condebant
705 3420 865 3510 permissu
884 3421 1027 3487 Ceteris.
1040 3421 1128 3487 Psss.

435 3629 827 3667 &OQ-...-
