3176 4770
379 421 432 487 IN
457 416 667 485 VERREM
693 421 803 486 ACT.
824 421 880 501 ll,
903 421 994 487 LlB.
1015 421 1087 486 lll.
1213 414 1259 512 95

203 546 240 611 L.
258 542 423 613 Metellus
438 545 485 622 is,
503 543 567 635 qui
593 538 726 610 multos
748 542 784 609 in
808 543 917 610 istum
936 554 1043 610 testes
1058 542 1211 638 imperio
1226 555 1262 612 et

205 665 379 747 potestate
401 649 609 731 deterruit²,
639 648 733 718 idem
763 649 892 719 absens
917 648 963 719 de
988 651 1089 718 istius
1116 650 1264 739 scelere,

204 759 457 857 improbitate,
479 757 626 829 audacia
640 760 889 829 testimonium
905 757 1021 829 dieat?
1036 782 1110 827 non
1125 761 1264 856 opinor.

205 874 252 939 At
267 872 296 940 is
311 875 466 966 optime,
488 870 551 964 qui
565 869 734 939 successit
748 869 825 956 isti,
840 870 959 964 potnit
974 888 1199 963 cognoscere.
1213 874 1267 940 Ita

206 995 259 1048 est
273 1007 281 1049 :
297 1004 422 1050 verum
444 979 596 1049 amicitia
615 977 822 1075 impeditur.
836 980 881 1047 At
894 975 1004 1048 debet
1017 1001 1085 1047 nos
1099 977 1267 1049 certiores

205 1086 338 1173 facere,
352 1106 427 1185 quo
446 1102 553 1184 pacto
568 1113 606 1158 se
619 1086 751 1158 habeat
765 1088 958 1184 provincia.
978 1085 1096 1157 Debet
1107 1113 1115 1155 z
1128 1112 1268 1157 verum-

206 1213 326 1269 tamen
354 1222 429 1268 non
454 1199 605 1294 cogitur.
627 1202 722 1269 Num
745 1203 827 1301 quis
848 1198 884 1267 in
910 1202 1057 1268 Verrem
1075 1199 1114 1266 L.
1132 1196 1268 1268 Metelli

205 1310 451 1379 testimoninm
483 1306 662 1404 requirit?
694 1331 802 1377 nemo
825 1332 832 1374 ε
859 1331 948 1376 num
981 1307 1062 1401 quis
1089 1304 1270 1402 postulat?

205 1443 280 1487 non
308 1420 450 1514 opinor.
471 1418 589 1507 Quid,
609 1421 638 1487 si
659 1419 869 1487 testimonio
888 1421 927 1488 L.
941 1417 1076 1487 Metelli
1098 1442 1139 1489 ac
1157 1416 1267 1488 literis

206 1526 419 1597 haecomnia
435 1551 518 1597 vera
533 1550 609 1597 esse
624 1522 780 1596 doce03?
795 1524 884 1622 quid
899 1524 1048 1595 dicetis?
1060 1539 1182 1595 unum
1195 1530 1270 1596 Me·

208 1636 331 1706 tellum
362 1634 487 1706 falsum
517 1634 700 1707 scribere?
730 1660 776 1706 an
808 1637 988 1705 ataricuml
1014 1634 1167 1705 laedendi
1192 1656 1269 1706 esse

209 1745 405 1842 cupidum?
435 1769 480 1816 an
508 1761 718 1843 praetorem,
749 1743 1056 1842 quemadmodum
1086 1747 1270 1842 provincia

209 1852 363 1927 affecta⁵
385 1860 452 1939 sit,
477 1856 637 1928 nescire?
664 1858 785 1927 Recita
809 1855 928 1927 literas
949 1860 988 1927 L.
1011 1856 1160 1945 Metelli,
1183 1881 1271 1953 quas

208 1965 254 2036 ad
277 1971 341 2037 Cn.
366 1970 577 2063 Pompeium
600 1982 637 2038 et
654 1970 704 2036 M.
724 1971 890 2038 Crassum
910 1966 1095 2047 consules,
1118 1991 1208 2063 quas
1227 1965 1273 2037 ad

208 2082 255 2147 M.
283 2078 495 2147 Mummium
527 2091 744 2174 praetorem,
770 2101 860 2173 quas
888 2075 932 2146 ad
958 2088 1153 2173 quaestores
1173 2074 1274 2147 urbis

208 2185 315 2254 misit.
338 2190 511 2256 Erisront
530 2190 570 2254 L.
592 2190 769 2256 Marcum.
791 2190 964 2256 Draconis
983 2208 1168 2254 saunensi
1184 2208 1273 2256 naor

209 2297 408 2365 Hieronica
437 2318 593 2366 vanninr.
616 2299 742 2386 Quum
769 2295 912 2381 scribit,
931 2319 969 2363 se
988 2295 1066 2390 lege
1084 2294 1274 2366 Hieronica

209 2402 432 2491 vendidisse,
451 2406 540 2501 quid
557 2403 701 2476 scribit?
715 2407 762 2475 ita
779 2428 816 2474 se
836 2402 1056 2494 vendidisse,
1069 2419 1110 2475 ut
1127 2428 1271 2492 omnes,

210 2527 340 2609 proeter
366 2520 544 2586 Verrem:
573 2530 687 2611 quum
716 2512 862 2600 scribit,
890 2538 928 2584 se
955 2511 1055 2609 lege⁶
1083 2515 1275 2585 Hieronica
1302 2532 1305 2539 ’

210 2622 431 2713 vendidisse,
453 2625 541 2721 quid
562 2624 706 2696 scribit?
720 2650 757 2694 se
773 2649 839 2722 per
859 2626 968 2694 istum
987 2636 1130 2722 erepta⁷
1147 2624 1274 2695 Siculis

212 2733 388 2825 majorum
413 2749 619 2806 nostrorum
643 2733 836 2819 beneficia,
861 2735 920 2828 jus
946 2736 1125 2829 ipsorum,
1146 2733 1273 2803 condi-

212 2839 349 2910 tionem
359 2846 556 2930 societatis,
567 2847 745 2931 amicitiae,
757 2838 936 2914 foederum
947 2840 1153 2913 reddidisse.
1166 2844 1273 2929 Dicit,

189 3042 191 3046 .
213 2952 340 3045 quanti
351 2954 528 3050 cujusque
540 2957 615 3052 agri
628 2955 798 3026 decumas
811 2950 1029 3023 vendiderit:
1043 2949 1175 3023 deinde
1187 2952 1277 3050 quid

214 3056 362 3128 scribit?
385 3066 506 3161 Recita
522 3064 566 3135 de
585 3065 733 3162 epistola
751 3062 900 3159 reliqua.
922 3059 1079 3134 Sunua⁸
1099 3088 1195 3134 uara
1214 3089 1275 3135 asr

214 3281 362 3329 auctoritatis
375 3280 473 3329 additur
486 3281 543 3328 huic
552 3280 647 3330 Metelli
655 3282 721 3329 testi·
800 3282 825 3330 5.
836 3280 946 3345 Afflictis.
958 3280 1020 3329 cod.
1032 3282 1113 3330 naun.
1124 3281 1225 3349 Afflcta
1234 3285 1274 3335 sit.

109 3360 118 3371 ”
138 3418 142 3421 ¹
213 3360 297 3407 monio
311 3361 345 3419 ab
363 3359 483 3421 arljumtis
500 3361 607 3423 ejusdem
626 3361 683 3410 sacti
696 3371 721 3409 et
799 3361 826 3409 6.
847 3362 926 3424 ernm
947 3360 1031 3408 scribit
1049 3377 1075 3408 se
1094 3363 1153 3426 Iege.
1174 3364 1275 3414 Iteratio

111 3437 115 3443 ⁴
215 3441 394 3488 amicitiarum
410 3442 494 3489 Verre.
765 3438 1090 3498 mamistanensem,
1108 3443 1142 3489 ita
1156 3451 1185 3489 ut
1198 3460 1276 3492 none

250 3536 276 3568 a.
285 3516 568 3571 RemumRernum
577 3519 722 3568 renireutsd
766 3521 883 3569 Clemens
895 3532 948 3568 esee
963 3526 1025 3567 'eum'
1040 3522 1142 3589 Emesa·
1152 3538 1202 3569 non
1221 3540 1274 3572 cre-

216 3602 380 3650 teetimonium
386 3604 576 3649 contraversum
584 3600 724 3648 dicendum.
768 3599 875 3646 dendum
893 3602 940 3659 sit3
957 3600 1048 3664 quippe
1066 3616 1120 3663 quae
1132 3636 1139 3655 ,
1150 3616 1200 3647 non
1221 3619 1276 3651 een.

110 3676 121 3715 ·'
138 3700 158 3715 ν
253 3683 277 3731 3.
291 3682 433 3730 Decea-‘tic
447 3681 552 3729 correxit
565 3679 724 3729 Ernestvnl·
769 3678 888 3735 tentiam,
912 3686 943 3725 ut
966 3679 1018 3742 ipse
1040 3681 1087 3737 ait,
1103 3679 1227 3729 delumhet
1248 3699 1277 3729 ac

113 3788 142 3826 .‘
217 3772 298 3823 gamm
311 3760 409 3809 docebo,
426 3759 488 3821 Quis
498 3758 724 3821 semper-iteam.
769 3757 878 3820 frangat,
892 3756 1032 3804 sedcontra
1045 3759 1075 3803 rit
1084 3757 1258 3809 vehementior.

217 3841 323 3897 effertur,
335 3850 444 3901 utsupra
457 3854 479 3884 c.
492 3839 535 3893 46,
544 3847 568 3884 et
576 3838 671 3900 passim.
807 3851 830 3895 7.
843 3836 933 3896 Erepto
952 3834 1047 3883 Siculis.
1063 3831 1228 3897 Ampliflcatio
1236 3854 1282 3902 per

254 3929 278 3975 t.
293 3921 334 3966 Aa
347 3914 460 3965 amicum.
478 3919 518 3964 An
529 3917 555 3962 in
568 3915 609 3961 illa
621 3930 724 3982 respon·
771 3913 975 3962 distributionem.
1005 3903 1008 3907 ¹

220 3998 292 4045 (leudi
304 4000 403 4062 penuria
415 3996 519 4044 credetis
527 4010 582 4043 eum
595 3996 725 4044 amicorno
806 3996 830 4041 8.
842 3993 882 4040 Al.
892 4004 986 4038 stimma
996 3990 1033 4038 vi.
1047 3992 1128 4040 Herel.
1142 3997 1208 4057 conj.
1216 4014 1281 4046 sum.

221 4077 282 4123 celle
294 4094 389 4124 nocere.
403 4076 479 4137 Quod
489 4085 553 4122 certe
563 4088 635 4121 nenio
649 4074 725 4131 dicet,
771 4088 868 4136 moqrte.
885 4072 957 4120 Grnt.
972 4070 1079 4135 priorem
1087 4074 1144 4121 lect.
1158 4077 1280 4138 probuti,

221 4156 322 4202 amicum
335 4172 421 4218 nempe
434 4154 518 4202 laedere
532 4168 604 4201 nemo
617 4153 692 4216 cupit.
773 4152 797 4199 J.
810 4153 842 4201 V.
856 4153 883 4197 L.
