3054 4772
346 420 538 491 ORATIO
562 420 664 490 PRO
688 418 747 490 Μ’.
766 421 1008 491 FONTEIO.
1132 419 1202 507 645

141 544 233 615 simo
254 540 462 640 reipublicae
482 559 666 640 tempore,
685 566 816 639 quum,
835 539 993 614 adventu
1015 546 1056 613 L.
1076 541 1206 614 Suttae³

60 736 67 743 ι
141 652 181 722 in
204 650 360 739 ltaliam,
385 651 531 722 maximi
556 653 732 724 exercitus
761 653 894 735 civium
923 651 1136 724 dissiderent
1159 651 1205 724 de

139 760 282 856 judiciis
300 786 341 832 ac
358 759 510 859 legibus.
528 765 646 859 Atque
664 761 734 834 hoc
747 761 953 861 reipublicae
966 777 1062 834 statu
1078 762 1204 862 despe-

141 886 220 944 rato
238 870 380 969 qualis⁴
396 924 456 943 .....

190 985 240 1055 IV
241 1036 296 1053 .....
318 988 395 1054 Hoc
421 995 598 1080 praetore,
628 1006 838 1081 oppressam
869 1007 946 1055 esse
972 992 1062 1053 tere*
1089 981 1206 1053 alieno

143 1089 303 1162 Galliam.
330 1096 360 1163 A
385 1090 519 1189 quibus
546 1104 735 1164 versuras²
761 1106 943 1164 tantarum
968 1094 1206 1190 pecuniarum

141 1198 250 1273 factas
272 1225 349 1273 esse
369 1199 520 1273 dicunt?
546 1225 567 1272 a
591 1201 726 1274 Gallis?
750 1201 840 1273 nihil
865 1203 994 1274 minus.
1019 1200 1206 1300 liquibus

140 1311 304 1407 igituria
322 1308 461 1382 civibus
474 1314 652 1400 romanis,
670 1314 733 1409 qui
749 1311 1007 1411 negotiantur³
1025 1318 1061 1384 in
1078 1312 1204 1386 Gallia.

141 1424 218 1491 Cur
244 1442 371 1490 eorum
396 1418 507 1491 verba
528 1445 603 1490 non
623 1421 813 1495 audimus?
835 1449 902 1497 our
925 1448 1053 1496 eorum
1074 1422 1206 1495 tabulae

141 1527 249 1598 nullae
267 1525 525 1625 proferuntur?
541 1531 705 1601 Insector
722 1532 838 1622 ultro,
856 1548 966 1632 atque
985 1535 1080 1605 insto
1097 1558 1206 1605 aocu·
1257 1516 1265 1526 ⁸

127 1628 270 1725 satori,
295 1635 453 1732 judices3
479 1640 652 1727 insector,
672 1643 840 1736 inquam,
865 1657 901 1714 et
924 1642 1049 1741 flagito
1071 1656 1207 1714 testes:

142 1746 225 1845 plus
245 1773 312 1845 ego
339 1752 377 1819 in
400 1748 468 1820 hac
488 1773 594 1820 causa
618 1748 751 1822 laboris
772 1765 809 1823 et
831 1775 950 1848 operae
971 1777 1147 1823 consumo
1167 1753 1207 1822 in

142 1856 335 1955 poscendis
357 1859 527 1948 testibus,
548 1883 658 1957 quam
680 1863 789 1932 ceteri
811 1858 1019 1932 defensores
1048 1863 1085 1931 in
1113 1860 1209 1933 refu·

142 1967 270 2040 tendis.
292 1966 471 2041 Audacter
489 1969 560 2041 hoc
581 1970 679 2059 dico,
694 1970 852 2065 judices;
872 1994 946 2041 non
965 1984 1099 2041 temere
1118 1996 1207 2042 con·

140 2076 258 2149 firmo.
278 2077 421 2150 Referta
440 2079 554 2152 Gallia
576 2082 843 2178 negotiatorum
863 2095 934 2167 est,
949 2062 1057 2179 plenb
1074 2082 1207 2151 civiom
1309 2150 1315 2159 ,

140 2212 374 2260 romanorum
390 2216 398 2259 ε
420 2214 528 2261 nemo
547 2190 734 2262 Gallorum
748 2192 825 2262 sine
844 2196 921 2261 cire
935 2213 1088 2260 romano
1103 2190 1205 2287 quid·

141 2322 252 2395 quam
280 2300 415 2398 negotii
440 2302 552 2398 gerit3
581 2324 754 2371 nummus
777 2300 816 2369 in
842 2298 957 2369 Gallia
978 2298 1100 2369 nullus
1130 2299 1208 2372 sine

177 2487 202 2536 3.
214 2486 327 2539 Adventu
338 2488 366 2536 t.
377 2487 465 2537 Stella.
476 2520 500 2535 ..
514 2487 545 2536 ἀι
549 2484 653 2553 judiciis
693 2498 717 2536 et
727 2487 812 2550 eastris
821 2488 937 2537 discidere
945 2509 958 2545 s
967 2486 1101 2551 legimus...
1112 2487 1207 2552 ullaque

140 2580 172 2615 ae
189 2564 288 2630 legibus.
307 2563 412 2613 Membr.
428 2581 527 2629 equum
541 2565 649 2614 adventu
692 2567 778 2616 similia
792 2566 858 2631 apud
870 2567 932 2616 alios
942 2576 1062 2615 auctores.
1078 2568 1154 2616 Nus.

140 2647 168 2695 1.
179 2643 251 2693 Sullae
264 2644 371 2697 mmmi
385 2644 504 2692 exereitus
517 2645 543 2691 in
554 2643 648 2693 Italiam
728 2655 752 2704 4.
768 2649 893 2698 Hactenus
907 2661 970 2695 nova
986 2647 1127 2711 fragments.
1139 2647 1207 2695 luci·

140 2723 232 2772 civium
240 2721 299 2773 diss.
309 2722 572 2787 judieliseclegibus».
586 2725 648 2785 Quae
691 2727 762 2789 piunt
775 2737 868 2774 veteres
882 2726 1000 2773 orationis
1013 2725 1129 2789 reliquiae.

141 2817 217 2867 quum
228 2803 355 2850 manifesto
364 2813 478 2867 oorrupts
486 2805 547 2861 siut,
556 2802 648 2868 duplex
723 2806 856 2854 lV.r.AEre
865 2804 1207 2852 alienoJactantucousstores

141 2880 286 2928 emendandi
305 2881 368 2930 ratio
388 2893 453 2943 esst;
474 2881 562 2941 alters,
575 2898 648 2945 quam
691 2885 795 2934 Fonteio
803 2895 872 2948 pret.
883 2883 1205 2932 Gollismaesslienummul·

139 2970 170 3009 ut
181 2961 326 3011 lenissimam
338 2962 417 3027 elegi3
432 2963 506 3011 sltem
518 2972 548 3010 ut
558 2962 649 3011 seribe-
692 2975 744 3014 tum
759 2965 856 3025 leuisse3
871 2965 940 3024 enjus
956 2963 1010 3010 seris
1022 2960 1094 3010 alieni
1109 2977 1204 3009 oaumm

139 3051 207 3089 retur
218 3063 231 3083 α
239 3058 264 3106 q.
275 3042 331 3092 adr.
345 3045 373 3090 L.
386 3042 411 3092 S.
422 3041 520 3090 maximi
530 3041 650 3089 exereitus
691 3043 758 3094 Galli
768 3044 794 3091 iu
803 3043 913 3109 praetoris
918 3041 1023 3105 ,rupinus
1035 3039 1203 3090 oonl'etebsnt.

141 3119 232 3168 cisium
251 3122 276 3169 in
296 3121 365 3170 ltslia
383 3120 451 3170 dis.»
470 3123 535 3168 Ante
550 3120 650 3185 judiciis
729 3137 753 3172 a.
769 3125 894 3171 Versum.
908 3123 928 3169 Δ
940 3119 1029 3184 quibus
1041 3119 1097 3168 illos
1109 3128 1203 3167 tentum

141 3200 340 3264 prupositionem
364 3199 463 3257 addidi,
488 3215 543 3263 quae
568 3199 651 3247 abesse
694 3202 749 3251 teris
757 3200 828 3249 alieni
838 3200 986 3249 contraxisse
1000 3199 1202 3263 dieuntiAqui-

18 3306 36 3337 ,ι
140 3277 210 3326 nullo
221 3279 296 3327 modo
304 3278 651 3343 potest—Deerpeditione
693 3279 741 3329 bus
749 3290 839 3329 tantam
847 3279 1204 3345 pecuuismloenoresumpsis·

140 3359 169 3407 L.
177 3357 250 3406 Sulla
262 3368 347 3407 oontrs
356 3358 469 3422 psoium,
478 3357 650 3421 admitigatio·
693 3362 738 3409 se?
751 3358 964 3425 Versumsaeere
973 3369 1009 3406 est
1019 3358 1146 3422 pecuniam
1158 3356 1204 3405 sub

141 3438 243 3486 nemesi
258 3439 330 3501 dirae,
343 3438 458 3487 solemnis
470 3437 651 3502 quodammodo
694 3441 774 3488 usuris
792 3450 902 3487 mutuam
920 3438 1045 3503 aoeipere3
1065 3438 1116 3484 sire
1134 3435 1205 3483 elteri

140 3533 200 3566 usus
215 3529 252 3567 est
265 3518 378 3567 vocabuli
391 3519 506 3566 adventus
513 3536 524 3576 ,-
538 3533 617 3581 neque
631 3518 652 3564 is
695 3518 812 3579 des‚sise
820 3517 946 3583 impendas
955 3517 1009 3566 aliis
1020 3516 1113 3565 usibus.
1126 3513 1204 3563 Aliud

140 3597 208 3661 spud
226 3597 369 3647 Ciceronem
389 3610 501 3655 tautum,
521 3598 565 3646 sed
585 3596 651 3660 apud
695 3609 731 3646 est
742 3614 844 3647 versura
854 3597 956 3654 solvere,
970 3611 1018 3658 qus
1029 3594 1157 3659 pecuniam
1171 3592 1201 3641 ab

141 3676 260 3725 Velleitum
269 3693 380 3741 quoque,
390 3677 459 3742 quod
468 3678 568 3736 mireris,
576 3675 649 3725 valet.
694 3678 743 3726 elio
756 3686 906 3732 mutuemur,
918 3685 945 3722 ut
959 3673 1027 3721 alteri
1040 3674 1146 3721 debitori
1160 3671 1204 3719 de·

141 3757 373 3821 EtCiceroquidem
384 3757 651 3819 benesocemgeuers·
692 3773 766 3815 mus,
792 3766 819 3803 ut
844 3754 983 3803 doctissime
1007 3752 1204 3800 demonstrarunt

142 3834 187 3883 tim
196 3835 227 3883 de
237 3836 320 3884 bostili
331 3835 465 3900 irmptioue
473 3837 563 3900 ponit,
574 3850 650 3898 quum
695 3838 774 3883 Graev.
788 3845 813 3882 et
824 3835 918 3881 Ernest.

140 3913 187 3962 bso
197 3914 247 3977 ipss
257 3916 377 3974 oratione,
386 3932 408 3963 c.
422 3916 467 3973 16,
477 3914 507 3962 de
516 3915 650 3962 «Thracum
730 3917 754 3963 3.
774 3914 822 3976 Qui
838 3912 1001 3978 negotiantur.
1017 3912 1108 3959 Preter
1121 3908 1204 3974 publi·

142 3991 284 4041 sdrentuiu
291 3995 460 4044 Macedoniam
472 4016 482 4037 ι
493 3994 650 4058 loquitur.-
694 4010 768 4043 canos
787 3993 831 4057 qui
847 4004 933 4057 postes
951 3990 1121 4047 nominantur,
1136 3989 1202 4037 eires

142 4071 270 4120 Exercitus
292 4073 406 4123 dt'ssidere
428 4074 535 4135 ejusdem
558 4075 652 4138 eupbs·
694 4074 765 4122 multi
780 4073 807 4120 in
820 4072 898 4121 Gallis
914 4072 1119 4136 negotiabantur,
1134 4072 1203 4118 utin

142 4154 221 4202 mistui
235 4164 288 4215 est,
306 4154 372 4204 utin
385 4155 539 4205 Msroellisus
557 4178 570 4198 ι
579 4153 651 4203 annis
695 4152 825 4215 Quintiano
841 4151 952 4201 oratioue
965 4150 1048 4201 videre
1061 4149 1114 4199 luit.
