3054 4772
330 378 404 453 666
647 382 695 450 Μ.
721 380 760 447 Τ.
787 379 1068 449 CICERONIS

329 499 446 575 laudis
458 524 501 572 ac
510 502 654 571 virtutis
665 497 944 570 inflammandos
958 496 1115 595 putatis?
1127 497 1410 588 Recordamiui,

327 636 423 708 quos
441 612 575 711 legatos
596 635 714 708 nuper
728 613 767 681 iu
783 607 881 681 bello
897 613 939 680 L.
959 607 1076 681 Julius
1086 607 1113 696 ⁵,
1132 633 1226 706 quos
1239 614 1277 681 Ρ.
1295 615 1406 682 Ruti·

329 721 417 811 lius,
445 747 540 820 quos
564 725 604 797 L.
630 726 745 810 Cato,
770 744 864 819 quos
891 724 958 793 Cn.
986 720 1181 818 Pompeius
1202 719 1407 792 habuerit:

328 832 449 904 scietis
466 830 574 909 fuisse
592 845 672 902 tutu
689 836 737 903 M.
759 834 983 919 Cornutum,
1001 833 1040 902 L
1060 833 1234 915 Cinnam,
1255 835 1296 902 L.
1321 832 1408 903 Sul·

328 941 422 1033 lant,
444 945 633 1040 praetorios
654 942 835 1025 homiues,
857 939 945 1013 belli
968 939 1117 1036 gerendi
1141 943 1404 1038 peritissimos3

327 1065 503 1151 preterea
511 1055 553 1124 C.
568 1053 721 1124 Marium
732 1048 761 1140 ⁶,
772 1055 810 1121 P.
819 1051 984 1139 Didium,
998 1053 1043 1140 Q.
1055 1050 1240 1140 Catulum,
1253 1056 1403 1123 RCras·

327 1184 427 1250 sum,
445 1187 520 1233 non
539 1161 675 1235 literis⁷
698 1162 864 1234 homines
883 1160 928 1233 ad
943 1163 996 1231 rei
1017 1161 1181 1233 militaris
1193 1163 1402 1243 scientiam,

325 1271 390 1345 sed
407 1270 519 1347 rebus
537 1274 643 1369 gestis
659 1297 700 1345 ac
715 1272 874 1344 victoriis
890 1268 1063 1343 eruditos
1085 1275 1160 1369 Age
1177 1296 1279 1362 vero,
1295 1295 1402 1343 nunc

327 1383 475 1454 inserite
493 1384 622 1455 oculos
637 1385 676 1453 in
694 1383 850 1469 curiam3
868 1382 1093 1480 introspicite
1108 1386 1256 1480 penitus
1269 1385 1308 1453 iu
1322 1407 1401 1453 om-

327 1516 394 1563 nes
413 1490 621 1590 reipublicae
640 1506 785 1588 partes:
807 1507 930 1563 utrum
951 1492 1080 1567 videtis
1103 1491 1194 1563 nihil
1215 1517 1323 1590 posse
1341 1518 1402 1566 ac-

327 1601 466 1687 cidere,
484 1615 526 1671 ut
545 1600 633 1671 tales
648 1602 717 1675 viri
730 1600 960 1677 desiderandi
974 1600 1071 1674 siuti
1088 1626 1150 1690 an,
1168 1605 1197 1674 si
1212 1602 1402 1689 acciderit,

328 1734 455 1783 eorum
469 1710 661 1782 hominum
674 1714 779 1809 copia
791 1711 973 1810 populum
987 1736 1177 1787 romanum
1192 1710 1401 1784 abundare?

328 1822 420 1910 Quae
433 1821 465 1890 si
482 1819 675 1919 diligenter
689 1818 901 1910 attendetis,
915 1820 1098 1921 proiecto,
1109 1822 1265 1917 judices,
1280 1823 1400 1893 virum

328 1927 544 2001 adlabores
570 1930 655 2001 belli
681 1932 891 2029 impigrum,
921 1932 966 2003 ad
994 1932 1153 2030 pericula
1173 1931 1325 2019 fortem,
1354 1932 1400 2005 acl
1506 2018 1507 2021 Ἴ

328 2062 438 2111 usum
452 2064 494 2111 ae
508 2040 732 2139 disciplinam
751 2041 930 2138 peritum,
943 2041 987 2112 ad
1000 2041 1150 2115 consilia
1163 2040 1401 2139 prudentem,

329 2148 377 2220 ad
408 2174 531 2221 casum
555 2149 812 2248 fortunamque
835 2149 998 2238 felicem,
1034 2150 1135 2221 domi
1160 2150 1268 2233 ,vobis
1291 2175 1333 2223 ac
1356 2152 1399 2221 li·

329 2258 426 2332 beris
454 2261 582 2332 vestris
615 2263 798 2350 retinere,
834 2284 945 2358 quam
981 2262 1236 2332 inimicissimis
1269 2262 1399 2358 populi

328 2372 471 2441 romani
493 2369 700 2442 nationibus
728 2385 765 2442 et
792 2369 1049 2445 crudelissimis
1077 2369 1219 2443 tradere
1241 2384 1278 2440 et
1305 2394 1400 2441 con·

328 2474 529 2551 damnaret
548 2480 695 2559 maletis.

378 2593 475 2661 ΧΙΧ.
501 2595 546 2660 Aa
568 2587 706 2662 infestis
728 2614 843 2690 prope
870 2592 983 2690 signis
1006 2587 1217 2661 inferuntur
1245 2588 1339 2661 Galli
1359 2591 1398 2660 in

329 2700 539 2787 Fonteium3
560 2712 597 2770 et
614 2699 767 2787 instant,
785 2715 896 2799 atque
914 2716 1047 2798 urgent
1067 2722 1211 2771 summo
1228 2724 1313 2771 cum
1325 2714 1400 2771 stu·
1504 2708 1507 2715 ⁴

330 2805 412 2895 dio,
428 2831 572 2879 summa
590 2833 674 2880 cnm
693 2809 853 2882 audacia.
875 2814 950 2882 Nos
967 2834 1073 2896 vcro,
1091 2808 1250 2905 judices,
1268 2836 1344 2882 non
1359 2825 1400 2882 et

330 2918 453 2988 multis
474 2934 511 2990 ct
533 2916 645 2991 firmis
661 2921 854 3019 praesidiis,
871 2918 974 2991 vobis
992 2918 1236 3017 adjutoribus,
1255 2922 1313 2991 isti
1331 2924 1398 2991 im·

329 3029 427 3099 mani
439 3042 550 3126 atque
562 3026 796 3101 intolerandae
809 3028 984 3101 barbariae
997 3031 1226 3102 resistemus?
1238 3033 1399 3102 Primum

330 3134 505 3231 objicitur
522 3153 649 3210 contra
667 3141 820 3212 istorum
840 3143 996 3239 impetus
1016 3138 1229 3213 Macedonia
1239 3150 1266 3229 ¹,
1284 3139 1400 3213 fidelis

368 3320 393 3368 6.
412 3321 441 3368 L.
456 3320 545 3369 lulius.
558 3320 657 3369 Sollium
673 3322 700 3369 ln
713 3321 779 3371 bello
797 3325 843 3372 So·
885 3322 920 3373 do
940 3322 1079 3373 sutanum
1101 3321 1172 3385 tago,
1196 3338 1270 3386 qum
1286 3322 1400 3371 inuitur

332 3398 401 3461 ciali,
414 3399 495 3463 primo
506 3399 657 3462 imperavere
673 3416 738 3449 anuo
751 3402 780 3449 L.
795 3403 842 3453 Ju-
885 3418 957 3451 auum
977 3401 1100 3451 liturarum
1118 3411 1288 3465 contemptum
1303 3401 1400 3451 Mariua

331 3479 380 3527 lina
394 3480 488 3537 Caesar,
502 3479 529 3526 Ρ.
541 3478 650 3526 Rutilius
658 3480 741 3545 lupus
753 3487 844 3529 comu-
884 3481 1000 3542 jactante
1012 3490 1038 3528 ct
1056 3495 1086 3529 ca
1102 3495 1159 3543 qne
1178 3479 1239 3529 dicit
1256 3480 1346 3529 cim
1366 3478 1400 3527 ad

331 3556 843 3622 lea,postaaL.PoreiuaGatoetCu.Pom·
886 3559 1085 3623 hmpraecipua
1094 3558 1399 3623 pertinent,exnipicndna

331 3639 402 3704 peina
414 3636 515 3699 Strabo,
529 3638 614 3701 Magni
627 3648 710 3702 pater,
723 3639 844 3703 sequentis
887 3638 952 3687 enim
971 3654 1003 3686 cx
1019 3636 1058 3685 un
1075 3638 1217 3690 nominibus
1235 3640 1269 3701 Q.
1282 3636 1399 3693 omiss,

332 3718 391 3766 anni
403 3717 528 3778 comula,
539 3717 583 3783 qui
594 3717 793 3766 omneseolsello
807 3718 844 3765 in·
886 3734 960 3781 qum
985 3716 1155 3767 doctissimum
1169 3719 1249 3769 num
1270 3718 1348 3764 uuum
1371 3716 1398 3762 in

330 3797 458 3846 aurierunt.
886 3798 955 3845 litut.
963 3798 1050 3847 Cicero
1061 3796 1154 3847 mulsit.

368 3876 395 3924 6.
412 3878 438 3925 0.
448 3875 563 3923 nariam.
573 3876 631 3923 Post
639 3874 766 3940 praetorios
777 3876 843 3924 vires
924 3877 948 3925 8.
961 3876 1090 3939 lugemus
1101 3880 1187 3927 sum.
1195 3873 1398 3925 muntian-

332 3955 443 4002 nominat
464 3955 618 4016 consulares,
631 3958 675 4019 qui
688 3971 773 4004 omnes
785 3966 841 4003 ante
885 3953 993 4013 donam
1002 3956 1066 4005 ntin
1078 3966 1140 4008 orat.
1151 3954 1271 4021 procoel.
1280 3969 1302 4000 c.
1317 3954 1348 3999 32
1356 3986 1365 4010 ,
1373 3962 1397 3999 et

332 4031 422 4081 bellum
435 4033 529 4081 Sociale
542 4034 805 4098 consulatumgcuece.
886 4035 983 4099 saepius.
993 4037 1016 4085 J.
1026 4036 1057 4082 V.
1069 4035 1095 4083 L.
1506 4092 1507 4103 γ

369 4128 392 4172 7.
405 4110 461 4159 Nou
473 4111 555 4160 literis.
566 4112 646 4161 Neruo
653 4114 731 4161 nescit
738 4114 782 4175 qui
791 4128 842 4161 mor
924 4114 996 4161 xtx.
1014 4128 1036 4159 1.
1049 4111 1209 4167 Macedonia.
1224 4110 1326 4160 Videtur
1332 4110 1398 4158 Fun·
1506 4120 1507 4173 p
