3200 4768
430 425 486 495 IN
509 426 728 500 VERREM
752 433 862 503 ACT.
885 437 941 523 ΙΙ,
966 438 1061 509 LlB.
1077 441 1143 509 IV.
1245 470 1315 543 219

256 540 500 641 profugientes
524 547 568 619 ad
591 575 673 620 eum
700 578 737 624 se
759 555 919 645 exsules,
937 584 1049 655 quum
1076 565 1140 635 iste
1161 581 1254 637 esset
1275 569 1313 641 in

255 652 357 738 Asia,
374 655 615 728 contulerunt.
632 658 765 732 Habuit
783 688 906 736 secum
920 693 982 740 eos
996 669 1041 741 ab
1056 671 1119 743 illo
1133 688 1313 773 tempore3

255 773 293 829 et
308 763 345 830 in
363 760 549 860 legationis
563 769 716 864 praedisl
735 787 844 869 atque
858 773 981 865 furtis,
999 782 1157 853 multum
1169 785 1314 857 illorum

254 893 384 966 opera,
406 874 629 973 consilioque
649 903 734 950 usus
753 898 817 954 est.

301 984 347 1049 Hi
362 996 447 1052 sunt
462 983 529 1074 illi,
548 985 681 1081 quibus
696 990 734 1059 in
751 990 883 1067 tabulis
896 998 1020 1069 retulit
1036 1023 1112 1071 sese
1129 1003 1172 1091 Q.
1185 1003 1315 1077 Tadius

252 1085 391 1160 dedisse
409 1091 512 1185 jussu
532 1096 651 1182 istius,
673 1102 804 1171 Graecis
820 1104 1030 1199 pictoribus.
1047 1115 1118 1181 Eos
1131 1110 1206 1204 jam
1221 1110 1314 1184 bene

251 1198 433 1293 cognitos,
451 1217 487 1273 et
505 1228 543 1274 re
557 1203 729 1301 probatos
742 1233 865 1282 secum
879 1215 917 1284 in
932 1216 1087 1289 Siciliam
1101 1217 1214 1291 duxit.
1230 1225 1313 1314 Quo

252 1322 488 1406 posteaquam
506 1333 703 1408 venerunt,
723 1320 926 1393 mirandum
953 1327 993 1396 in
1016 1327 1164 1399 modum
1184 1332 1315 1424 (canes

250 1418 457 1491 venaticos⁵
485 1423 645 1520 diceres)
672 1427 721 1499 ita
750 1429 997 1506 odorabantur
1017 1442 1153 1524 omnia,
1180 1454 1215 1510 et
1237 1464 1316 1538 per·
1390 1462 1396 1469 “

251 1526 493 1622 vestigabant,
509 1547 568 1620 ut,
585 1533 648 1604 ubi
665 1538 826 1636 quidque
842 1558 955 1632 esset,
972 1545 1091 1642 aliqua
1107 1550 1246 1620 ratione
1262 1551 1315 1619 in·

254 1637 432 1707 venirent.
460 1640 566 1712 Aliud
595 1645 820 1738 minitando,
848 1651 945 1723 aliud
966 1654 1197 1751 pollicendo,
1219 1658 1315 1729 aliud

253 1767 320 1838 per
335 1769 474 1836 servos,
494 1749 591 1822 aliud
606 1777 671 1850 per
681 1755 832 1849 liberos,
845 1786 911 1858 per
923 1765 1078 1836 amicum
1091 1765 1204 1855 aliud,
1217 1767 1314 1839 aliud

251 1875 318 1947 per
336 1856 525 1929 inimicum
542 1863 785 1938 inveniebant.
796 1869 1011 1968 Quidquid⁶
1030 1875 1098 1946 illis
1118 1876 1315 1975 placuerat,

250 1960 481 2057 perdendum
502 1985 602 2042 erat:
624 1973 713 2045 nibil
735 1978 833 2050 aliud
854 1981 1049 2078 optabant,
1069 2010 1226 2081 quorum
1247 2004 1291 2068 τῇ

248 2069 417 2146 scebatur
432 2094 640 2176 argentum,
660 2086 728 2156 nisi
749 2102 791 2158 ut
806 2091 954 2161 Hieroni
969 2107 1005 2155 ot
1017 2075 1221 2155 wem
1240 2055 1311 2126 ‘¹¹⁸’

248 2179 508 2368 pliffiet.veoe
537 2277 758 2368 maaercules
780 2254 868 2366 hoc,
892 2276 1051 2373 judices,
1076 2274 1215 2344 dicam:
1238 2297 1312 2343 me·

251 2399 340 2469 mini
361 2405 585 2490 Pamphilum
607 2375 886 2485 Lilybetanum,
907 2386 1086 2498 hospitem
1111 2408 1254 2506 meum3
1275 2397 1313 2453 et

247 2512 420 2590 amicum,
436 2499 596 2572 nobilem
610 2499 814 2585 hominem,
831 2497 919 2568 mihi
934 2521 1101 2568 narrare:
1117 2518 1231 2591 quum
1245 2507 1312 2563 rste

246 2611 292 2684 ab
307 2620 383 2683 s'ese
397 2609 575 2706 hydriam¹
591 2607 719 2680 Boethi
729 2632 839 2679 manu
852 2605 993 2693 laetam,
1005 2605 1176 2704 praeclaro
1188 2627 1311 2702 opere,

248 2855 348 2918 legatur.
360 2857 445 2903 lnanre
458 2866 537 2904 autem
550 2855 695 2919 syngraphae
705 2854 754 2902 illm
836 2852 860 2900 5.
867 2853 944 2901 Canes
954 2849 1191 2899 venaticos.Alludit
1199 2849 1231 2897 acl
1239 2849 1314 2941 Ciby:

249 2943 319 2994 aunt,
332 2948 433 2996 quarum
446 2935 526 2981 nullm
537 2949 596 2981 mut
608 2949 657 2981 esse
667 2943 759 2996 potent,
799 2937 905 2978 ratarum
917 2946 1013 2990 moret,
1030 2931 1072 2995 qui
1087 2945 1172 2978 omnes
1186 2938 1309 3021 venationi

248 3009 307 3071 quia
326 3009 446 3056 solutione
470 3010 575 3057 liberatae
594 3010 658 3067 sint3
676 3022 705 3057 nt
723 3010 758 3057 ait
802 3008 878 3057 dediti
893 3021 1098 3073 erant31aperam
1109 3009 1173 3057 enim
1186 3007 1313 3056 montibus

250 3087 348 3150 Ulpien.
358 3088 450 3149 Digest.
461 3092 500 3146 x,
514 3095 543 3144 l,
554 3089 585 3135 18
597 3103 603 3135 :
613 3111 624 3129 u
634 3088 683 3136 Ubi
693 3089 760 3136 aolu·
804 3089 926 3151 regionem
940 3088 1087 3136 incolebant.
1227 3162 1233 3175 1

251 3166 318 3212 tioiae
331 3165 493 3229 chirographo
509 3167 577 3212 inani
589 3167 762 3239 faotonfflrgo
841 3168 866 3214 6.
891 3166 1022 3231 Quidquid.
1047 3166 1109 3215 ltdd.
1134 3165 1170 3229 pl.
1188 3163 1312 3229 quidque,

249 3245 289 3292 hic
303 3256 406 3292 veterem
420 3244 485 3293 illam
495 3245 578 3292 Verrio
588 3245 696 3293 fraudem
705 3247 758 3295 obi·
803 3246 872 3307 quod
886 3246 994 3295 anbin.
1006 3258 1032 3295 et
1049 3249 1154 3297 notan.
1174 3244 1256 3308 potina
1268 3244 1313 3291 bn·

250 3335 287 3371 ter
299 3334 382 3372 orator
392 3323 428 3371 illi
441 3324 543 3383 objicit,
553 3340 599 3386 qua
609 3326 758 3390 eyngraphaa
800 3322 867 3373 bent.

248 3404 344 3462 inanes,
358 3414 479 3466 tamquam
491 3402 594 3463 alicujus
604 3404 676 3467 pretii
689 3405 758 3453 exbi-
834 3402 1198 3467 m.1.uydrtam.angnum
1209 3411 1265 3491 erat¹
1273 3414 1314 3445 vas

248 3480 320 3539 buit,
334 3494 361 3529 tt
373 3494 410 3529 ter
420 3492 546 3544 quaterve,
556 3482 665 3545 pecuniae
678 3484 760 3532 reddi·
804 3483 942 3547 aquarium,
961 3485 1019 3531 vino
1032 3480 1153 3530 servando
1166 3479 1238 3527 etiam
1257 3478 1313 3527 rtlo·

250 3560 439 3609 taeeolutionem
453 3561 540 3623 exegit.
803 3577 890 3621 neum,
909 3561 1051 3625 plerumque
1071 3559 1153 3623 lapide
1169 3556 1314 3647 consectum·

285 3647 309 3695 4.
330 3643 361 3688 In
384 3639 511 3703 legatiom’s
526 3637 760 3706 furtis.1nproedie
803 3644 873 3689 Hanc
884 3651 908 3688 et
921 3653 1057 3703 argenteam
1075 3650 1100 3687 et
1122 3634 1229 3724 celatam
1241 3635 1315 3683 fuisse

249 3735 311 3782 quae
319 3718 365 3766 sibl
378 3734 454 3781 quum
466 3718 557 3781 legatur
566 3730 628 3767 eeeet
637 3721 760 3784 quaesivit.
804 3719 929 3767 Ciceronis
941 3717 1016 3766 verba
1029 3726 1147 3780 arguunt.
1166 3727 1259 3776 quippe
1272 3728 1316 3759 cu·

250 3797 380 3860 -Quibus
392 3797 417 3843 in
427 3796 524 3845 tabulis.
535 3799 632 3845 Manut.
643 3812 667 3847 et
676 3799 757 3847 Lamb.
804 3799 845 3859 jue
856 3796 956 3860 pondos
969 3806 994 3844 et
1011 3803 1152 3884 ornamepta
1163 3806 1315 3883 pemmone-

252 3876 338 3940 quibus
355 3876 380 3923 in
403 3875 514 3936 tabulas,
535 3875 579 3922 aad
599 3877 661 3925 MSS
676 3893 760 3926 omnes
803 3884 848 3924 tet.
857 3875 964 3923 Boethus
977 3872 1182 3936 Carthaginiensi·
1193 3869 1239 3917 suit
1252 3868 1317 3917 reul-

251 3955 347 4004 tobulis.
358 3958 446 4003 lienem
456 3965 504 4012 eat,
515 3953 603 4017 quihus
612 3957 645 4017 Q.
655 3957 760 4014 Tadinae,
804 3966 862 4018 ptor
869 3952 971 4009 nobilia,
983 3951 1014 3999 de
1025 3967 1076 4015 quo
1085 3950 1180 4040 Pliniup
1188 3949 1317 4009 xxxut,

253 4034 336 4081 Verria
353 4044 473 4097 quator,
491 4033 584 4080 dedisse
605 4050 671 4096 sese,
680 4032 762 4082 Verria
809 4050 853 4089 ης
865 4032 1026 4091 ΧΧΧΙῌ,
1036 4042 1060 4080 et
1073 4033 1220 4089 ramanus,
1232 4031 1265 4085 V,
1278 4042 1318 4087 17,

251 4112 332 4172 juno,
341 4111 561 4176 pecuniamineuee
572 4111 665 4160 tabulas
672 4113 762 4162 retulit.
806 4112 882 4161 multa
894 4111 1035 4160 dominere.
