3016 4774
352 392 548 464 ORATIO
572 395 671 463 PRO
696 396 737 462 A.
765 395 977 466 CAECINa.
1127 393 1197 481 543

180 519 342 589 XXXIV.
355 513 487 606 Quid?
502 538 613 611 quem
639 528 741 612 pater
758 528 918 613 patratus
935 514 1118 606 dedidir,
1138 533 1202 589 aut

132 652 220 699 suus
249 640 368 725 pater,
396 624 600 723 populusve
625 624 806 714 vendidit,
827 648 903 724 quo
921 626 951 697 is
969 626 1052 721 jure
1070 632 1202 701 amittit

132 735 336 808 civitatem?
347 737 397 805 Ut
409 733 583 830 religione
597 735 719 806 civitas
731 735 911 825 solvatur,
930 740 1016 807 civis
1029 762 1200 812 romanus

132 847 310 917 traditur:
333 847 396 942 qui
414 868 531 941 quum
551 859 606 915 est
624 860 808 943 acceptum
825 861 880 918 est
900 872 1046 934 eorum,
1065 849 1201 946 quibus

60 991 63 997 ·
133 971 187 1028 est
205 956 388 1043 deditus²;
408 956 528 1026 sinon
547 958 750 1053 accipiunt,
766 971 807 1028 ut
822 960 1032 1029 Mancinum
1042 963 1202 1031 Numan·

132 1067 220 1153 tini,
241 1067 373 1137 retinet
385 1066 562 1163 integram
575 1089 737 1154 causam,
755 1080 792 1137 et
801 1067 862 1163 jus
876 1068 1037 1138 civitatis.
1050 1071 1086 1139 Si
1098 1083 1201 1166 pater

131 1176 293 1248 vendidit
309 1200 411 1263 eum,
426 1196 536 1272 quem
556 1177 593 1245 in
612 1199 712 1247 suam
730 1190 945 1274 potestatem
961 1175 1202 1275 susceperam,

130 1310 175 1355 ex
195 1299 372 1384 potestate
400 1283 581 1355 dimittit&
605 1289 684 1356 Iam
702 1286 860 1384 populus
878 1310 992 1384 quum
1012 1311 1097 1358 eum
1117 1313 1202 1359 ren·

131 1394 241 1480 didit,
260 1397 325 1490 qui
341 1392 444 1463 miles
461 1391 574 1464 factus
588 1418 664 1464 non
683 1393 780 1483 esi⁵‚
805 1421 880 1467 non
899 1395 1023 1467 adimit
1042 1400 1075 1468 ei
1091 1397 1202 1469 Iiber-

131 1518 261 1590 tatem3
284 1501 346 1574 sed
366 1502 523 1598 judicat,
542 1527 617 1572 non
639 1526 714 1574 csse
739 1526 823 1575 eum
851 1504 1027 1593 liberum,
1052 1507 1135 1603 qui,
1160 1521 1203 1578 ut

130 1609 245 1683 libcr⁶
267 1615 329 1699 sit,
346 1610 446 1682 adire
463 1611 665 1707 periculum
690 1613 833 1684 noluit:
856 1637 969 1712 quum
998 1631 1119 1688 autem
1143 1619 1201 1688 in·

130 1746 282 1797 censum
294 1720 460 1811 venditi,
483 1720 720 1818 hocjudicat3
748 1748 864 1820 quum
874 1728 925 1815 is,
945 1730 1009 1822 qui
1031 1729 1070 1799 in
1090 1729 1200 1800 servi·
1305 1766 1308 1771 >
1404 1773 1408 1787 ·

165 1967 289 2016 mlv.
303 1981 326 2015 1.
341 1970 419 2032 Quem
435 1978 509 2031 pater
526 1976 641 2031 patratus
684 1970 722 2018 vt
734 1968 872 2034 exemplum
886 1969 917 2019 de
928 1972 957 2022 C.
966 1971 1074 2021 Votieno
1087 1975 1199 2041 protulit,

173 2057 217 2094 aut
228 2062 285 2094 suus
293 2056 379 2110 pater,
401 2058 452 2094 etct
472 2049 510 2095 De
530 2046 569 2095 his
585 2048 642 2095 ride
684 2049 741 2111 qui,
756 2049 824 2113 quod
835 2050 940 2099 stnistrae
950 2067 1036 2098 mnus
1049 2050 1155 2115 digitos,
1166 2072 1198 2104 ne

131 2128 265 2175 Excursum
281 2127 394 2176 mm
407 2125 438 2174 sd
459 2126 550 2175 calcem
568 2127 642 2188 hujus
684 2125 862 2175 betto-lesden
887 2128 1016 2187 militaret,
1040 2128 1192 2192 abscideret,

130 2205 258 2256 untionis.
684 2206 816 2271 publicatis
839 2208 891 2268 ejus
916 2207 1002 2263 bonis,
1027 2209 1054 2255 iu
1076 2222 1195 2275 perpetue

167 2302 190 2334 2.
208 2287 253 2334 Est
269 2300 365 2343 eorum,
381 2283 468 2349 quibus
485 2293 523 2332 est
537 2280 640 2334 deditus.
685 2285 784 2333 vincula
797 2285 924 2334 damnatus
937 2288 1024 2335 molit
1034 2287 1065 2335 de
1079 2288 1129 2337 ulio
1145 2304 1199 2337 rur·

131 2366 160 2412 In
183 2380 239 2412 eum
259 2365 300 2427 ius
322 2364 378 2412 vite
400 2368 426 2413 et
451 2363 519 2411 necis
539 2361 641 2412 habenti
684 2378 823 2428 eus‚quem
835 2365 870 2414 Μ.
886 2365 975 2413 Curius
988 2366 1131 2415 consulunt
1141 2384 1198 2417 cum

130 2444 232 2492 Pisana.
684 2444 798 2493 omnihus
810 2446 863 2507 ejus
876 2443 948 2492 bonis
962 2445 1088 2506 vendidit,
1106 2445 1198 2511 dequo

167 2524 277 2587 3.me
288 2520 313 2568 ite
326 2535 397 2568 snam
406 2530 640 2584 potestatemeusee·
684 2523 887 2587 etiamtuemInit
909 2521 994 2571 Florus
1017 2526 1043 2571 in
1064 2525 1131 2590 Epit.
1149 2526 1196 2577 lib.

126 2612 208 2664 perat.
223 2603 261 2649 Ex
271 2599 384 2664 legitimIs
395 2598 495 2663 nuptiis.
510 2601 592 2650 Ηοπ.
605 2626 642 2637 -
684 2600 755 2651 XIV.
773 2604 903 2652 Suetonius
921 2603 948 2651 in
968 2609 1096 2667 Angusto,
1117 2616 1196 2670 quum

129 2682 452 2744 srisoepnotmtgeuuent.
686 2682 780 2731 eumin
793 2682 927 2730 remiliuri
936 2683 1056 2731 multaed
1070 2686 1198 2749 antiquum

169 2767 194 2815 t.
214 2760 258 2807 Ex
278 2770 399 2824 potestate
419 2759 527 2809 dimittit.
548 2760 644 2823 Quare,
687 2774 780 2811 rnorem
790 2761 1199 2828 revommedixissettfflquidem,

130 2852 207 2903 quum
213 2839 277 2901 juris
291 2840 362 2888 Illum
375 2838 414 2889 sui
427 2856 456 2888 sc
469 2841 598 2905 potestatis
610 2841 644 2889 ie·
686 2841 784 2905 Inquit,
805 2842 838 2890 R.
854 2839 922 2903 quod
937 2839 1034 2888 duobus
1046 2841 1104 2889 titiis
1116 2843 1200 2892 odoie-

131 2919 195 2979 εἰει,
206 2935 268 2966 ,που
286 2919 378 2968 invitus
396 2921 423 2967 in
444 2920 485 2967 itta
503 2922 644 2971 venditione
686 2920 812 2969 tuentibus
820 2918 1198 2971 causadetrectendissortmcnti

130 2998 267 3047 libertatem
279 2999 380 3058 emittit3
399 3010 424 3047 et
443 3000 493 3048 hoo
511 3011 559 3055 eet,
575 2998 644 3065 quod
687 2999 797 3063 polluces
810 3008 976 3063 amputasset:
991 2998 1072 3063 ipsum
1085 2999 1200 3065 bonique

132 3077 193 3126 dicit
216 3079 242 3127 io
268 3082 379 3128 oratione
400 3095 448 3145 pro
475 3078 557 3128 Domo
577 3093 641 3130 sus:
686 3077 791 3138 subjecit
810 3077 910 3127 hstes:
933 3090 1005 3142 quem
1030 3091 1110 3128 temen
1129 3081 1198 3145 quod

132 3178 144 3201 ι
154 3159 228 3220 Quod
238 3168 269 3206 tu
283 3159 336 3223 ipse
353 3159 456 3225 potuisti
473 3159 500 3205 in
516 3169 558 3206 tus
573 3174 644 3209 eausa
687 3157 812 3205 imminere
832 3157 950 3222 emptioni
966 3157 1110 3221 publicanos
1129 3161 1200 3209 vide·

131 3235 241 3285 discen:
256 3238 331 3287 credo
348 3239 430 3297 enim,
450 3253 596 3301 quemquam
618 3240 645 3286 in
687 3236 742 3295 liet,
755 3236 843 3286 liberto
851 3253 897 3286 suo
905 3236 1016 3297 addixit,
1028 3247 1057 3285 ut
1066 3238 1196 3304 relegatum

131 3315 173 3363 itta
183 3315 316 3381 adoptione
325 3316 430 3381 legitime
447 3317 537 3365 Iactum
554 3328 590 3365 ost
608 3317 644 3365 ni·
687 3315 714 3364 iu
736 3331 809 3381 agros
832 3330 878 3380 pro
899 3315 978 3365 libem
998 3333 1050 3367 esse
1075 3318 1165 3369 sineret
1176 3342 1198 3369 ιι.

131 3395 176 3454 hil,
186 3407 266 3444 umen
276 3406 300 3443 te
309 3395 550 3459 esseinterrogatum,
557 3409 643 3447 auctor
686 3398 806 3445 Hormou.

133 3490 255 3533 neesson,
274 3486 304 3524 ut
322 3475 348 3523 in
366 3485 389 3523 te
407 3477 435 3524 P.
453 3476 570 3523 Fonteius
587 3477 643 3524 vitet
722 3478 749 3525 6.
759 3478 788 3525 Β.
798 3474 891 3525 Weisk.
900 3475 943 3540 qui
951 3474 1004 3523 haec
1012 3492 1064 3525 non
1074 3477 1197 3541 intelligit,

132 3555 247 3619 necisque
268 3565 413 3619 potestatem
429 3553 544 3614 haberet,
566 3566 596 3604 ut
617 3558 644 3605 in
686 3555 769 3621 inepte
782 3556 856 3604 scribi
866 3566 950 3625 putet,
964 3556 1021 3619 quie
1037 3568 1065 3604 ut
1079 3558 1134 3621 capi
1146 3572 1199 3606 nou

132 3631 213 3682 utto».
226 3635 394 3682 Horu-Ex
401 3645 518 3698 potestate
531 3634 643 3699 dintittit,
689 3645 771 3700 potest
789 3648 836 3700 pro
857 3633 924 3692 licet,
942 3649 988 3681 nec
1007 3635 1040 3683 eit
1059 3651 1107 3699 pto
1120 3647 1199 3684 etset:

131 3714 277 3777 emancipat.
688 3716 772 3778 itaque
779 3713 919 3763 {scillinum
929 3714 951 3761 ei
962 3713 1093 3761 remedIum
1103 3713 1200 3764 videtur

170 3792 194 3842 5.
217 3794 296 3856 Quum
309 3807 364 3841 eom
378 3792 502 3851 vendidit,
520 3794 564 3858 qui
578 3794 646 3842 mites
690 3790 802 3843 omittere
818 3793 866 3853 sit,
885 3801 912 3840 ut
938 3806 1010 3852 unt,
1033 3792 1132 3857 inquit,
1155 3793 1200 3844 flat

126 3869 213 3937 sectio
234 3889 283 3921 non
300 3885 345 3923 eet.
364 3873 444 3922 Moris
462 3884 526 3933 eret,
539 3886 568 3923 nt
585 3890 645 3922 oon·
688 3874 814 3921 sententia.
828 3874 922 3937 Inepte.
935 3874 959 3921 J.
969 3872 1000 3920 V.
1010 3873 1039 3920 L.
1245 3936 1249 3942 ν

133 3951 227 4016 scripto
241 3956 364 4013 exercitm
379 3954 424 4018 qni
440 3953 528 4003 citatus
543 3970 594 4003 non
607 3969 645 4002 re·
726 3968 751 4016 7.
766 3955 935 4017 Qnumantem
944 3951 1067 4000 incensum
1078 3952 1199 4007 vendidit.

134 4031 279 4093 sponderet,
288 4048 336 4080 uns
350 4050 406 4081 omn
420 4034 494 4082 bouis
506 4036 557 4082 auis
568 4034 646 4082 omni·
688 4033 825 4098 Dionysius
840 4031 964 4080 Halicern.
974 4030 1017 4079 lib.
1028 4033 1064 4078 tv
1076 4033 1199 4099 Antiqua.

135 4106 182 4157 bus
193 4110 344 4163 venderetur.
358 4113 469 4162 Valerius
486 4114 588 4163 Maxim.
601 4112 646 4162 lib.
688 4128 787 4178 poenum
803 4112 908 4160 incensis
928 4112 1084 4161 constitutam
1099 4116 1198 4179 scribit,
