3116 4774
329 415 400 488 διο
653 416 701 484 Μ.
726 416 764 483 Τ.
791 416 1072 486 CICERONIS

327 537 458 621 sciant,
475 540 513 606 in
532 556 607 606 uno
627 534 769 605 servulo
788 530 927 606 familiae
948 559 1084 607 nomen
1106 560 1182 606 non
1202 535 1356 608 valere¹¹
1367 541 1388 608 t·

325 649 465 717 sivero
481 670 528 717 ne
545 643 679 715 habeas
695 644 844 741 quidem
867 669 1030 729 servum,
1049 658 1179 743 praeter
1201 669 1303 732 eum,
1323 649 1388 743 qui

326 780 384 827 me
401 755 588 851 dejecerit,
608 755 740 825 clames
759 754 949 827 videlicet:
966 757 1003 826 Si
1019 752 1138 826 habeo
1158 751 1347 844 familiam,
1366 780 1388 826 a

325 864 458 937 familia
475 890 554 937 mea
572 863 688 935 fateor
710 876 747 934 te
773 889 851 937 esse
873 864 1065 960 dejectum.
1087 869 1216 962 Neque
1235 863 1387 936 dubium

325 991 395 1063 est,
414 978 524 1074 quin,
543 976 572 1046 si
591 973 728 1045 adrem
745 974 975 1070 judicandam
989 974 1103 1046 verbo
1117 973 1296 1063 ducimur,
1312 1001 1386 1046 non

323 1110 384 1174 re,
400 1084 568 1158 familiam
588 1083 850 1180 intelligamus,
868 1109 948 1181 quse
963 1097 1104 1156 constet
1119 1106 1164 1155 ex
1184 1087 1293 1157 servis
1310 1086 1388 1183 plu·

323 1197 447 1285 ribus3
468 1197 556 1293 quin
580 1218 675 1266 unus
696 1193 829 1282 homo,
852 1192 986 1266 familia
1008 1218 1083 1266 non
1105 1196 1202 1266 sit¹².
1225 1195 1385 1267 Verbum

325 1321 422 1378 certe
450 1304 521 1376 hoc
547 1326 623 1374 non
648 1303 759 1374 modo
789 1305 970 1402 postulat,
991 1302 1055 1378 sed
1079 1308 1185 1378 etiam
1211 1309 1316 1403 cogit.
1342 1316 1386 1377 At

323 1438 410 1487 vero
434 1416 526 1486 ratio
548 1413 656 1508 juris,
677 1412 932 1512 interdictique
953 1419 1024 1504 vis,
1046 1430 1083 1488 et
1128 1431 1299 1488 raetorum
1323 1440 1383 1487 vo·

323 1526 461 1612 luntas,
485 1537 521 1593 et
539 1521 729 1594 hominum
748 1524 983 1623 prudentium
1001 1440 1193 1597 considium
1214 1542 1250 1597 et
1267 1540 1387 1598 atrcto·
1412 1585 1419 1589 .

323 1635 427 1718 ritas,
444 1646 590 1729 respuat
610 1631 704 1704 hanc
725 1632 993 1723 defensionem,
1011 1650 1047 1706 et
1060 1660 1128 1735 pro
1142 1636 1258 1707 nihilo
1271 1650 1384 1735 putet.

372 1744 451 1812 XX.
476 1740 575 1830 Quid
601 1743 714 1840 ergo?
737 1745 793 1814 isti
816 1742 983 1816 homines
1003 1745 1114 1817 latine
1138 1770 1213 1816 non
1235 1745 1389 1843 loquun-

325 1852 405 1925 tur?
426 1856 505 1924 Imo
518 1875 605 1923 vero
622 1866 764 1923 tantum
780 1854 983 1951 loquuntur
996 1865 1022 1941 ¹,
1043 1870 1221 1952 quantum
1234 1871 1287 1931 est
1305 1858 1388 1928 satis

325 1962 369 2036 ad
392 1960 661 2060 intelligendam
679 1961 926 2051 voluntatem,
944 1988 1059 2061 quum
1080 1963 1149 2035 sibi
1168 1963 1237 2035 hoc
1258 1989 1387 2062 propo·

325 2073 483 2185 suerint,
506 2084 566 2156 ut,
587 2072 681 2141 sive'
697 2094 754 2141 me
772 2084 814 2142 tu
834 2072 1026 2169 dejeceris,
1042 2076 1117 2144 sive
1131 2088 1278 2144 tuorum
1293 2076 1386 2173 quis·

326 2188 445 2283 piam,
463 2183 534 2253 sive
553 2205 761 2270 servorum,
775 2187 850 2254 sive
867 2188 1084 2268 amicorum,
1109 2201 1150 2254 ut
1171 2208 1294 2255 servos
1312 2209 1385 2254 non

325 2318 479 2366 numero
497 2290 739 2389 distinguant,
765 2291 826 2363 sed
853 2292 1036 2390 appellent
1057 2316 1132 2362 uno
1157 2289 1300 2362 familiae
1321 2316 1385 2362 no·

324 2410 443 2477 mine:
462 2400 506 2472 de
526 2398 647 2470 liberis
663 2414 784 2471 autem
798 2403 963 2500 quisquis
976 2417 1048 2489 est,
1070 2404 1312 2500 procuratoris
1325 2427 1385 2473 uo·

325 2517 423 2585 mine
434 2507 653 2606 appellatum
666 2530 740 2578 non
755 2533 831 2606 quo
844 2536 970 2583 omnes
982 2514 1071 2597 sint,
1085 2526 1147 2582 aut
1158 2512 1384 2610 appellentur

321 2691 834 2763 jecermmtimersneutmtseutteest»
916 2714 956 2745 ra.
976 2696 1040 2759 Quin
1058 2712 1119 2745 uuus
1137 2696 1210 2745 domo
1218 2695 1321 2763 sandida
1336 2711 1384 2744 non

323 2780 408 2828 lion.
424 2802 459 2812 -
474 2776 510 2822 Te
526 2772 634 2837 patuisse
655 2772 749 2832 edicto,
772 2774 834 2824 ur‘hil
877 2777 918 2827 sit.
931 2775 1047 2825 Phaedrus
1060 2787 1159 2824 umen:
1175 2799 1187 2819 ι
1197 2778 1300 2840 AEsopus
1313 2788 1386 2839 mum

324 2859 410 2908 iecisse
418 2865 502 2905 contra
515 2848 683 2901 interdictum.
696 2854 798 2902 Passus.
878 2854 945 2904 solus
965 2867 1028 2904 esset
1050 2854 1172 2903 familian.
1196 2853 1245 2901 Sed
1267 2854 1316 2902 boc
1338 2865 1384 2912 est,

363 2954 405 2988 ιι.
419 2938 450 2986 lu
464 2950 512 2982 uno
524 2932 617 2981 servulo
621 2930 733 2997 familia
747 2948 834 2982 nomen
878 2949 952 2999 quum
972 2944 1035 2982 esset
1051 2934 1108 2981 loco
1123 2931 1228 2981 familie.
1245 2933 1310 2981 Vide
1323 2932 1387 2980 viros

327 3036 376 3068 non
389 3018 483 3067 ualere.
506 3013 620 3061 «untes.
638 3020 739 3072 servus,
755 3012 835 3077 iuquit
878 3012 965 3061 doctos
983 3012 1015 3061 ad
1034 3026 1089 3061 eunt
1107 3011 1189 3060 locum
1206 3011 1320 3072 Platedri,
1336 3012 1387 3069 111,

325 3100 460 3164 Ulpianus,
483 3094 579 3145 limillts
601 3090 765 3158 appellatione
783 3110 835 3142 non
881 3106 927 3157 19,
945 3108 968 3152 t,
983 3103 1008 3141 et
1019 3103 1085 3143 nost.
1097 3091 1155 3140 edit.
1170 3101 1230 3139 tom.
1241 3090 1280 3151 ΙΙ,
1291 3107 1317 3155 p.
1333 3104 1387 3138 roa.

326 3179 479 3234 continetur,
496 3190 527 3221 ue
540 3171 590 3221 duo
606 3171 706 3236 quidem
721 3172 835 3221 familiam
913 3170 972 3223 XX.
992 3188 1013 3221 t.
1030 3172 1115 3219 Latim
1127 3184 1176 3218 non
1190 3170 1333 3233 loquuntur.
1349 3170 1390 3216 Aa

325 3257 448 3307 faciunt».
464 3251 562 3300 Paullus
584 3262 666 3299 umen
680 3250 725 3299 lib.
740 3251 763 3295 V
776 3252 835 3301 Seu·
879 3250 941 3299 Osce
952 3260 977 3299 et
988 3250 1140 3300 Volscelh
1151 3249 1189 3297 111
1203 3248 1233 3296 de
1244 3248 1391 3296 one-ta-

325 3332 454 3385 teotiarmn
466 3326 528 3378 duos
538 3344 622 3379 servm
631 3329 744 3377 familiam
758 3331 835 3380 lacere
879 3329 930 3377 tine
947 3330 1015 3394 loqui
1033 3342 1069 3377 est
1082 3328 1155 3377 verbs
1174 3328 1319 3386 ensiferis,
1336 3338 1391 3389 que

325 3406 464 3481 respondet.
476 3406 562 3458 Cicero
570 3408 619 3456 hoc
627 3406 685 3455 loco
695 3408 767 3456 docet
777 3424 837 3472 quo·
879 3422 951 3457 uemo
973 3411 1027 3469 jum
1050 3404 1211 3474 reprehendat
1222 3426 1242 3452 a.
1265 3404 1390 3456 Interdum

325 3494 402 3545 modo
418 3492 487 3549 haec,
507 3504 562 3553 quse
579 3487 694 3536 ridentur
715 3487 762 3535 sibi
785 3504 836 3537 esse
879 3488 1030 3552 simpliciter,
1047 3499 1071 3536 et
1085 3488 1272 3538 vere.Verr.V:
1288 3484 1391 3532 -catine

325 3574 439 3631 adversa,
457 3568 551 3636 possint
572 3569 597 3615 iu
619 3566 776 3614 concordiam
796 3582 835 3615 re·
879 3568 967 3615 scitote
980 3582 1032 3625 me,
1050 3583 1102 3616 uou
1122 3564 1271 3615 accusatorie
1286 3562 1355 3628 loqui
1366 3583 1399 3610 ι..

325 3654 385 3718 ‹ttgt
400 3654 425 3701 st
442 3648 554 3698 nimirum
576 3645 701 3713 propriam
720 3644 787 3694 vocis
805 3649 835 3695 sl·
880 3646 983 3693 Pusan.

325 3732 505 3797 gullicatiouem
526 3724 655 3793 respicias,
676 3724 764 3774 familia
782 3742 834 3774 non
915 3740 941 3773 a.
955 3724 1034 3787 Quum
1047 3721 1095 3771 sttt
1106 3722 1153 3771 ltoc
1160 3720 1345 3787 proposuerant,
1365 3731 1394 3767 ut

325 3820 362 3861 est
374 3812 485 3871 villicus,
495 3820 537 3857 aut
548 3823 643 3866 serrus3
654 3804 674 3854 si
685 3805 715 3853 ad
729 3819 835 3856 mentem
878 3802 939 3861 sive,
953 3814 1000 3852 etc.
1011 3801 1076 3850 vite
1088 3802 1189 3850 Excute.
1200 3802 1239 3849 11
1256 3799 1288 3848 ad
1301 3799 1392 3848 calcem

325 3886 385 3950 legis
404 3884 529 3947 attendas,
545 3886 587 3934 ubi
605 3902 643 3934 ms
661 3884 775 3945 villicus,
792 3898 835 3934 aut
878 3880 1088 3943 hujusoratiouis.
1099 3909 1131 3919 -
1144 3882 1333 3937 Procuratores,
1349 3879 1395 3943 qai

327 3966 388 4016 allus
399 3983 483 4016 servus
493 3978 550 4015 tuus
562 3967 649 4015 unicus
661 3964 761 4027 dejecit,
767 3962 836 4026 judi·
880 3950 973 4027 negotii
995 3960 1072 4009 nostri
1092 3959 1190 4025 aliquid
1208 3971 1308 4025 gerant.
1330 3960 1393 4006 Pm-

330 4042 405 4095 tabor
417 4054 441 4091 et
453 4046 540 4092 merito
553 4044 652 4108 quidem
666 4061 679 4093 a
692 4042 782 4092 familia
795 4052 835 4090 tua
880 4051 1067 4090 contortam
1080 4039 1105 4086 in
1115 4040 1146 4089 D.
1155 4038 1186 4087 de
1195 4054 1297 4105 procur.
1307 4033 1393 4092 defini·

329 4122 434 4188 deiectus
446 4136 506 4171 esse.
520 4124 607 4171 Gsev.
881 4130 931 4183 tur,
947 4118 989 4184 qui
1003 4118 1079 4167 attens
1096 4119 1193 4183 negotia
1211 4116 1306 4168 domiui
1321 4130 1392 4165 susu-
