3016 4774
114 421 1184 458 mmmm-mmmmmmmmmws

351 635 853 762 EXCURSUS
890 643 954 761 X

199 876 263 945 ln
288 876 562 946 oanuouuu
586 878 676 947 pao
702 879 897 963 canus,
920 882 1096 984 car.19.

507 1057 793 1086 -.ψ-

153 1223 195 1287 ¹Si
205 1236 275 1287 tam
288 1206 511 1284 verevhomiaes
526 1220 625 1283 verba
635 1236 905 1310 consectarentur,
918 1251 1016 1317 quam
1026 1256 1106 1318 rem,
1116 1256 1177 1306 eto.

9 1300 11 1335 ἶ
115 1327 205 1410 Quid
219 1343 272 1391 est
288 1348 387 1389 avere
403 1326 583 1389 consectari
598 1326 736 1391 verbal-
751 1329 841 1395 Licet
863 1356 938 1399 vete
958 1337 1177 1430 interpreteris

9 1408 11 1443 l
112 1435 216 1514 juste,
229 1433 316 1517 juste
329 1446 437 1495 tamen
451 1430 548 1494 verba
561 1434 739 1497 consectari
760 1436 841 1523 quid
858 1439 913 1518 sit,
935 1464 1034 1510 nemo
1051 1446 1175 1517 dixerit

34 1573 50 1599 t
115 1541 263 1603 Fortasse
288 1537 417 1626 scripsit
440 1534 571 1620 Cicero,
595 1537 648 1601 «εἰ
674 1552 739 1603 tam
767 1563 878 1610 serere
905 1547 1055 1617 homines
1080 1550 1177 1623 verba

115 1659 407 1709 consectarenturn.
421 1642 511 1707 Nihil
527 1643 596 1707 sani
610 1642 716 1707 elicies
729 1664 769 1709 ex
779 1649 841 1715 hac
856 1654 1008 1741 periodo,
1023 1661 1051 1724 si
1063 1661 1178 1729 adver·

116 1765 165 1814 tes
182 1750 338 1814 animum.
357 1747 449 1833 Quid
473 1749 561 1814 enirn
587 1751 640 1815 hie
666 1753 727 1817 sibi
749 1755 833 1837 vult,
857 1780 979 1845 «quam
1009 1786 1079 1831 rem
1111 1792 1179 1835 non

117 1854 379 1920 oondderarent?
393 1884 407 1912 ι
423 1854 493 1920 Nisi
511 1855 708 1924 Erfurtensis
725 1861 819 1925 nobis
835 1866 1062 1953 succurrisset,
1082 1876 1178 1941 etiam

117 1984 207 2026 nunc
232 1962 266 2024 in
289 1961 433 2025 tenebris
450 1977 483 2026 et
497 1962 624 2028 mendis
641 1964 696 2029 hic
714 1966 805 2032 locus
825 1968 954 2049 jaceret.
977 1975 1014 2037 ln
1032 1974 1087 2042 illo
1102 2000 1179 2046 vero

118 2067 272 2131 scribitur
291 2067 449 2156 pulchre:
468 2084 629 2147 «utrem,
649 2071 743 2151 cujus
761 2095 857 2139 causa
873 2075 971 2141 verba
988 2097 1086 2166 sunt,
1112 2104 1179 2151 non

116 2170 390 2238 considerarent».
410 2172 508 2237 Vides
524 2195 615 2238 nunc
630 2176 741 2240 ornnia
752 2177 876 2265 liquida
890 2202 967 2248 esse.
982 2182 1088 2253 Ganr.

161 2277 200 2341 Si
217 2293 284 2343 tam
302 2300 435 2343 severe...
455 2271 583 2341 utrem.
602 2278 652 2342 Ita
672 2301 711 2343 ex
732 2280 805 2346 cod.
825 2283 1007 2352 Erfurtensi
1022 2289 1182 2362 Graerius:

116 2381 258 2472 vulgati:
277 2413 290 2439 α
301 2382 329 2447 si
346 2399 412 2447 tam
430 2404 538 2447 vere...
559 2404 658 2471 quam
673 2406 741 2448 rem
753 2414 784 2467 s,
799 2388 889 2453 nullo
905 2412 1013 2459 sensu.
1030 2396 1128 2464 luna.
1166 2435 1185 2493 s

159 2488 202 2551 At
219 2489 277 2575 qui
298 2509 397 2551 severe
417 2486 570 2573 conjecit,
591 2510 658 2552 non
675 2489 709 2552 in
726 2513 766 2555 eo
782 2491 840 2557 MS
856 2494 994 2580 invenit,
1008 2523 1114 2592 neque
1128 2530 1181 2572 re.

9 2594 11 2687 ζ
116 2590 203 2682 oepit
225 2592 380 2657 Graevius.
404 2590 539 2657 Cautius
566 2592 632 2683 egit
652 2594 814 2683 olivetas,
833 2601 891 2687 qui
914 2602 1060 2689 chjoem
1086 2611 1179 2679 fflum
1210 2636 1212 2640 ,

116 2718 193 2760 cum
206 2697 332 2763 Graevio
343 2697 376 2761 in
389 2696 496 2762 verbis
513 2697 645 2765 edendis
658 2700 754 2789 plane
765 2722 923 2792 sequutus
937 2727 994 2775 est.
1007 2714 1065 2779 Est
1074 2732 1180 2785 tamen

116 2799 244 2866 Gravio
264 2803 429 2892 antiquior
444 2802 498 2868 illa
514 2805 721 2890 conjectum
749 2811 875 2874 notarit
897 2813 985 2878 enim
1006 2819 1181 2891 Lambinus

117 2907 151 2969 in
166 2928 266 2998 marg.
281 2908 359 2972 alios
375 2909 496 2996 legere,
506 2940 519 2964 ι
529 2926 596 2974 tam
614 2933 752 2977 severe».
768 2913 831 2978 Sed
849 2914 914 2980 hoc
927 2919 1041 2986 nullibi
1057 2924 1182 2995 editum

117 3034 157 3076 eo
173 3028 319 3101 tempore
336 3014 456 3079 inveni.
473 3014 575 3096 Mihi,
598 3016 867 3105 quandoquidem
889 3022 1016 3090 codices
1034 3029 1115 3095 nihil
1129 3036 1184 3116 ju.

116 3132 210 3199 rant,
228 3119 367 3207 placeret
384 3120 503 3201 etiam,
523 3120 570 3183 usi
593 3137 762 3210 tantopere
787 3125 937 3193 homines
954 3133 1052 3198 rerba
1067 3159 1181 3206 couse-

117 3238 293 3304 ctarentur,
314 3240 456 3307 utrem,
474 3241 534 3289 etc.
549 3256 562 3282 ν
591 3226 640 3290 De
665 3226 760 3294 offic.
779 3231 812 3312 1,
836 3255 892 3299 11:
919 3237 977 3300 «ln
991 3261 1059 3328 quo
1073 3258 1181 3313 uoto.

119 3348 197 3419 pere
215 3327 301 3418 apud
316 3346 448 3393 nostros
459 3330 584 3411 justitia
597 3330 682 3396 culta
695 3351 760 3416 est,
774 3352 813 3400 ut
824 3337 861 3420 ii,
880 3343 1100 3416 etc.»Guu1·.

163 3432 270 3524 Quam
287 3458 368 3514 rem,
391 3436 481 3522 cujtu
503 3459 602 3501 causa
624 3438 723 3527 verba
748 3458 836 3525 sunt,
858 3469 920 3511 non
940 3453 1180 3533 comtllsrarent

117 3542 263 3608 Insolens
279 3540 427 3606 locutio:
445 3543 537 3624 cujus
561 3543 698 3609 similem
724 3570 790 3612 non
817 3553 949 3616 memini
968 3579 1020 3621 me
1043 3560 1180 3651 legisse:

9 3691 19 3699 ,
117 3642 250 3727 «Quam
264 3667 331 3709 non
350 3646 634 3729 considerarent»,
649 3671 729 3739 pro,
747 3668 807 3716 «ut
823 3676 892 3719 non
908 3661 1178 3743 considerarent»,

117 3749 221 3815 Hora.
237 3787 281 3799 —
297 3751 373 3841 Leg.
394 3766 431 3815 ut
450 3775 511 3841 pro
528 3776 646 3842 quam5
662 3753 737 3820 ride
763 3775 831 3823 not.
853 3764 990 3848 praeced.
1009 3766 1116 3842 Graue.
1132 3814 1178 3837 -

118 3853 285 3919 Manutius
312 3856 466 3943 pervertit
492 3859 701 3941 sententiam,
726 3859 805 3927 dum
834 3865 946 3933 tollere
971 3875 1175 3962 negationem

116 3959 222 4041 jubet,
244 3978 283 4025 ut
298 3960 353 4026 fiat
368 3963 517 4051 apertior.
539 3962 619 4029 Duae
637 3964 698 4029 illae
713 3968 890 4056 particula,
915 3990 1018 4061 «tam,
1037 4002 1174 4076 quam„²

120 4066 325 4156 conjungunt
343 4066 409 4134 duo
426 4069 548 4136 diversa
564 4072 707 4138 membra
727 4074 842 4141 eodem
860 4078 1089 4175 plancitando,
1107 4117 1174 4185 quo
