3142 4774
327 360 371 401 aa
423 364 429 371 ·
609 423 618 443 ι
643 336 690 401 Μ.
717 333 1061 431 tumultuum

326 467 468 547 gratum
486 450 693 523 admodum.
714 450 784 522 Sed
805 451 920 523 multo
940 454 1008 524 erit
1029 458 1183 551 gratius,
1200 459 1229 526 si
1245 458 1384 555 reliqua

325 562 452 635 voletis
478 559 684 633 attendere:
713 576 905 659 propterea
929 563 1029 660 quod
1053 568 1091 635 in
1116 563 1172 635 his
1195 566 1384 655 omnibus,

325 698 406 769 quae
424 688 527 744 antea
545 671 760 760 dictasunt,
781 687 856 743 erat
871 672 1039 769 'quadam
1061 699 1105 745 ex
1122 676 1197 772 ipsa
1215 677 1385 749 varietate

324 805 365 852 ac
395 783 576 853 novitate²
611 802 733 852 rerum
752 805 802 869 ac
832 783 1023 853 criminum
1053 780 1252 855 delectatio.
1279 789 1385 858 Nunc

324 907 474 962 tractare
496 914 638 961 causam
660 882 884 961 instituimus
900 889 1190 982 frumentariam
1214 918 1295 991 quae
1312 920 1386 965 ma·

324 1001 512 1097 gnitudine
529 1001 669 1095 injuriae
686 1016 722 1071 et
737 998 799 1072 re3
819 1000 1029 1075 criminibus
1048 1006 1386 1090 ceterisantecelli13

321 1110 556 1207 jocunditatis
578 1112 615 1181 in
640 1108 781 1206 agendo
802 1124 839 1181 et
857 1112 1036 1183 varietatis
1060 1116 1180 1184 minus
1199 1112 1383 1185 habebitt.

323 1225 449 1290 Vestra
479 1235 599 1289 autem
623 1221 833 1291 auctoritate
860 1233 897 1289 et
923 1220 1115 1317 prudentia
1139 1222 1386 1318 dignissimum

325 1344 397 1417 est,
418 1329 576 1424 judices,
598 1330 636 1399 in
660 1328 829 1400 audiendi
855 1328 1039 1425 diligentia
1064 1356 1139 1401 non
1165 1336 1285 1403 minus
1302 1333 1387 1404 reli-

325 1436 448 1535 gioni⁵
475 1437 655 1526 tribuere,
678 1463 788 1536 quam
811 1439 999 1536 voluptati.
1028 1443 1071 1510 In
1093 1440 1162 1512 hac
1182 1467 1287 1513 causa
1309 1442 1387 1513 l'ru·

327 1551 500 1619 mentaria
521 1546 770 1646 cognoscenda
788 1548 862 1619 haec
881 1548 983 1620 vobis
1004 1552 1216 1647 proponite,
1230 1550 1386 1646 judices,

326 1682 391 1728 vos
412 1658 457 1730 de
477 1658 586 1730 rebus
604 1657 832 1755 fortunisque
850 1659 1052 1730 Siculorum
1072 1664 1251 1749 omnium,
1276 1661 1321 1732 de
1340 1665 1388 1732 ci·

326 1770 425 1837 vium
451 1792 706 1854 romanorum,
736 1771 799 1864 qui
827 1781 927 1838 arant
958 1771 993 1839 in
1023 1769 1159 1854 Sicilia,
1183 1768 1313 1856 bonis,
1341 1770 1387 1843 de

327 1876 559 1973 vectigalibus
580 1903 599 1948 a
624 1876 821 1973 majoribus
845 1876 1003 1962 traditis,
1030 1877 1075 1948 de
1099 1876 1194 1948 vita6
1219 1881 1388 1977 victuque

326 1986 453 2083 populi
470 1989 611 2056 romani
631 1990 848 2083 cognituros.
864 1989 953 2075 Quae
965 1991 995 2058 si
1009 2003 1281 2085 magumatque
1298 1990 1388 2061 adeo

327 2099 480 2167 maxima
496 2094 601 2168 vobis
619 2094 808 2184 videntum
825 2121 935 2193 quam
950 2100 1046 2168 varie
1065 2112 1101 2169 et
1118 2123 1227 2195 quam
1243 2102 1389 2197 copiose

327 2205 511 2293 dicantur,
540 2221 745 2304 exspectare
769 2206 894 2277 nolite.
912 2208 1100 2278 Neminem
1118 2223 1278 2279 vestrum
1298 2232 1388 2305 praa·

326 2317 426 2400 terit,
443 2315 602 2409 judices,
622 2340 766 2387 omnem
791 2316 981 2399 utilitatem
1007 2323 1389 2415 opportunitatemque

326 2424 519 2520 provinciae
548 2425 693 2512 Siciliae,
718 2451 798 2522 quae
821 2425 867 2496 ad
889 2427 1080 2498 commoda
1103 2428 1228 2526 populi
1248 2429 1389 2497 romani

327 2531 494 2625 adjuncta
521 2536 586 2621 sit,
609 2536 801 2606 consistere
827 2540 863 2605 in
890 2561 929 2607 re
950 2535 1182 2607 frumentaria
1211 2540 1387 2607 maxime:

327 2667 411 2711 nam
433 2644 561 2712 ceteris
587 2639 696 2714 rebus
718 2644 930 2739 adjuvamur
952 2670 995 2715 ex
1016 2645 1076 2715 illa
1097 2648 1298 2744 provincia3
1321 2646 1389 2716 hac

327 2777 413 2821 vero
433 2753 561 2823 alimur
577 2779 618 2824 ac
636 2755 866 2825 sustinemur.

376 2866 426 2931 Ea
452 2886 555 2931 causa
584 2867 780 2958 tripertita,
807 2861 965 2955 judices,
990 2864 1058 2932 erit
1086 2866 1121 2931 in
1150 2868 1387 2934 accusatione.

328 2973 488 3039 Primum
509 2972 605 3039 enim
624 2969 669 3040 de
689 2968 926 3058 decumano⁷‚
946 2969 1077 3042 deinde
1093 2971 1137 3043 de
1154 2988 1276 3070 empto
1293 2972 1387 3043 dice-

327 3104 407 3148 mus
429 3076 631 3167 iroment0‚
651 3094 835 3177 postremo
853 3077 898 3150 de
915 3082 1101 3167 aestimato:

326 3325 407 3371 titiam
418 3318 657 3372 meliton-utera
667 3336 729 3372 suut.
743 3325 836 3388 Nempe
880 3310 980 3372 omniuo
990 3326 1077 3371 mirum
1089 3323 1120 3368 ait
1129 3322 1240 3369 divinum
1252 3321 1312 3370 illud
1322 3323 1390 3387 iuge·

326 3404 354 3450 in
368 3403 524 3450 Divinatione
537 3414 562 3450 et
577 3403 682 3451 Actione
696 3404 782 3469 prima.
880 3405 947 3451 nium
961 3403 991 3448 iia
1002 3401 1124 3448 immorari
1138 3400 1231 3449 tamdiu
1246 3401 1361 3464 potuine.

363 3496 386 3529 a.
402 3481 465 3530 cod.
478 3481 573 3531 Metell.
584 3481 726 3529 Nobilitate.
738 3483 835 3545 J.v.1..
916 3483 939 3528 5.
953 3479 1081 3543 Religioni.
1106 3480 1164 3528 Non
1185 3480 1265 3527 minua
1290 3491 1392 3544 propter

361 3562 386 3608 3.
401 3560 440 3607 Sic
455 3562 573 3607 Gruterus
585 3576 599 3606 e
612 3560 685 3608 codd.
696 3560 760 3608 Olim
766 3560 834 3625 fere,
879 3560 997 3606 rationem
1011 3556 1085 3613 officii
1104 3560 1192 3616 vestri,
1208 3575 1279 3621 quam
1290 3572 1392 3624 propter

326 3639 394 3704 quod
407 3636 506 3687 Schiitz'.
528 3639 640 3689 restituit.
659 3640 769 3688 Ernestio
782 3641 836 3689 lan·
882 3638 986 3684 imctum
1000 3635 1158 3696 jucunditatis
1172 3637 1302 3687 attondere.

325 3730 391 3779 guet.
410 3720 435 3766 J.
444 3721 476 3765 V.
486 3720 512 3764 L.
916 3715 941 3763 o.
961 3718 998 3763 De
1006 3715 1061 3762 vita
1073 3716 1197 3780 victuque.
1211 3718 1248 3764 De
1260 3716 1332 3764 rebus
1340 3717 1394 3780 qui-

364 3804 388 3849 i.
402 3796 483 3843 Mimo
496 3795 600 3844 latebit.
611 3795 694 3844 Totiea
707 3798 771 3845 enim
790 3794 836 3842 hac
880 3794 926 3843 bus
934 3795 1040 3859 populus
1049 3810 1110 3842 rom.
1121 3795 1193 3843 alitur
1199 3807 1225 3843 et
1235 3806 1390 3844 sustentatur.

328 3877 354 3921 in
366 3876 475 3921 oratione
485 3877 585 3923 Verrem
602 3875 631 3922 ad
646 3876 753 3923 calculos
765 3890 836 3920 reto·
918 3891 941 3934 7.
965 3877 1113 3929 Decumano.
1135 3875 1211 3937 Quod
1229 3891 1260 3923 cx
1283 3875 1391 3921 decumis

327 3952 381 4008 cat,
395 3964 444 3998 tam
458 3952 586 4017 diligenter
598 3954 630 4002 cd
642 3954 835 4017 computationes
880 3952 1015 4017 colligitur,
1033 3969 1088 4016 quae
1101 3964 1157 4000 aunt
1169 3953 1259 4000 decima
1275 3969 1330 4016 pars
1343 3953 1391 3999 sru-

328 4032 366 4080 rel
379 4032 548 4079 minutissimas
561 4032 686 4083 descendit
696 4042 780 4079 orator
790 4067 797 4091 ‚
808 4042 835 4079 ut
879 4048 949 4095 gum,
971 4048 1043 4097 qum
1065 4032 1125 4098 reip.
1143 4032 1249 4097 pendere
1267 4031 1391 4080 debebant
