3148 4780
433 418 488 488 IN
510 418 723 487 VERREM
747 417 852 485 Act.
877 418 934 503 11,
959 419 1052 488 LIB.
1078 422 1120 488 V.
1226 427 1298 523 429

234 539 282 611 ad
307 540 384 611 haec
409 539 544 637 cogitas
568 534 813 635 respondere?
834 560 922 608 num
945 540 1090 610 mentiri
1108 544 1189 615 me?
1209 569 1299 619 num

227 649 371 747 fingere
393 647 554 746 aliquid?
575 671 665 718 num
688 670 818 744 angere
840 646 1001 717 crimen?
1018 673 1108 719 num
1125 652 1213 746 quid
1235 655 1300 726 ho·

234 787 317 833 rum
337 761 456 833 dicere
473 759 550 831 istis
567 755 818 830 defensoribus
840 757 911 828 tuis
930 756 1060 829 audes?
1080 760 1177 832 Cedo
1191 763 1298 854 mihi,

234 897 377 970 queso,
399 897 444 943 ex
463 871 575 968 ipsius
597 870 702 940 sinu²
727 868 846 938 literas
865 873 1186 964 Syracusanorum,
1210 899 1300 970 quas

235 984 300 1053 iste
317 981 360 1053 ad
375 979 563 1053 arbitrium
580 1004 686 1051 suurn
701 976 882 1049 confectas
895 1002 971 1049 esse
985 978 1196 1071 arbitratur3
1211 985 1299 1055 cedo

235 1094 410 1163 rationem
427 1091 598 1174 carceris,
614 1113 694 1185 quae
706 1087 978 1187 diligentissime
991 1087 1200 1175 conficitur,
1224 1119 1299 1192 quo

233 1200 389 1298 quisque
408 1199 467 1270 die
491 1198 596 1269 datus
618 1201 656 1267 in
681 1198 899 1285 custodiam,
921 1223 997 1295 quo
1022 1216 1204 1292 mortuus,
1223 1229 1299 1303 quo

233 1326 381 1382 necatus
399 1313 456 1380 sit.
480 1311 621 1380 Liseus
639 1313 964 1380 Srnsonssrsoanrs.

280 1421 418 1492 Videtis
441 1421 535 1492 cives
558 1428 730 1491 romanos
756 1425 931 1517 gregatim
954 1421 1138 1517 conjectos
1159 1426 1198 1494 in
1218 1425 1297 1499 lau·

234 1531 385 1618 tumias3
401 1527 528 1598 videtis
539 1528 788 1624 indignissimo
804 1531 842 1600 in
854 1531 936 1602 loco
950 1548 1195 1604 coacervatam
1210 1538 1299 1608 mui-
1320 1548 1324 1557 '

234 1636 426 1709 titudinem
441 1651 644 1709 vestrorum
660 1638 803 1708 civium.
823 1640 981 1727 Quaerite
999 1665 1099 1712 nunc
1114 1646 1260 1741 vestigia
1270 1642 1298 1735 ³,

234 1746 368 1845 quibus
386 1749 502 1820 exitus
519 1746 662 1818 illorum
679 1773 724 1819 ex
741 1746 805 1818 itlo
825 1748 906 1818 loeo
929 1767 1182 1847 compareant:
1201 1754 1299 1825 nulia

234 1873 327 1929 sunt.
348 1863 533 1929 Omnesne
554 1856 736 1929 mortuis?
755 1859 792 1929 Si
811 1861 861 1928 ita
876 1872 998 1954 posset
1011 1857 1223 1951 defendere,
1245 1878 1298 1934 ta·

233 1991 319 2040 men
343 1967 433 2039 fides
457 1968 541 2041 huic
564 1965 766 2040 defensioni
790 1992 867 2039 non
893 1967 1099 2041 haberetur.
1122 1970 1192 2041 Sed
1211 1976 1298 2044 scri·

233 2095 338 2178 ptum
360 2092 474 2150 exstat
495 2083 533 2149 in
554 2079 682 2150 iisdem
704 2078 837 2163 literis,
862 2076 964 2173 quod
987 2081 1054 2148 iste
1079 2078 1191 2150 homo
1213 2079 1298 2153 bar·
1374 2166 1378 2171 .

232 2187 343 2258 barus
360 2212 402 2259 ac
418 2187 613 2260 dissolutus
633 2210 752 2284 neque
773 2184 959 2256 attendere
973 2210 1166 2282 umquam,
1179 2215 1298 2287 neque

232 2293 432 2391 intelligere
460 2295 608 2392 potuit:
636 2287 821 2370 titudinem
831 2287 859 2378 ⁵,
886 2291 1023 2387 inquit,
1054 2306 1095 2361 ut
1118 2295 1227 2365 Siculi
1249 2297 1298 2367 Io·

233 2419 415 2502 quunmrr
426 2404 497 2474 hoc
513 2418 586 2491 est,
604 2404 781 2503 supplicio
800 2399 917 2473 affecti
933 2425 974 2472 ae
990 2404 1106 2473 necati
1120 2419 1214 2476 sunt.

280 2517 405 2584 LVIII.
431 2513 467 2584 si
493 2517 574 2609 quis
594 2538 678 2601 rex,
702 2514 732 2584 si
754 2536 827 2610 qua
844 2512 968 2582 civitas
987 2526 1191 2584 exterarum
1210 2541 1297 2614 gen·

233 2626 342 2711 tium,
361 2624 391 2693 si
408 2648 481 2720 qua
496 2626 595 2695 natio
612 2620 754 2695 fecisset
765 2620 902 2719 aliquid
919 2623 957 2692 in
973 2623 1088 2695 civem
1102 2649 1297 2700 romanum

269 2866 294 2897 s.
305 2851 347 2897 Ex
358 2849 433 2915 ἱρήια
445 2851 507 2901 unu.
517 2852 548 2901 Id
558 2864 610 2913 est,
619 2869 679 2917 qnss
690 2854 742 2918 ipss
784 2849 973 2905 licetiudoetus3
980 2849 1104 2898 brentam
1112 2854 1213 2901 omnino
1220 2856 1296 2907 rudis.

233 2943 322 2991 magno
331 2930 446 2989 iestimm
457 2947 558 2995 quarem
570 2932 742 2997 exemplnmiu
793 2942 796 2956 '
821 2930 845 2979 5.
861 2918 1024 2980 titutionem.
1043 2931 1081 2977 nx
1093 2929 1161 2978 verbi
1174 2931 1246 2993 hujus
1258 2935 1297 2982 in·

233 3008 302 3069 sinu,
315 3006 342 3054 id
355 3020 391 3056 est
400 3040 408 3066 ‚
422 3009 530 3057 studiose
538 3011 662 3069 custodit,
674 3012 743 3074 qussi
785 3007 959 3072 terpretstione
968 3023 1036 3071 spem
1043 3008 1114 3055 Verri
1123 3011 1236 3074 precidit
1244 3028 1298 3061 οη.

234 3085 534 3150 multumsibiprofuturae
544 3089 740 3150 siutinjudicio.
787 3098 842 3146 tor,
865 3101 938 3149 quam
961 3086 1006 3134 iste
1029 3086 1134 3136 babebat
1157 3090 1183 3137 in
1208 3091 1298 3140 tubulis

233 3166 280 3213 Eas
304 3165 384 3214 iiterss
407 3168 552 3230 Syracusani
577 3167 609 3215 sd
633 3179 742 3217 senatum
786 3168 1003 3230 Syracusanorum.
1016 3167 1201 3216 Defendebutse
1210 3173 1298 3219 Verres

233 3244 361 3303 miserunt,
373 3244 462 3309 quibus
475 3244 506 3292 de
516 3246 598 3294 Verris
607 3248 743 3311 integritare
786 3260 818 3292 ex
830 3260 875 3304 eo,
891 3244 958 3309 qnod
974 3247 1000 3291 in
1014 3245 1108 3294 ratione
1123 3250 1225 3297 carceris
1235 3252 1296 3298 seri-

233 3333 258 3372 et
283 3323 427 3373 abstinemis
448 3321 644 3375 testificarentur.
667 3327 743 3376 Simul
786 3333 855 3386 ptum
864 3318 1298 3393 erat,idomiduooet,quodinterpre·

233 3402 386 3451 etismiubis
397 3402 474 3451 literis
484 3403 514 3451 ds
523 3419 607 3452 eorum
616 3406 743 3471 suppliciis
786 3401 899 3465 tabutas,
928 3404 1048 3468 supplicio
1069 3404 1156 3470 offecti⁴
1175 3419 1237 3456 suut.
1260 3411 1298 3456 Aa

232 3484 277 3547 qui
288 3483 316 3530 in
327 3482 450 3531 lautumiis
463 3484 541 3531 neosti
552 3484 661 3543 fueraut,
671 3485 744 3533 tutio·
785 3483 891 3546 proinde
904 3483 1043 3547 inquiebat,
1056 3500 1175 3533 sermore
1189 3486 1296 3546 dimissi,

231 3579 289 3611 nem
300 3562 442 3611 reddebant.
461 3564 553 3610 Humsu
566 3563 689 3628 exemplar
700 3564 743 3613 bu·
785 3575 885 3624 uesper
897 3578 935 3609 me
948 3563 1027 3609 necati
1040 3573 1106 3610 sunt.
1121 3565 1154 3610 At
1167 3562 1241 3610 horno
1254 3581 1297 3628 ps-

231 3641 410 3691 buIsseVerres
418 3641 592 3689 existimandus
600 3653 646 3690 est.
786 3655 841 3688 rum
849 3640 944 3687 subtilis
952 3650 977 3688 et
990 3641 1169 3704 graecaeIIuguoe
1178 3656 1206 3687 sc
1216 3642 1297 3691 sieuloe

268 3721 293 3769 3,
312 3719 429 3785 Vestigia,
450 3719 546 3768 Alluffit
565 3732 648 3769 orator
663 3720 694 3770 gd
709 3722 743 3769 fg.
787 3716 884 3764 dialecii
896 3718 963 3766 mdis
977 3719 1071 3766 emblt
1084 3719 1111 3764 In
1124 3716 1298 3781 tignffimfiotte

232 3798 315 3847 bulum
327 3798 407 3847 leonis
419 3798 488 3846 senio
497 3799 603 3847 consecti
616 3810 640 3847 et
653 3801 743 3866 vulpis,
788 3796 870 3855 verbi,
882 3798 951 3861 qnasi
967 3796 1032 3844 idem
1047 3808 1124 3856 esset,
1142 3813 1171 3845 sc
1188 3792 1299 3849 idemm-

233 3878 264 3927 ds
273 3895 322 3942 qus
333 3879 463 3939 Horatius,
473 3880 545 3944 epist.
556 3882 582 3937 1,
597 3895 619 3938 ι,
631 3882 670 3942 73.
787 3875 867 3933 θησαν,
882 3891 958 3938 quum
973 3876 1050 3923 tonus
1062 3876 1148 3924 rariori
1160 3878 1192 3924 sit
1200 3893 1214 3925 s
1223 3879 1298 3928 verbo

268 3966 296 4013 4.
311 3957 409 4006 norm.
422 3959 511 4011 norro
524 3958 744 4008 meinamma
788 3946 1295 4023 tuto‚⁸uppna0me0.vunr.gm.

233 4049 372 4082 carcere-
378 4037 408 4082 In
419 4034 504 4082 iisdem
511 4033 595 4083 literis.
605 4038 634 4083 In
643 4037 745 4100 ratione,
787 4032 863 4082 locut.
877 4035 963 4096 Itaque
973 4044 1024 4081 tota
1034 4034 1117 4082 Verris
1130 4034 1238 4085 defensio
1251 4038 1297 4085 bse

236 4127 277 4158 sen
292 4112 380 4162 tabuiis
391 4116 501 4165 exarserit,
509 4115 681 4164 -Bartams
695 4118 745 4165 Sei.
788 4112 987 4177 interpretatione
996 4114 1117 4163 evertitur.
