3148 4780
369 401 425 469 IN
449 400 662 468 VERREM
688 399 995 484 ac'f.11,Llss.
1020 398 1063 466 V.
1173 396 1239 468 361

175 519 293 591 literis
308 523 383 591 suis
399 524 613 618 pepercisse.
630 521 699 593 Sed
712 518 765 592 si6
777 534 991 617 argumento
1006 536 1077 608 est,
1091 524 1245 593 Mamer·

175 633 277 700 tinos
298 631 474 728 pecunias
500 630 566 701 tibi
590 655 667 700 non
690 628 845 715 dedisse,
869 631 954 726 qnia
973 632 1146 726 scriptum
1169 656 1244 702 non

176 737 338 826 habent,
357 742 403 810 sit
428 754 664 835 argumento,
690 737 756 809 tibi
780 739 888 835 gratis
912 752 1077 809 constare
1099 760 1246 821 navem,

176 852 282 945 qnia,
302 847 393 946 quid
407 850 557 949 emeris,
576 862 639 919 aut
656 848 744 946 quid
762 847 951 937 locaveriS,
967 851 1142 944 scriptum
1159 871 1244 944 pro-

128 974 134 987 ·
177 955 276 1029 ferre
295 982 372 1029 non
391 972 505 1055 potes.

225 1071 274 1137 At
303 1070 398 1138 enim
429 1065 590 1138 idcirco⁷
623 1091 752 1137 navem
782 1067 1006 1138 Mamertinis
1030 1091 1105 1137 non
1131 1067 1246 1164 impe·

175 1176 285 1263 rasti,
307 1174 409 1272 quod
425 1189 511 1246 sunt
526 1174 699 1248 foederati.
724 1179 783 1247 Dii
804 1172 1053 1275 approbent⁸t
1069 1174 1246 1246 habemns

175 1284 364 1356 hominem
388 1286 426 1355 in
446 1285 658 1357 Fetialium⁹
684 1286 851 1357 manibus
872 1284 1085 1373 educatnm3
1109 1309 1246 1374 unum,

177 1410 311 1491 praeter
344 1409 504 1483 ceteros,
537 1399 574 1465 in
610 1394 765 1491 publicis
797 1394 1033 1492 religionibus
1067 1393 1245 1466 foederum

180 1516 391 1574 sanctnm¹⁰
413 1518 450 1575 et
473 1502 693 1599 diligentem.
724 1509 881 1590 Omnes,
904 1506 967 1601 qui
992 1518 1075 1576 ante
1097 1518 1132 1575 te
1154 1529 1245 1604 prae-

181 1627 281 1682 tores
302 1610 468 1698 fuerunt,
494 1612 710 1683 dedantnr¹¹
735 1616 976 1701 Mamertinis,
996 1614 1097 1711 quod
1118 1618 1161 1686 iis
1182 1641 1247 1687 na·

181 1742 265 1790 vem
283 1716 626 1818 contrapactionem
644 1720 791 1794 foederis
802 1724 1021 1820 imperarint.
1037 1724 1109 1797 Sed
1125 1740 1244 1797 tamen

179 1842 245 1912 tu,
274 1844 395 1901 sancte
427 1829 539 1901 bomo
565 1855 606 1902 ae
632 1831 821 1928 religiose,
850 1857 915 1904 cur
943 1836 1246 1907 Taurominitanis

179 1939 266 2008 item
282 1935 466 2011 foederatis
480 1964 608 2011 navem
623 1942 829 2038 imperasti?
842 1947 899 2013 An
913 1943 984 2015 hoc
999 1942 1189 2041 probabis,
1207 1948 1245 2015 in

178 2072 282 2144 aequa
303 2071 408 2120 causa
429 2049 671 2148 populorum,
693 2053 771 2122 sine
793 2056 911 2150 pretio
927 2065 957 2097 ¹²
980 2057 1118 2123 varium
1136 2054 1196 2148 jus
1209 2069 1247 2124 et

178 2156 359 2256 disparem
374 2159 620 2232 conditionem
641 2159 776 2232 fuisse?
793 2161 913 2250 Quid?
926 2164 956 2232 si
974 2162 1153 2255 ejusmodi
1169 2187 1245 2235 esse

178 2267 255 2340 haec
272 2268 346 2341 duo
360 2268 496 2344 foedera
515 2269 673 2343 duorum
687 2271 927 2369 populorum,
941 2271 1099 2367 judices,
1113 2270 1243 2359 doceo,

177 2455 324 2518 quodiatum
330 2456 690 2505 dicitamicioremMamertinia
769 2458 795 2506 ⁸.
809 2457 853 2505 Dii
861 2459 1002 2522 approbent.
1013 2458 1105 2507 Modus
1112 2458 1243 2523 loquendi,

177 2533 346 2599 fuiaee,qnam
354 2535 451 2599 populo
465 2534 691 2600 romano—Ejus
732 2535 867 2585 laudationi
886 2538 1036 2597 inser-viem
1061 2537 1104 2586 red
1119 2538 1162 2586 bio
1179 2556 1244 2587 mera

177 2613 263 2678 eapr'tr'.
280 2613 311 2662 td
327 2624 382 2674 eet,
398 2613 504 2662 noluisse
520 2613 652 2677 quidquam
663 2615 690 2661 in
732 2616 871 2675 iromaeat,
890 2617 960 2680 quari
977 2618 1068 2665 factum
1082 2618 1166 2666 Verris
1183 2619 1245 2680 ejur-

178 2689 272 2739 tabnlaa
286 2709 340 2740 ruas
357 2693 463 2757 referre,
479 2692 547 2757 quod
560 2693 632 2741 Verri
645 2708 690 2740 no·
733 2694 801 2741 modi
809 2695 854 2753 ait,
866 2705 916 2742 uta
928 2695 975 2743 dila
986 2710 1101 2760 umquam
1112 2697 1244 2761 approbari

180 2783 336 2833 cerepoeeer.
733 2783 816 2837 quent.

215 2848 241 2894 6.
254 2848 303 2895 Sed
312 2849 342 2898 sr'.
354 2852 432 2913 Urget
443 2852 544 2899 Verrem
558 2862 640 2900 orator
652 2867 690 2899 ar·
769 2868 796 2913 9.
812 2853 843 2898 In
858 2849 994 2897 Ferrirliurn.
1008 2853 1085 2900 Joeur
1102 2850 1128 2897 in
1143 2852 1244 2899 Verrem

179 2936 311 2988 gamenare,
327 2926 395 2992 qnod
408 2940 499 2977 vome
510 2930 548 2977 ad
560 2929 689 2978 tomam,
733 2922 764 2970 ab
777 2920 861 2970 officio
876 2920 1020 2978 aetatium,
1032 2937 1135 2984 quornm
1146 2932 1196 2968 erat
1205 2922 1243 2969 in·

178 3030 215 3041 ...
229 3004 293 3066 Quia
306 3005 369 3069 quid
383 3007 480 3065 mn),
500 3018 547 3056 etc,
564 3009 651 3057 Emer,
665 3019 691 3056 οι
734 3012 771 3048 ter
787 3012 884 3061 cetera,
902 3010 930 3046 nt
950 3015 980 3046 ne
992 3000 1081 3062 armis,
1101 3011 1143 3049 aut
1155 3001 1243 3061 injuria

179 3082 261 3130 nam
272 3084 298 3131 n
315 3083 365 3131 noc
379 3084 497 3131 amum
514 3086 689 3150 aperiero,
733 3079 819 3142 quavi·
832 3078 893 3136 alia,
904 3076 1027 3126 sedente
1045 3077 1154 3127 civitate·
1166 3078 1244 3127 viola-

179 3161 248 3226 quod
257 3162 349 3227 emptio
362 3162 408 3224 eit,
418 3178 494 3226 quum
505 3164 594 3210 artifex
602 3175 627 3211 et
639 3178 690 3212 rem
733 3166 826 3205 rentur·

180 3251 205 3287 et
216 3256 314 3305 operam
325 3239 430 3306 praeben
441 3240 691 3304 tonumquumani·
772 3259 811 3292 ro.
824 3246 947 3291 Sanctum.
957 3243 986 3291 ld
1004 3255 1051 3303 eat,
1074 3243 1203 3308 diligenter
1219 3258 1244 3296 et

178 3317 218 3366 fici
229 3319 537 3382 materiaaubminietratur,
548 3320 600 3384 ipae
611 3320 690 3369 aulum
732 3323 874 3387 incorrupte
896 3333 1031 3371 servantem
1054 3323 1160 3382 federa,
1188 3341 1242 3388 quar

178 3414 245 3448 auam
254 3399 346 3463 prebet
355 3415 461 3465 operam.
469 3400 627 3465 -Seriptnm
632 3417 690 3464 pro·
732 3401 829 3465 publica
839 3404 994 3459 auctoritate,
1008 3402 1055 3451 diis
1068 3403 1244 3453 testibuaadhi·

169 3476 249 3543 ferre.
271 3479 329 3527 Moe
349 3491 400 3527 erat
420 3490 448 3527 ut
467 3477 557 3543 singuli
575 3480 690 3542 patresfa-
731 3480 802 3545 bitis,
812 3484 964 3531 nncinntur.

177 3559 256 3607 miliae
276 3560 358 3608 omnia
378 3571 404 3608 et
425 3576 530 3625 expensa
548 3571 572 3608 et
590 3570 689 3625 accepta
770 3576 810 3608 11.
824 3561 960 3610 Dedanrnr.
978 3562 1187 3626 Appoaite3nam
1200 3560 1243 3608 de·

177 3638 204 3686 in
213 3638 306 3687 tabulae
314 3641 444 3698 referrent,
454 3650 528 3703 atque
537 3637 688 3688 exiirfidem
733 3638 790 3686 dere
801 3649 837 3687 eet
851 3640 950 3688 verbum
964 3638 1096 3687 Fetialibne
1113 3640 1245 3697 usitatum

178 3731 444 3781 expensarumanaram
454 3719 568 3766 facerent.
732 3720 811 3782 etqui
827 3732 913 3768 contra
926 3720 1016 3768 foedera
1030 3720 1153 3777 fecerant,
1170 3719 1203 3777 ii,
1215 3730 1244 3766 ut

214 3812 237 3857 7,
249 3800 282 3844 At
291 3797 356 3845 enim
367 3794 458 3845 ideirco
469 3813 555 3844 narem
563 3796 689 3845 Mamerti·
731 3798 841 3862 populo,
850 3801 921 3861 cuine
928 3798 1018 3846 forden
1029 3797 1160 3854 violarent,
1173 3796 1244 3845 ‹lede-

182 3874 227 3923 ιώ.
252 3876 335 3925 Altera
358 3876 491 3941 prolepsis,
512 3892 558 3940 qna
580 3886 689 3924 removet
732 3887 827 3939 rentur,
842 3876 935 3925 fetiales
948 3873 1113 3940 postulblrant.
1123 3877 1201 3924 Varro
1211 3876 1241 3923 de

180 3952 250 4001 aliam
269 3954 447 4014 defensionem,
459 3966 484 4004 et
505 3955 532 4002 in
548 3970 579 4002 eo
597 3955 688 4003 crimen
731 3956 788 4004 Vin
801 3957 890 4022 populi
901 3957 1010 4014 romani,
1024 3954 1068 4003 lib.
1080 3957 1126 4004 111.

179 4048 230 4079 ease
243 4034 372 4095 majestatie
385 4034 507 4095 ostendit,
521 4034 589 4097 qnod
601 4049 687 4083 narem
771 4050 812 4083 ιι.
826 4035 884 4085 Scire
894 4035 982 4098 pretio.
995 4036 1054 4085 Non
1068 4034 1123 4084 alata
1140 4034 1186 4084 tibi
1198 4052 1242 4100 pe·

177 4111 329 4160 Mamertinis
339 4116 427 4162 Verres
437 4113 562 4162 remiserit.
656 4156 659 4163 ,
732 4114 811 4163 cunia.
