3116 4774
369 406 426 477 IN
449 405 665 476 VERREM
688 406 797 475 ACT.
822 407 877 494 11,
902 405 994 475 LIB.
1019 406 1061 476 V.
1176 407 1243 492 ddi

188 525 233 598 sit
250 523 378 622 aliquis
401 530 438 598 in
467 526 579 598 literis
605 528 755 616 Gavius,
782 526 853 598 hoc
876 525 1032 623 fingere,
1060 540 1096 597 et
1118 526 1248 624 eligere

187 659 339 720 nomeu,
360 651 400 707 ut
420 636 520 707 hunc
533 636 633 707 illurn
651 660 726 709 esse
738 638 873 735 possim
887 636 1027 724 dicere3
1042 637 1105 708 sed
1121 662 1246 711 sccun-

187 743 276 815 dum
297 745 485 817 arbitrium
512 761 615 817 tuum
642 760 750 819 testes
777 746 892 835 dabo,
914 748 978 844 qui
998 747 1108 817 istum
1127 747 1247 846 ipsum

187 856 367 950 Syracusis
388 854 452 926 abs
471 871 507 928 te
526 858 564 926 in
581 855 771 928 lautumias
789 855 995 951 conjectum
1017 879 1094 926 esse
1115 852 1246 937 dicant.

187 965 385 1037 Producam
404 968 511 1038 etiem
532 969 712 1053 Cosanos,
730 967 932 1062 municipes
950 963 1046 1036 illius
1063 988 1105 1034 ac
1122 988 1248 1036 neces·

186 1075 313 1162 sarius,
331 1077 448 1173 quite
465 1074 575 1147 nunc*
586 1100 666 1148 sero
677 1083 707 1119 ¹²
725 1075 890 1162 doceant,
902 1074 1041 1168 judices
1057 1097 1131 1143 non
1149 1097 1246 1159 sero,

183 1180 286 1253 illum
300 1188 336 1256 P.
355 1188 523 1274 Gavium,
547 1210 657 1283 quem
682 1199 723 1256 tu
752 1186 790 1255 in
813 1207 958 1256 crucem
986 1184 1109 1280 egisti,
1132 1185 1246 1254 civem

183 1316 375 1363 romanum
388 1310 423 1366 et
438 1296 662 1394 municipem
676 1298 875 1384 Cosanum,
896 1319 971 1365 non
986 1293 1248 1391 speculatorem

183 1397 414 1497 fugitivorum
430 1402 557 1496 luisse.

232 1514 355 1583 LXIV.
371 1515 493 1603 Quum
510 1513 738 1600 haecomnia,
761 1538 842 1610 quae.
856 1514 1049 1610 polliceor,
1065 1512 1247 1597 cumulate

182 1618 255 1690 tuis
272 1626 463 1718 proximis¹
479 1623 587 1722 plana
603 1621 743 1709 fecero,
759 1636 838 1693 turn
855 1625 948 1693 istuc
959 1624 1077 1719 ipsum
1094 1621 1247 1710 tenebo,

149 1778 151 1783 ,
184 1729 286 1828 quod
306 1730 369 1804 abs
391 1747 427 1805 te
444 1733 534 1804 mihi
553 1733 703 1804 datur²z
724 1757 769 1803 eo
790 1746 1001 1804 contentum
1018 1756 1078 1802 me
1096 1757 1173 1805 esse
1191 1732 1246 1803 di·

184 1862 273 1912 cam.
291 1843 388 1932 Quid
402 1846 499 1915 enim
516 1838 657 1942 nuper³
674 1845 824 1940 tuipse,
841 1865 956 1938 quum
966 1842 1093 1939 populi
1109 1843 1247 1912 romani

182 1948 338 2023 clamore
366 1966 476 2048 atque
504 1953 642 2050 impetu
665 1951 895 2049 perturbatus
921 1951 1110 2038 exsiluisti,
1136 1949 1245 2047 quid,

181 2057 347 2154 inquam,
370 2061 544 2158 loquutus
567 2061 627 2132 es?
644 2060 770 2148 Illum,
792 2060 893 2158 quod
911 2085 1048 2130 moram
1068 2060 1245 2157 supplicio

182 2184 376 2264 quaereret,
398 2170 481 2242 ideo
508 2169 721 2256 clamitasse,
749 2194 787 2240 se
808 2194 885 2241 esse
903 2174 1016 2241 civem
1036 2193 1246 2259 romanum;
1306 2242 1312 2254 ,

167 2277 245 2348 ,3εά
267 2278 527 2377 speculatorem
558 2277 679 2350 firisse.
715 2284 792 2350 lam
819 2279 890 2349 mei
921 2292 1030 2350 testes
1054 2280 1128 2347 veri
1152 2293 1245 2349 sunt.

181 2386 279 2477 Quid
314 2391 411 2462 enim
439 2388 525 2460 dicit
553 2388 651 2460 aliud
685 2392 723 2460 C.
750 2386 999 2461 Numitorius?
1020 2384 1109 2484 quid
1135 2390 1184 2457 M.
1209 2402 1246 2459 et

180 2501 217 2568 Ρ.
240 2499 366 2583 Cottii,
391 2497 604 2570 nobilissimi
625 2497 811 2586 homines,
839 2523 885 2569 ex
909 2521 996 2595 agro
1018 2495 1245 2568 Tauromini·

180 2608 385 2705 tanolquid
401 2612 444 2699 Q.
459 2611 653 2699 Lucceius,
665 2609 729 2706 qui
743 2610 978 2705 argentariam
993 2605 1120 2702 Rhegii
1133 2606 1244 2675 maxi·

179 2739 275 2786 marn
309 2716 416 2790 lecit?
448 2719 538 2816 quid
571 2723 700 2792 ceteri?
728 2720 856 2792 Adhuc
880 2714 977 2791 enim
1001 2733 1109 2790 testes
1134 2743 1179 2788 ex
1200 2742 1245 2788 eo

180 2848 312 2921 genere
330 2853 350 2898 a
370 2854 428 2901 me
446 2846 532 2902 sunt
549 2830 639 2922 dati,
659 2857 734 2903 uon
755 2832 819 2929 qui
834 2832 974 2901 novisse
997 2828 1164 2915 Gavium,
1181 2825 1244 2897 sed

180 2938 299 3031 quise
317 2937 446 3011 vidisse
463 2940 642 3029 dicerent,
657 2967 770 3040 quum
786 2942 836 3028 is,
852 2942 915 3037 qui
937 2963 975 3008 sc
994 2942 1109 3008 civem
1126 2959 1243 3008 roma·

179 3067 268 3112 num
301 3070 377 3117 esse
403 3047 588 3136 clamaret,
621 3052 659 3121 in
698 3075 843 3122 crucem
873 3062 1048 3146 ageretur.
1079 3052 1156 3117 Hoc
1181 3062 1242 3135 tu,

178 3155 327 3242 Verres,
341 3156 552 3246 idemdicis;
571 3160 642 3232 hoc
654 3175 694 3232 tu
708 3158 891 3232 confiteris
908 3159 1009 3230 illum
1027 3159 1242 3244 clamitasse,

171 3287 217 3335 se
236 3266 348 3337 civem
372 3292 448 3339 esse
468 3293 678 3357 romanum,
700 3269 797 3368 apud
817 3284 852 3341 te
873 3294 1007 3340 nomen
1028 3269 1177 3339 civitatis
1198 3291 1244 3337 ne

107 3444 110 3448 .
178 3387 320 3447 tantum
342 3379 488 3476 quidem
512 3380 681 3469 valuisse,
711 3394 753 3451 ut
780 3379 1042 3452 dubitationem
1064 3379 1241 3475 aliquam,

177 3584 262 3618 corum
276 3573 389 3631 nomina,
403 3573 445 3637 qul
458 3575 485 3622 in
496 3574 624 3625 lautumias
634 3591 693 3627 oon·
735 3575 842 3636 vocam,
860 3586 885 3626 et
899 3576 930 3624 iia
947 3576 990 3641 qui
1010 3587 1035 3626 te
1049 3573 1119 3639 quati
1140 3571 1242 3639 proplt-

175 3639 234 3700 J'fflll
257 3654 331 3701 tunt,
355 3645 490 3710 pemrlptl
513 3647 612 3695 luerunt
634 3646 691 3695 ‘llll-
734 3672 809 3720 quum
817 3669 843 3707 et
852 3660 1010 3707 ducenarium
1019 3671 1089 3704 auum
1101 3650 1244 3709 detendunt,

108 3754 115 3771 r
177 3729 268 3782 flenter·
733 3738 777 3799 qui
790 3736 835 3784 tibi
847 3737 954 3785 assident
972 3738 998 3785 in
1011 3734 1142 3794 aubulliia3
1162 3732 1242 3796 quite

215 3813 255 3847 ra.
270 3802 303 3847 Te
318 3817 458 3851 nutrcem.
472 3805 554 3867 Quum
567 3805 598 3854 ad
612 3807 687 3856 vitam
731 3815 822 3864 circum
837 3815 1019 3865 familiarissime
1028 3823 1162 3864 versantur.

176 3879 285 3926 revocari
298 3880 388 3930 Gavius
405 3883 455 3943 iam
472 3899 523 3932 non
543 3885 629 3947 possit.
650 3911 687 3924 ·-·
766 3910 791 3944 n.
805 3896 879 3957 Quod
886 3895 931 3943 aba
947 3907 971 3942 te
991 3893 1051 3942 mitt
1063 3893 1147 3952 datur.
1164 3890 1238 3959 Quod

176 3955 274 4003 Iudices
291 3973 340 4005 nou
354 3976 415 4008 sero.
426 3962 492 4025 Quia
504 3963 614 4013 nondum
634 3982 686 4015 uu-
729 3973 855 4022 contemtu
875 3989 901 4021 a
922 3973 1026 4021 Gavium
1046 3971 1194 4030 clamitasse,
1211 3987 1238 4019 ιο

178 4034 275 4081 tentiam
289 4037 397 4087 tolerunt
407 4040 438 4089 de
451 4052 483 4090 te.
728 4054 807 4101 civem
819 4070 871 4102 ease
880 4069 1015 4102 romanum.

212 4113 301 4165 thv.
318 4132 342 4164 1.
360 4119 415 4167 rats
425 4123 554 4184 proximas
568 4124 627 4173 Tuia
640 4126 683 4174 ad·
764 4132 869 4197 3.de
875 4134 940 4183 enim
948 4148 1031 4198 nuper.
1042 4132 1126 4181 Priore
1134 4132 1239 4180 actione.
1344 4107 1348 4111 .
