3176 4770
383 426 439 500 in
463 425 1006 513 renuuntur.11,n1n
1031 429 1106 498 111.
1213 426 1277 526 157

218 545 332 621 lmnc⁸
351 546 543 619 hominum
561 546 741 618 licentiam
764 562 800 620 et
825 545 1011 620 libidinem
1029 573 1086 621 me
1104 547 1278 623 abducis?

218 674 255 730 et
276 662 312 730 in
330 668 446 757 quos⁹
466 657 600 755 aliquid
618 658 773 755 exempli
793 658 951 756 populus
972 684 1145 731 romanus
1164 665 1274 734 statui

218 784 324 867 putat
340 784 525 867 oportere,
541 768 587 840 ab
605 771 648 838 iis
663 782 704 839 tu
719 765 938 840 defensionis
950 770 1114 867 exempla
1129 772 1275 866 quaeris?

217 886 300 952 Non
318 879 417 978 lugio
435 904 482 952 ne
500 879 568 949 hos
581 876 729 975 quidem
742 888 921 965 mores¹⁰‚
941 873 1140 950 dummodo
1160 904 1205 950 ex
1220 880 1277 951 his

218 1014 277 1080 ea,
295 1016 376 1088 quae
395 991 526 1089 probat
546 988 706 1088 populus
726 1012 899 1061 romanus
921 988 1105 1086 exempla,
1125 1014 1201 1061 non
1217 1015 1278 1076 ea,

216 1125 298 1197 quae
314 1101 549 1188 condemnat,
569 1124 774 1197 sequamur.
786 1105 870 1171 Non
885 1101 1187 1198 circumspiciam,
1204 1110 1280 1173 non

215 1234 373 1306 quaeram
390 1209 530 1294 loris¹¹,
551 1210 667 1306 quum
690 1208 824 1281 habeas
841 1210 1005 1304 judices,
1026 1211 1208 1308 principes
1227 1214 1278 1284 ei·

215 1323 355 1407 vitatis,
379 1326 417 1392 P.
436 1320 680 1406 Serviliumn,
699 1321 743 1409 Q.
762 1320 931 1391 Catulum
944 1318 997 1390 ¹³:
1016 1323 1079 1417 qui
1098 1334 1197 1391 tanta
1213 1346 1279 1393 au-

215 1433 381 1503 ctoritate
397 1444 497 1527 sunt,
516 1431 623 1501 tantis
640 1426 751 1500 rebus
768 1433 897 1527 gestis,
917 1444 958 1500 ut
975 1428 1093 1500 inille
1110 1432 1277 1528 antiquo·

215 1562 299 1609 rum
328 1553 366 1609 et
391 1538 671 1609 clarissimorum
699 1537 913 1624 hominum,
941 1537 986 1609 de
1013 1537 1149 1636 quibus
1175 1556 1281 1613 antea

216 1648 312 1735 dixi,
329 1672 483 1719 numero
500 1662 736 1745 reponantur.
761 1649 935 1746 Exempla
952 1652 1164 1746 quaerimus,
1183 1666 1220 1722 et
1237 1676 1280 1725 ea

216 1782 292 1829 non
306 1758 473 1856 antiqua:
491 1756 603 1829 modo
617 1772 770 1855 uterque
784 1757 917 1829 horum
931 1763 1127 1831 exercitum
1140 1761 1278 1834 habuit.

215 1870 363 1959 Quum,
384 1869 569 1954 Hortensi,
592 1870 766 1965 quoniam
789 1882 827 1940 te
849 1871 1007 1941 recentia
1027 1870 1279 1968 exemplade·

216 1977 368 2067 lectant,
388 1977 479 2075 quid
504 1975 666 2049 fecerint.
693 1981 796 2048 Itane
820 1978 932 2050 verul
955 1977 1000 2066 Q.
1026 1978 1174 2051 Catulus
1199 1978 1276 2051 fru-

214 2101 340 2159 mento
361 2103 541 2177 estmoe,
564 2091 756 2185 pecuniam
780 2111 856 2158 non
884 2090 1020 2183 coegit3
1046 2093 1083 2159 P.
1108 2089 1279 2161 Servilius

212 2200 507 2295 quinquennium
530 2199 702 2268 exercitui
722 2219 843 2294 quum
868 2209 1054 2294 preesset,
1076 2208 1113 2266 et
1138 2198 1203 2267 ista
1219 2222 1275 2268 ra-

215 2309 315 2379 tione
345 2306 644 2378 innumerabilem
669 2305 861 2404 pecuniam
888 2301 1006 2374 facere
1035 2318 1176 2399 posset,
1202 2328 1279 2377 non

213 2418 341 2488 statuit
355 2415 424 2487 sibi
436 2414 637 2513 quidquam
655 2415 777 2502 licere,
790 2411 892 2511 quod
906 2438 981 2484 non
994 2428 1134 2511 patrem
1152 2438 1279 2503 suum,

215 2552 291 2598 non
313 2551 420 2598 avum
438 2530 484 2618 Q.
504 2525 690 2598 Metellum
702 2528 733 2577 ¹⁴
753 2522 869 2596 lacere
892 2522 1061 2595 vidisset:
1083 2528 1123 2596 C.
1148 2528 1278 2597 Verres

214 2641 432 2736 reperietur,
458 2638 546 2735 qui,
571 2633 674 2734 quod
706 2631 929 2733 expediat¹⁵‚
956 2631 1003 2704 id·
1023 2634 1130 2706 licere
1159 2633 1278 2707 dicat?

252 2880 329 2929 &Aa
336 2880 407 2931 hanc.
419 2884 506 2939 idat,
517 2880 591 2942 huius
598 2877 722 2945 temporis.
766 2879 863 2926 horos
882 2891 935 2924 ue
954 2874 1098 2938 debellatos,
1115 2876 1274 2942 nppellstun.

248 2975 278 3022 q.
290 2962 400 3024 Inuum.
410 2963 480 3025 Quos
488 2949 722 3025 merspunimdos,
766 2955 913 3005 conuulfuit
924 2955 1048 3014 tunultu
1057 2956 1205 3020 eundppio
1217 2958 1277 3007 Clo·

214 3039 247 3088 nd
260 3038 363 3086 ntem
372 3040 523 3104 exemplum,
537 3055 580 3087 scu
591 3037 723 3086 documen·
766 3032 817 3084 dio.
825 3036 863 3082 De
871 3034 960 3082 inuris
968 3033 1127 3098 triumphavit
1138 3050 1203 3082 anuo
1212 3037 1276 3099 ⁶7⁹·

215 3131 284 3177 tuum
296 3134 357 3183 901>-
369 3133 431 3167 νοω.
441 3128 513 3183 putet
524 3119 721 3182 oportere-In
765 3114 823 3163 ἮιΙ.
831 3113 876 3163 iili,
887 3115 972 3177 ¹2⁰¹P·
982 3126 1030 3173 ar,
1039 3123 1065 3161 et
1073 3111 1117 3161 lib.
1124 3115 1220 3178 V‚osp.
1231 3115 1275 3164 all.

215 3216 275 3265 quos
282 3197 395 3264 ampla
403 3197 499 3263 quatis.
506 3195 645 3259 Exuecepti
650 3196 723 3259 signi·
803 3195 844 3241 13.
858 3197 888 3259 Q.
900 3193 1019 3242 arulum.
1025 3191 1112 3240 Filium
1124 3192 1177 3253 ejus
1188 3192 1218 3241 de
1227 3208 1277 3257 quo

214 3277 328 3328 flectione
341 3276 456 3326 vocabuli
466 3275 586 3323 centuria
597 3275 723 3323 centuriis
765 3274 877 3338 proxime
894 3272 1010 3320 diximus.
1035 3270 1128 3320 Gonni
1148 3272 1196 3320 suit
1218 3288 1275 3321 eun

214 3359 340 3425 opposuit.
354 3357 416 3405 Nam
428 3355 565 3419 exemplum
581 3352 683 3412 dicitur,
698 3363 723 3401 et
765 3351 859 3418 lapido
879 3368 945 3400 nuno
964 3350 1026 3412 075.
1047 3352 1122 3399 Auno
1145 3353 1274 3415 aquati,

213 3438 281 3502 quod
291 3436 449 3495 imitandum,
462 3446 488 3484 et
500 3434 569 3500 quod
580 3431 722 3498 metendum
765 3432 867 3481 Catulus
878 3430 990 3480 eumdem
1000 3429 1118 3494 lepidum
1130 3431 1214 3494 petrin
1222 3431 1277 3480 bel·

212 3529 256 3566 ert.
266 3520 357 3567 Graves
367 3518 431 3566 enim
445 3530 537 3580 poenoe,
547 3530 603 3579 quae
619 3522 721 3578 ponunt
764 3510 817 3561 lum
830 3512 920 3560 mitris
935 3511 1077 3559 molientem
1090 3509 1189 3560 devicit.

213 3599 299 3646 uatem
308 3597 455 3647 documento
464 3611 516 3644 este
523 3610 554 3642 ua
564 3593 719 3658 delinquent,
803 3598 843 3647 ιι.
865 3594 897 3656 Q.
913 3591 1043 3639 neudum.
1066 3588 1271 3648 nno-duntona,

212 3676 325 3741 exempla
338 3675 463 3723 donatur.
764 3669 859 3718 sentin
866 3684 939 3718 avum
951 3677 1095 3716 metemum.

250 3772 289 3806 ιο.
304 3756 343 3804 Ne
356 3755 401 3803 dus
420 3752 516 3820 quidem
529 3767 616 3801 mores.
631 3752 719 3802 Cone·
803 3747 845 3795 ιδ.
856 3747 931 3812 Quod
939 3745 1062 3811 expediat.
1071 3743 1212 3793 Commodi·
1225 3747 1274 3795 mie

210 3838 272 3886 ctio.
290 3835 344 3884 Nee
365 3833 491 3898 pruenti·
510 3833 582 3880 atim
602 3831 717 3897 temporis
763 3825 956 3875 mmmmm
970 3821 1279 3886 upeupntiumesrhl.

212 3912 322 3979 exempla
335 3911 461 3961 recumbe.
763 3903 968 3961 enimdvertere,
982 3917 1031 3964 qm
1043 3902 1069 3948 vi
1081 3916 1110 3949 sc
1118 3900 1275 3966 uinquam,

250 4010 291 4043 rr.
304 3994 359 4041 Non
371 3988 563 4057 qroemmson‘u
573 3989 645 4038 lxm
653 3989 720 4037 huuc
763 3984 903 4034 cbuvlaum
909 3982 958 4048 jam
968 3990 1007 4029 tot
1014 3979 1267 4044 mmmm

212 4071 476 4135 mumjudlcun.
762 4060 1080 4128 hemmerannum·
1090 4059 1276 4112 mundio·

252 4167 293 4200 m.
315 4154 342 4201 Ρ.
366 4149 498 4200 Servilium.
522 4148 670 4207 Isauricum,
686 4144 719 4194 ub
763 4145 894 4193 undatione
905 4142 1001 4192 obruet.
