3054 4772
357 430 428 501 tiro
669 424 939 497 EXCURSUS
964 428 1102 499 XXVI.

355 548 450 615 video
469 550 505 611 in
524 546 678 610 hocloco
698 569 774 640 essct
790 545 1003 624 difficultatis,
1022 566 1080 614 aut
1097 549 1207 615 mendi
1225 574 1234 616 :
1254 551 1321 617 nisi
1337 542 1423 621 forte

353 656 388 718 in
406 674 486 718 voce
499 654 623 731 ceteris,
639 671 700 738 pro
715 673 781 738 qua
800 651 874 714 libri
890 672 1050 718 manuscr.
1069 653 1206 736 habent,
1220 669 1254 718 et
1266 680 1309 719 ea
1322 659 1395 722 teris
1409 684 1422 721 :

354 781 416 849 ego
444 776 552 822 tamen
576 757 699 821 interea
719 759 827 820 cetero
850 757 974 822 retineo
993 774 1026 823 et
1046 759 1161 848 probo.
1178 760 1289 825 Verba
1312 776 1420 829 autem

354 865 406 929 ills
428 863 614 953 superiora,
627 862 807 949 «Perspicis
826 862 891 926 hoc
912 862 993 926 nihil
1009 885 1078 928 esse
1089 895 1119 946 »,
1137 864 1201 929 hoc
1216 865 1420 955 significant,

353 971 511 1059 Perspicis
527 983 635 1033 ratum
649 986 716 1032 non
731 969 897 1050 futurum,
912 991 1020 1058 neque
1032 956 1210 1059 ipuidquam
1223 973 1420 1055 valiturum,

354 1080 381 1142 si
409 1076 551 1165 populus
572 1075 721 1157 jusserit,
751 1090 823 1157 aut,
846 1096 898 1140 me
922 1090 1018 1140 tuum
1044 1099 1174 1187 servum
1193 1100 1280 1163 esse,
1308 1097 1368 1145 aut
1391 1097 1420 1145 te

353 1206 475 1249 meum.
492 1183 594 1246 Ltus.

397 1290 549 1377 Perspicis
561 1285 708 1350 nonnihil
713 1308 793 1364 asse,
805 1290 1014 1367 minensis,
1027 1309 1101 1376 puoe
1109 1291 1256 1373 rogavit?
1267 1288 1419 1356 Primum.

349 1392 450 1458 Valde
464 1391 619 1457 mendose
635 1391 752 1479 legitur
768 1394 802 1452 in
818 1391 909 1456 libris
922 1393 1116 1457 Victorianis
1129 1393 1263 1484 aliisque
1278 1397 1419 1486 impres·

350 1501 420 1565 sis:
439 1500 553 1579 etism,
568 1513 610 1567 nt
627 1511 773 1576 teststur,
792 1494 826 1562 in
845 1499 982 1588 scriptis.
1003 1499 1046 1563 Hi
1069 1500 1177 1564 minus
1196 1520 1271 1565 meo
1294 1502 1420 1582 judicio

351 1603 532 1692 depravati,
546 1602 578 1664 in
593 1600 714 1688 quibus
728 1619 856 1668 tantum
870 1624 930 1691 pro
946 1614 982 1667 ut
993 1604 1066 1692 lego
1080 1618 1132 1685 at,
1148 1604 1195 1669 sic
1211 1629 1219 1670 :
1236 1636 1250 1660 ι
1260 1606 1419 1696 Perspitis

350 1711 414 1773 hoo
429 1708 510 1771 nihil
527 1706 619 1773 esse?
635 1711 680 1772 At
695 1710 729 1773 in
746 1711 877 1792 ceteris,
895 1731 967 1796 quse
980 1710 1125 1799 rogarit?
1141 1710 1310 1794 Primum,
1330 1718 1417 1779 etc.-

348 1814 500 1879 Proxime
512 1816 604 1902 qussi
620 1813 803 1894 objecerat:
818 1818 882 1879 «At
897 1815 984 1878 enim
1001 1815 1088 1879 Sulla
1105 1815 1208 1904 legem
1225 1816 1345 1882 tulit?-
1357 1841 1420 1906 qna

347 1921 469 1985 scilicet
477 1919 828 2009 municipiiscivitatem
837 1920 967 2001 ademit,
980 1936 1018 1985 ut
1028 1938 1076 1986 est
1085 1922 1120 1984 in
1130 1936 1211 1987 orat.
1224 1944 1285 2011 pro
1295 1926 1418 1990 Domo.

349 2028 411 2091 Hic
424 2026 520 2091 simili
535 2041 603 2090 arte
612 2026 826 2113 occupatione
840 2026 944 2089 utitur
954 2027 1069 2091 alterat
1080 2056 1093 2082 ι
1103 2027 1185 2091 Atio
1196 2028 1327 2110 ceteris,
1342 2053 1420 2116 quae

348 2134 511 2224 ingavit=3
527 2133 647 2220 quibus
663 2132 784 2198 scilicet
799 2131 927 2196 libertas
944 2152 1011 2196 non
1026 2131 1189 2216 adimitur,
1206 2165 1219 2191 ι
1229 2132 1306 2221 quid
1315 2156 1417 2223 roga·

345 2258 418 2305 tum
435 2261 502 2303 non
517 2239 588 2304 esti
599 2269 613 2295 ι
627 2237 661 2303 id
680 2256 745 2322 est,
761 2254 799 2305 ut
807 2255 894 2303 recte
904 2253 952 2302 est
964 2238 1213 2328 interpretatum
1229 2240 1263 2303 in
1277 2239 1418 2322 Glossis,

350 2356 471 2427 arpotis,
496 2361 534 2408 ut
554 2344 668 2408 Cicero
692 2345 922 2432 interpretatur
943 2343 997 2408 hic
1019 2342 1193 2425 «jussum,
1215 2362 1337 2423 rutum,
1361 2342 1417 2410 fir·

348 2555 525 2619 rectissimo
541 2552 710 2640 responsio
732 2554 883 2643 incipita
906 2554 1007 2618 verbo
1019 2557 1178 2643 primum,
1199 2554 1258 2619 ubi
1280 2554 1419 2621 docetur

348 2660 472 2741 multis,
489 2675 528 2722 ut
539 2674 615 2723 ratss
626 2659 749 2725 fuerint
761 2662 829 2728 slis
843 2658 940 2725 Sullae
950 2662 1036 2751 leges
1046 2682 1178 2744 omncs,
1192 2662 1277 2727 hanc
1290 2679 1417 2745 tamen,

349 2790 413 2854 qun
434 2765 594 2830 civitatem
618 2766 803 2855 municipiis
825 2765 963 2847 ademit,
990 2784 1092 2832 ratam
1119 2786 1189 2833 esse
1211 2790 1280 2833 non
1304 2791 1411 2858 posse.

349 2872 385 2936 Ρ.
406 2874 526 2936 Fssru.

395 2978 439 3043 Ut
449 2980 483 3041 in
500 2979 603 3041 ceteris
611 2997 684 3064 quce
698 2977 828 3063 rogavit.
840 2976 875 3040 P.
886 2976 1010 3042 Victor.
1024 2977 1141 3061 hsbet,
1157 3009 1170 3035 ι
1180 2996 1213 3044 et
1227 2978 1417 3062 fateris,sed

350 3083 406 3171 qui
430 3083 590 3170 primum,
609 3095 669 3144 etc.
682 3111 695 3135 ι·
711 3080 848 3168 Propius
864 3080 905 3145 ad
923 3081 1004 3148 MSS
1022 3098 1054 3148 et
1068 3099 1191 3149 veteres
1209 3084 1281 3150 edd.
1301 3117 1314 3142 ι
1327 3101 1359 3150 et
1379 3107 1417 3149 ea

350 3190 425 3252 teris
442 3210 514 3275 quoe
529 3186 615 3251 inter
630 3188 775 3274 primum
790 3218 812 3254 ι.
832 3188 933 3253 Guvr.

392 3294 430 3355 In
450 3292 571 3355 Erfurt.
588 3290 703 3355 Franc.
720 3290 771 3356 ed.
792 3293 886 3381 prim.
903 3293 1032 3383 legitur,
1047 3311 1085 3359 ut
1099 3296 1258 3360 Gruterus
1277 3311 1310 3359 et
1328 3298 1412 3362 Hot-

348 3416 492 3462 tomann.
505 3397 540 3460 in
554 3396 621 3462 suis
629 3412 827 3484 repererunt.
840 3399 953 3481 Quum
964 3399 998 3465 id
1008 3400 1115 3488 primo
1125 3399 1415 3489 deprehendissem

348 3507 381 3568 in
404 3502 601 3584 Erfurtensi,
625 3526 692 3566 non
716 3503 863 3591 inspecto
886 3505 1043 3589 Grutero,
1068 3507 1177 3571 statim
1202 3507 1415 3586 conjiciebam

347 3608 522 3700 legendnm
536 3630 623 3685 esse,
638 3622 677 3671 ut
693 3607 793 3673 edidit
805 3610 987 3692 Victorius,
1000 3626 1031 3676 et
1031 3610 1161 3700 fateris.
1176 3613 1262 3677 Nam
1276 3612 1309 3675 io
1326 3628 1418 3675 rete·

348 3718 439 3781 ribus
450 3714 559 3796 libris,
573 3712 633 3801 qui
644 3711 828 3793 majusculis
839 3715 941 3779 literis
955 3716 1066 3806 scripti
1082 3733 1176 3800 sunt,
1190 3718 1254 3782 fuit
1264 3734 1418 3781 rsrnurs:

347 3844 445 3909 quam
462 3820 553 3884 facile
569 3818 677 3907 potuit
692 3818 733 3883 ab
749 3819 908 3885 oscitante
922 3820 1054 3887 librario
1073 3823 1100 3887 F
1118 3824 1238 3886 mutari
1255 3823 1288 3886 iu
1302 3821 1347 3905 E3
1362 3820 1419 3886 ilis
1486 3878 1487 3887 ,

346 3949 421 4012 quoe
436 3928 578 4014 rogavit,
594 3923 685 3991 unde
699 3924 887 4013 irrepserint
903 3927 938 3990 in
954 3925 1131 4010 mineum,
1149 3927 1298 3991 nondum
1320 3928 1419 4015 potui

345 4031 568 4117 pervestigare.
580 4028 716 4094 Videtur
731 4031 856 4117 aliquis,
873 4030 1090 4120 quumfatsris
1102 4048 1266 4097 mutatum
1281 4048 1369 4097 esset
1385 4030 1420 4096 in

342 4138 380 4198 s‘n
391 4138 515 4213 ceterr's,
533 4154 575 4197 ne
590 4135 678 4199 nulls
692 4135 790 4213 hujus
810 4136 873 4201 loci
894 4154 979 4202 osset
993 4139 1152 4206 sententia
1161 4130 1177 4222 ,⁵
1190 4136 1422 4228 adscripsisse,
