3116 4774
333 421 403 509 488
644 425 693 492 Μ.
717 424 756 491 Τ.
783 421 1076 494 CICERONIS

331 557 440 631 runt,
460 541 549 613 nihil
568 557 755 640 praeterea,
774 544 873 640 quod
891 543 935 614 ad
952 558 1110 614 vestrum
1122 540 1297 638 judicium
1310 567 1390 642 per-

332 655 472 724 tineret.
498 653 649 724 Decimo
677 678 764 724 vero
788 652 870 722 loco
897 653 995 722 testis
1020 666 1266 748 exspectatus,
1285 669 1320 725 et
1340 653 1388 725 ad

333 777 534 835 extremum
555 777 774 850 reservatus,
795 762 901 849 dixit,
919 776 1063 834 senator
1084 763 1210 859 populi
1228 766 1388 850 romani,

332 871 503 969 splendor
522 872 676 961 ordinis,
700 871 810 944 decus
832 887 940 968 atque
963 886 1215 942 ornamentum
1233 871 1390 966 judicio·

331 1007 432 1070 rum,
454 982 637 1079 exemplar
662 984 818 1079 antiquae
837 980 1038 1078 religionis,
1060 981 1299 1053 Fidiculanius
1315 982 1390 1054 Fal·

332 1092 436 1164 cula:
458 1092 522 1188 qui
549 1116 662 1187 quum
689 1092 738 1160 ita
766 1091 962 1162 vehemens
983 1115 1137 1188 acerque
1157 1094 1330 1180 uenisset,
1348 1108 1389 1164 ut

330 1228 405 1274 non
427 1199 536 1271 modo
557 1204 733 1272 Caecinam
753 1199 915 1297 perjurio
936 1223 1003 1271 suo
1024 1200 1188 1286 laederet,
1202 1201 1267 1272 sed
1282 1204 1388 1273 etiam

330 1312 418 1382 mihi
441 1310 626 1382 videretur
648 1312 767 1398 irasci3
789 1311 838 1379 ita
860 1333 943 1381 eum
969 1308 1148 1407 placidum
1172 1309 1389 1408 mollemque
1432 1354 1445 1371 .

329 1420 487 1507 reddidi,
501 1436 542 1489 ut
556 1443 630 1489 non
647 1419 815 1509 auderet,
830 1419 923 1490 sicut
938 1420 1166 1505 meministis,
1187 1424 1317 1491 iterum
1335 1420 1388 1491 di-

330 1555 428 1617 cere,
445 1543 537 1625 quot
551 1527 809 1619 milliafundus
823 1552 909 1600 suus
927 1528 1086 1600 abesset⁷
1104 1528 1151 1600 ab
1171 1529 1280 1600 Urbe.
1298 1534 1388 1603 Nam

331 1664 444 1735 quum
459 1637 623 1729 dixisset,
642 1642 764 1712 minus
778 1638 902 1711 abesse
923 1636 1021 1723 uur⁸,
1043 1638 1201 1737 populus
1218 1664 1299 1711 cum
1315 1643 1388 1710 risu

330 1747 555 1837 acclamavit,
570 1753 646 1848 ipsa
660 1774 745 1822 esse.
763 1753 1003 1821 Meminerant
1016 1752 1111 1821 enim
1124 1774 1269 1836 omnes,
1284 1776 1389 1847 quan

331 1873 407 1929 tum
430 1859 469 1927 in
492 1857 645 1930 Albiano
664 1859 827 1956 judicio⁹
844 1861 1049 1957 accepisset.
1067 1865 1110 1931 ln
1128 1883 1211 1930 eum
1229 1860 1316 1956 quid
1333 1860 1388 1931 di-

331 1992 427 2054 cam,
445 1971 513 2039 nisi
534 1967 589 2056 id,
605 1969 705 2066 quod
719 1992 849 2065 negare
863 1993 940 2039 non
953 1968 1089 2067 possit?
1100 1969 1240 2039 venisse
1252 1969 1288 2037 in
1301 1992 1389 2038 con-

330 2077 449 2149 silium
469 2077 622 2177 publica
642 2079 864 2176 questionis,
885 2101 1000 2175 quum
1020 2078 1099 2173 ejus
1121 2075 1259 2148 consilii
1277 2074 1389 2170 judex

330 2214 405 2260 non
418 2204 529 2277 esset3
544 2203 580 2260 et
593 2190 629 2259 in
647 2214 691 2260 eo
706 2188 874 2277 consilio,
892 2210 1005 2284 quum
1024 2209 1167 2257 causam
1186 2210 1261 2256 non
1275 2184 1390 2257 audis·

330 2312 401 2382 set,
416 2313 452 2368 et
465 2312 622 2395 potestas
640 2312 732 2369 esset
745 2295 959 2395 ampliandi,
975 2295 1121 2383 dixisse,
1135 2320 1202 2366 suu
1218 2320 1388 2384 ironeam
1489 2340 1494 2345 -
1540 2374 1541 2381 ἵ

331 2406 419 2478 dum
443 2409 624 2501 incognita
646 2429 686 2475 re
709 2405 870 2499 judicare
893 2406 1084 2491 voluisset,
1110 2404 1276 2477 maluisse
1304 2428 1390 2477 con·

329 2515 520 2598 demnare‚
537 2536 646 2609 quam
665 2511 872 2606 absolvere3
889 2540 1024 2613 quum,
1046 2518 1076 2590 si
1097 2540 1174 2587 uno
1198 2518 1317 2587 miuus
1330 2516 1392 2587 da-.

328 2720 411 2766 Homo
427 2713 583 2765 conlidens.-
595 2718 643 2766 Sed
655 2717 837 2787 nr'ger‚opiuor,
879 2718 959 2767 culam
980 2717 1109 2784 accepisse.
1127 2744 1163 2756 ·-
1181 2716 1310 2769 nubtum
1328 2715 1386 2775 laic,

328 2796 655 2861 exbistriouis,quemillas
669 2810 749 2863 partes
762 2815 835 2862 agen·
878 2797 976 2859 adjutus
1003 2796 1182 2846 commentariis
1208 2797 1390 2855 Bounimai,

326 2892 374 2928 tem
395 2877 507 2941 viderat,
527 2879 610 2929 colore
629 2880 714 2930 dixit:
741 2880 834 2928 tametsi
878 2892 1004 2924 numerum
1021 2887 1115 2934 mutat,
1138 2874 1182 2923 sed
1206 2887 1291 2924 eontra
1315 2876 1390 2940 ipsius
1492 2912 1498 2921 .

320 2958 485 3023 improbitatis
502 2975 600 3024 quoque
615 2971 783 3026 argumentum
797 2961 834 3006 vi-
877 2957 1039 3005 Ilottomanni
1067 2957 1230 3014 sententiam,
1256 2966 1280 3003 et
1308 2970 1391 3003 omnes

322 3038 374 3085 desi
391 3039 439 3086 hoc
464 3038 552 3088 voluit.
579 3039 712 3089 Athenaeus
734 3038 833 3103 quidem
879 3034 1224 3099 MSSeditoaqne‚equibus
1241 3034 1303 3084 Pell.
1318 3033 1390 3081 ambo
1491 3100 1494 3105 Ι

327 3115 391 3163 libro
401 3117 437 3161 vt
446 3120 630 3182 Δειπνοσοφιςῶν
636 3153 644 3176 ,
657 3120 728 3167 verba
737 3118 837 3183 parasiti
880 3127 905 3164 et
917 3117 993 3164 editIo
1005 3114 1148 3180 primigenia
1161 3126 1273 3174 serrant,
1288 3137 1301 3156 ι
1311 3114 1393 3162 minua

327 3193 452 3253 cniusdam
459 3195 564 3256 profert,
574 3212 605 3243 ex
612 3197 701 3260 quibus
707 3198 837 3246 existimari
880 3195 969 3244 habere
982 3197 1039 3243 LIII
1051 3216 1072 3241 ι.
1087 3195 1171 3242 Geor.

326 3281 408 3336 potest
423 3271 498 3318 moris
516 3272 601 3332 luisse,
616 3286 645 3322 ut
662 3277 726 3339 nigri
739 3277 838 3340 parasiti
918 3291 945 3337 9.
964 3277 994 3322 In
1008 3270 1115 3322 Albiano
1129 3270 1233 3337 judicio.
1250 3273 1280 3319 In
1296 3269 1390 3333 iudicio

328 3351 460 3398 luscenam
468 3350 669 3413 producerentur.
682 3356 748 3402 Gau.
882 3354 952 3403 Statii
973 3353 1070 3401 Albiani
1093 3350 1241 3416 Oppianici,
1264 3367 1334 3414 quem
1356 3351 1389 3396 Α.

365 3445 389 3493 7.
399 3428 505 3475 'Francius
518 3445 574 3476 suus
587 3431 687 3479 abesset.
701 3433 838 3495 Interroga·
881 3432 1006 3481 Cluentius
1012 3428 1122 3479 veneficii
1129 3429 1389 3477 accusabatllorrora.

327 3517 396 3557 verat
410 3508 494 3558 Cicero
506 3507 554 3554 ltoc
569 3509 655 3567 modo,
671 3521 700 3558 ut
714 3509 838 3559 videretur
881 3537 916 3547 -
929 3509 1027 3556 Verrr'sse
1037 3509 1062 3556 in
1074 3506 1199 3557 consilium
1205 3506 1312 3572 publica
1322 3522 1392 3571 qure-

327 3604 446 3655 quaerm,
463 3603 494 3635 an
508 3587 599 3635 fundus
613 3587 716 3637 Falcula
726 3599 787 3637 esset
802 3589 838 3636 vi·
880 3586 972 3636 ationis
987 3590 1016 3635 In
1031 3602 1169 3636 consessum
1180 3586 1292 3647 iudicum
1305 3587 1335 3633 de
1347 3603 1391 3633 ve-

328 3667 483 3716 cinusfundo
494 3679 665 3728 controverso,
680 3680 745 3716 etex
756 3684 837 3716 remo·
882 3664 963 3714 nelicii
981 3666 1128 3730 cognitione.
1146 3664 1342 3723 consiliamur
1357 3664 1392 3712 ait

328 3750 396 3797 tione
416 3748 466 3797 loei
488 3764 543 3795 eum
567 3758 707 3812 coargueret
727 3745 837 3814 perjurii.
881 3745 1047 3810 Theophilus,
1064 3739 1183 3813 συνέδριον
1198 3743 1311 3810 φανιρὸν;
1326 3743 1392 3793 unde

329 3828 429 3874 Passus.
882 3824 948 3889 apud
960 3824 1084 3872 Valerium
1094 3824 1126 3870 D.
1136 3824 1165 3872 C.
1178 3825 1204 3871 S.
1217 3823 1347 3887 exponitur
1360 3821 1391 3869 de

365 3907 389 3952 8.
403 3902 483 3953 Minus
491 3907 576 3955 abesse
585 3908 655 3954 Lm.
665 3904 773 3955 Subaudi
778 3920 838 3968 pas·
881 3903 977 3955 consilii
990 3902 1115 3952 sententia.
1129 3928 1165 3938 -
1179 3902 1258 3964 Quum
1272 3900 1323 3965 ejus
1334 3917 1392 3947 eon·

328 3996 397 4028 snum
416 3984 537 4032 millibus:
549 3996 573 4032 et
591 3996 690 4049 apparet
705 3984 754 4032 lroc
771 3982 838 4030 dieto
881 3980 1019 4044 ailir'judex
1032 3996 1083 4027 nors
1097 3990 1163 4029 esset.
1176 3980 1259 4043 Quum
1272 3977 1392 4042 exipsius

328 4058 462 4120 significare
477 4061 584 4109 Tullium
603 4072 641 4109 tot
658 4062 732 4109 mlllia
750 4071 837 4106 sester-
883 4059 979 4107 decuria
994 4059 1090 4121 judices
1105 4076 1135 4108 eo
1152 4072 1263 4125 tempore
1280 4074 1330 4108 non
1348 4058 1392 4107 du·

329 4139 406 4198 dura,
420 4152 467 4201 pro
489 4141 568 4201 predo
586 4139 768 4201 corruptionis,
787 4137 839 4184 Fal·
882 4148 974 4185 rentur.
992 4140 1093 4186 Passus.
