3200 4768
360 422 426 516 ¹94
687 380 1093 487 incensurum·

389 540 527 621 repetita,
541 535 697 616 legentium
710 537 822 594 animos
838 550 922 595 tantae
938 537 1031 596 laudis
1044 537 1246 600 recordatione
1258 542 1331 602 mire
1344 543 1410 604 affi-

387 638 444 708 cit,
459 647 488 693 et
503 632 719 711 comparatione
734 633 808 690 lacta
820 633 988 712 utriusque,
1002 646 1081 692 tanto
1093 635 1293 699 vehementius
1307 639 1408 700 odium

389 736 419 793 in
439 736 560 790 Verrem
579 729 753 801 inflammat,
777 742 886 807 quanto
908 728 1002 807 major
1019 732 1147 804 exsistit,
1175 734 1262 810 hujus
1281 749 1312 794 et
1332 736 1410 796 illius

387 829 549 891 studiorum
573 824 786 885 dissimilitudo.
810 828 858 887 Sic
880 825 932 885 ubi
953 826 1094 887 sublatam
1107 832 1269 907 Segestanis
1285 833 1408 893 Dianam

386 925 524 997 narravit,
535 936 564 981 et
573 921 712 1000 dejectam
726 921 813 980 subse
826 922 912 980 etiam
921 920 1014 981 basim
1023 923 1162 997 ostendit,
1176 926 1207 983 in
1222 933 1323 1005 quaP.
1332 930 1409 988 Afri·

384 1021 451 1084 rani
476 1039 582 1079 nomen
599 1018 846 1108 lueratoinoisum,
865 1019 1040 1079 luculentam
1053 1039 1229 1101 gravemque
1243 1023 1325 1084 ducit
1338 1026 1409 1086 inde

385 1116 651 1199 amplificationem
663 1115 759 1194 primo
772 1120 831 1173 aP.
840 1115 993 1188 Africano,
1005 1116 1088 1195 cujus
1100 1134 1319 1180 monumentum
1332 1123 1408 1181 loede

384 1218 523 1276 violatum
537 1212 592 1271 fuit
606 1224 636 1270 et
647 1211 790 1284 excisum,
803 1210 908 1269 deinde
922 1231 941 1271 a
956 1215 987 1270 P.
1002 1213 1155 1292 Scipione,
1178 1215 1263 1294 hujus
1278 1229 1405 1294 nepote,

382 1315 434 1393 qui
443 1310 608 1371 domesticae
618 1305 712 1367 laudis
725 1308 887 1385 transfuga,
898 1309 1057 1387 satagentis
1070 1310 1182 1370 hostem
1193 1311 1407 1373 infestissimum

383 1408 628 1489 spoliatoremquc
640 1403 784 1478 delendit3
796 1403 923 1482 denique
932 1425 950 1464 a
958 1425 1182 1486 persona,quum
1195 1428 1226 1469 se
1235 1414 1267 1467 P.
1275 1409 1407 1469 Africani

385 1514 641 1569 monumentorum
661 1500 841 1562 defensorem
859 1521 894 1561 ac
909 1518 1155 1583 propugnatorem
1168 1506 1330 1584 profitetur.
1344 1510 1407 1565 Hac
1533 1527 1538 1533 ’

384 1604 509 1681 denique
519 1599 651 1661 oratione
659 1598 760 1658 Vertis
772 1597 964 1659 adumbratur
976 1600 1087 1660 insania
1099 1615 1129 1660 et
1143 1601 1279 1674 morbus,
1292 1615 1326 1663 ut
1339 1623 1406 1662 eum

383 1717 534 1778 agnoscas,
557 1695 610 1775 qui
622 1706 723 1773 postea
742 1695 921 1773 proscriptus
940 1694 978 1754 nb
992 1698 1123 1757 Antonio
1142 1700 1244 1776 procul
1267 1719 1285 1758 a
1304 1700 1407 1779 patriis
1466 1684 1470 1689 ⁴

382 1797 454 1855 locis
465 1792 637 1854 occumbere
647 1790 780 1850 maluerit
790 1833 799 1863 ,
809 1810 897 1868 quam
909 1791 1022 1871 signum
1034 1792 1073 1852 ab
1088 1794 1139 1853 illo
1155 1794 1340 1856 vehementer
1353 1816 1406 1856 ex-

382 1893 505 1972 petitum
515 1886 683 1949 concedere.

422 1988 504 2049 Sicut
519 1986 549 2043 in
561 1981 734 2063 precedenti
746 1984 886 2054 oratione,
898 1983 1011 2044 Tullius
1016 1985 1103 2044 Verri
1116 1985 1312 2045 defensionem
1326 1987 1407 2046 affin·
1524 2018 1526 2023 ·

381 2085 433 2163 git,
439 2101 526 2162 quam
537 2100 614 2140 nunc
622 2078 733 2156 jocosa,
740 2098 817 2137 nune
827 2081 902 2139 seria
911 2081 1045 2140 oratione
1053 2081 1192 2142 confutat
1201 2082 1404 2161 Falso,inquit,

380 2180 499 2258 objiciet
512 2175 701 2248 Hortensius,
721 2188 751 2233 et
764 2174 870 2234 frustra
884 2176 1057 2252 contendet,
1080 2190 1124 2237 tot
1138 2178 1188 2237 illa
1201 2177 1306 2237 sicilia
1319 2197 1405 2237 orna-

379 2290 491 2349 menta,
506 2286 603 2354 empta
618 2291 680 2331 esse
693 2269 730 2330 de
744 2270 862 2343 Siculis,
875 2291 934 2329 non
946 2269 1054 2331 ablata.
1073 2274 1203 2333 Primum
1218 2273 1297 2352 quod
1313 2275 1405 2353 magi-

379 2371 517 2434 stratibus
532 2369 634 2449 populi
649 2368 762 2427 romani
775 2367 848 2426 nibil
868 2367 899 2425 in
920 2386 973 2427 sua
988 2370 1138 2447 pruvincia
1159 2371 1282 2430 mercari
1303 2371 1406 2441 liceat,

382 2468 488 2528 deinde
500 2465 581 2545 quod
594 2469 702 2525 Verres
715 2482 750 2521 ea
764 2483 819 2542 per
829 2475 1001 2542 potestatem
1015 2465 1176 2540 abstulerit,
1183 2487 1276 2545 eoque
1287 2468 1407 2527 solverit

381 2563 491 2643 pretio,
506 2561 530 2619 si
544 2572 638 2619 tamen
654 2558 778 2637 pretium
790 2572 834 2617 est
846 2559 988 2629 solumm,
1000 2573 1033 2619 ut
1044 2561 1136 2620 nihilo
1148 2563 1261 2640 turpius
1277 2563 1406 2621 lauturus

382 2661 491 2731 luisset,
506 2657 531 2716 si
546 2654 641 2735 palam
654 2666 742 2732 atque
753 2668 852 2731 aperte
864 2674 899 2712 ea
914 2654 1091 2734 diripuisset.
1105 2658 1210 2719 Statim
1231 2656 1269 2717 ab
1283 2657 1405 2717 introitu

381 2755 521 2818 orationis
533 2773 568 2813 ea
577 2749 775 2830 conglobatim
786 2767 1004 2830 proponuntur,
1018 2773 1083 2831 quae
1093 2753 1258 2830 singulatim
1267 2753 1405 2833 deinceps

261 2916 265 2923 ³
381 2863 481 2911 orator
495 2854 772 2909 commemoraturus
784 2854 837 2903 est
859 2845 1056 2904 attentionem
1074 2845 1130 2905 sibi
1146 2836 1295 2917 conciliat,
1314 2867 1405 2925 quum

383 2947 564 3007 demonstrat
577 2961 608 3000 sc
625 2959 744 3019 magna,
755 2958 848 3012 nova,
861 2939 1042 3001 incredibilia
1056 2941 1220 3015 dicturum,
1235 2962 1301 3022 quse
1314 2962 1405 3022 quum

381 3043 419 3103 ad
428 3058 568 3103 summam
584 3036 764 3116 reipublice,
775 3049 835 3095 tum
847 3035 885 3095 ad
897 3037 969 3098 deos
982 3037 1159 3101 immortales
1172 3041 1346 3120 pertineant.

741 3261 1007 3337 SYNOPSIS.

343 3445 434 3511 Nullo
453 3445 503 3505 bic
521 3441 642 3502 exordio
668 3443 761 3504 utitur
778 3457 896 3517 orator3
918 3443 968 3505 sed
992 3446 1103 3515 statim,
1127 3461 1159 3505 ut
1179 3447 1293 3526 judiees
1315 3468 1404 3528 genus

383 3547 479 3624 ipsum
490 3551 681 3619 cognoscant,
694 3553 779 3618 negat
791 3540 822 3599 in
836 3541 933 3600 Sicilia
946 3539 1036 3597 ullum
1050 3555 1219 3618 argenteum
1231 3565 1299 3619 vas,
1313 3547 1405 3606 ullum

382 3639 564 3703 Corinthium
576 3648 628 3695 aut
639 3637 786 3696 Deliacum
802 3637 909 3709 luisse,
929 3637 1017 3695 ullam
1032 3657 1191 3716 gemmam,
1202 3655 1253 3700 aut
1266 3645 1406 3721 margari-

383 3754 458 3813 tam,
469 3733 629 3815 quidquam
637 3752 675 3791 cx
687 3753 760 3792 auro
769 3745 820 3793 aut
830 3732 919 3791 ebore
925 3732 1042 3807 lactum,
1051 3730 1166 3815 signum
1180 3737 1270 3794 ullum
1280 3756 1403 3807 aeneurn,

382 3850 595 3902 marmoreum,
620 3826 795 3901 eburneuni,
826 3828 913 3887 ullam
942 3829 1086 3908 picturam
1110 3852 1206 3912 neque
1232 3831 1262 3889 in
1290 3830 1405 3906 tabula,

384 3950 479 4008 neque
493 3929 525 3988 in
540 3926 633 3988 textili
645 3926 749 3999 tutu,
759 3924 829 4001 quin
842 3926 1044 4004 conquisierit,
1057 3927 1234 4008 inspexerit,
1246 3926 1326 4004 quod
1340 3929 1406 4007 pla-

383 4027 473 4084 citum
486 4024 538 4095 sit,
553 4023 724 4091 abstulerit,
745 4039 811 4098 cap.
829 4043 855 4081 1.
1215 4010 1222 4020 ’

441 4123 581 4181 Masona
602 4116 675 4195 (etsi
691 4116 837 4179 civitatem
857 4122 1096 4183 blamertinorum
1115 4120 1262 4202 praecipue
1285 4119 1405 4201 diligere
