3186 4772
329 432 398 505 338
641 424 689 493 Μ.
716 422 755 490 Τ.
782 414 1071 490 CICERONIS

326 563 393 628 ista
410 554 550 623 ratione
567 571 576 613 t
595 557 658 614 tua
678 563 809 638 sequar
826 534 977 632 judicia3
996 547 1097 604 tuam
1114 529 1307 604 defendam
1322 556 1387 607 au-

327 667 552 744 ctoritatem,
572 650 693 752 quoad
723 665 763 721 tu
787 647 897 718 voles.
929 643 1042 715 Simul
1066 665 1107 713 ac
1129 656 1208 713 tute
1235 645 1388 739 coeperis

327 790 391 846 tua
421 767 556 866 judicia
583 757 812 844 rescindere,
841 754 931 826 mihi
964 775 1174 825 succensere
1205 751 1388 824 desinito:

325 906 409 955 meo
431 883 529 952 enim
553 868 656 970 jure⁵
679 867 916 954 contendam,
944 889 1048 952 eum,
1075 864 1141 959 qui
1164 887 1231 934 suo
1252 860 1389 958 judicio

325 991 589 1066 condemnatus
614 985 678 1069 sit,
702 980 906 1076 juratorum
930 974 1095 1072 judicum
1116 973 1303 1044 sententiis
1328 971 1390 1043 da·

325 1102 443 1175 mnari
459 1107 641 1195 oportere.

375 1215 458 1281 Nou
480 1199 671 1276 defendam
690 1195 872 1295 Apollonii
892 1215 1052 1279 causam,
1075 1190 1179 1261 amici
1197 1203 1308 1286 atque
1323 1189 1392 1259 ho·

325 1323 427 1421 spitis
441 1318 532 1403 mei,
552 1338 599 1383 ne
615 1325 719 1381 tuum
736 1306 912 1402 judicium
924 1301 1048 1373 ridear
1063 1298 1282 1387 rescindere;
1303 1297 1407 1403 nihil¹

327 1432 373 1503 de
385 1426 542 1500 hominis
557 1419 777 1517 frugalitate,
789 1416 940 1502 virtute,
955 1410 1138 1507 diligentia
1150 1407 1264 1478 dicam
1277 1435 1286 1497 3
1306 1431 1394 1505 prae·

327 1540 523 1613 termittam
552 1529 642 1602 illud
668 1529 796 1614 etiam,
824 1522 869 1594 de
897 1545 972 1619 quo
988 1532 1099 1597 antea
1118 1518 1209 1604 dixi,
1231 1513 1393 1586 fortunas

328 1652 405 1746 ejus
422 1651 473 1717 ita
489 1645 702 1715 constitutas
719 1635 849 1721 fuisse,
872 1631 1022 1717 familia,
1042 1651 1192 1726 pecore,
1208 1626 1317 1712 villis,
1334 1649 1396 1723 pe-

327 1758 445 1833 cuniis
461 1753 622 1836 creditis,
647 1765 688 1820 ut
704 1747 841 1818 nemini
862 1745 981 1812 minus
1001 1739 1204 1835 expediret,
1220 1736 1335 1808 ullum
1357 1736 1395 1805 in

328 1866 445 1940 Sicilia
463 1861 661 1934 tumultum
682 1870 744 1926 aut
763 1852 901 1924 bellum
927 1849 1165 1935 commoveri3
1183 1871 1258 1916 non
1279 1846 1397 1916 dicam

328 2004 376 2050 ne
389 1973 479 2047 illud
492 1969 660 2070 quidem,
675 1968 704 2038 si
717 1964 871 2033 maxime
882 1960 920 2029 in
932 1958 1037 2056 culpa
1047 1955 1155 2029 suerit
1166 1956 1397 2054 Apollonius,

329 2105 449 2161 tamen
464 2086 504 2154 in
519 2079 706 2151 hominem
725 2069 1035 2152 honestissimum,
1054 2067 1206 2137 civitatis
1223 2064 1399 2134 honestis·

330 2204 443 2281 simae,
463 2209 537 2264 tam
564 2191 719 2287 graviter
744 2179 1000 2287 animadverti,
1024 2201 1130 2247 causa
1153 2174 1305 2261 indicta,
1320 2197 1399 2244 non

331 2307 545 2407 oportuisse.
564 2297 706 2369 Nullam
720 2291 892 2364 invidiam
908 2289 945 2357 in
962 2301 1016 2374 te,
1038 2310 1086 2357 ne
1100 2310 1144 2356 ex
1164 2285 1234 2355 illis
1252 2274 1401 2381 quidem

332 2410 467 2491 rebus⁶
488 2407 698 2492 concitabo,
716 2422 830 2499 quum
851 2413 944 2472 esset
964 2397 1045 2468 talis
1058 2400 1114 2467 vir
1130 2398 1168 2467 in
1181 2420 1344 2483 carcere,
1362 2397 1402 2465 in

332 2522 511 2603 tenebris,
533 2520 572 2586 in
587 2514 753 2610 squalore
782 2513 847 2598 ,in
867 2506 1054 2591 sordibus,
1075 2506 1270 2603 tyrannicis
1288 2507 1402 2574 inter-

335 2633 439 2705 dictis
465 2627 556 2711 tuis,
592 2624 685 2720 putri
708 2634 830 2719 exacta
855 2632 976 2704 aetate,
1003 2631 1040 2687 et
1061 2615 1277 2688 adolescenti
1303 2611 1399 2697 filio,

336 2737 495 2815 adeundi
513 2734 559 2806 ad
574 2732 676 2802 illum
693 2729 863 2800 miserum
881 2740 1096 2823 potestatem
1111 2746 1310 2820 numquam
1324 2745 1403 2794 esse

339 2853 469 2925 factam
484 2875 492 2918 ι
506 2846 612 2918 etiam
622 2839 713 2913 illud
726 2834 937 2937 praeterib0,
953 2837 1252 2933 quotiescumque
1265 2838 1403 2905 Panor-

340 2987 441 3036 mum
458 2958 598 3029 veneris
612 2952 790 3044 illoanno
811 2963 846 3020 et
862 2972 921 3019 sex
938 2947 1122 3020 mensibus
1138 2948 1151 3034 (
1166 2972 1250 3019 nam
1265 2942 1403 3017 tamdiu

342 3073 410 3144 fuit
429 3072 628 3139 incarcere
648 3056 905 3160 Apollonius),
924 3059 1030 3130 toties
1044 3056 1088 3128 ad
1107 3072 1142 3128 te
1161 3071 1326 3128 senatum
1343 3062 1402 3128 Pa-

343 3181 589 3254 normitanum
598 3171 713 3242 adisse
721 3168 1012 3266 supplicemcum
1021 3164 1286 3264 magistratibus
1293 3191 1405 3238 sacer·

346 3364 486 3415 absolutum
499 3358 662 3408 dimieieti.—
670 3352 749 3401 Simul
759 3367 791 3399 ae
804 3361 855 3398 tute
897 3344 1003 3410 probum
1012 3353 1076 3392 certe
1089 3341 1152 3390 illud
1160 3340 1364 3407 judicumque
1374 3356 1405 3390 ,χ

344 3442 445 3511 eoeperit
465 3453 509 3489 neo
518 3437 617 3506 judicia
632 3431 779 3489 rescindere,
795 3430 856 3479 mihi
897 3425 990 3486 eoip„
1003 3420 1213 3470 mummi·

345 3537 484 3577 succensere
507 3517 622 3566 desinite.
646 3515 791 3561 Succeneere
813 3509 855 3558 de-
933 3502 957 3547 6.
970 3499 1405 3564 Neattloqaeeqmeqmm

347 3608 415 3666 eine,
427 3602 448 3650 ei
460 3613 548 3660 nempe
560 3602 633 3653 te,et
645 3600 711 3638 tunm
723 3590 855 3637 auetorita-
899 3581 928 3626 lu
949 3576 1038 3640 quibus
1056 3577 1154 3625 notabit
1173 3578 1285 3626 offlam
1307 3580 1407 3626 comi,

347 3697 396 3735 tem
407 3696 458 3730 non
472 3673 585 3725 delendo.
899 3655 1025 3704 „1250”ss
1042 3669 1098 3719 erg,
1124 3656 1286 3720 Apollonium
1306 3658 1408 3707 mimi

386 3765 411 3811 5·
430 3761 485 3807 Μω
503 3740 567 3802 ’Μ
581 3750 646 3815 sm·
659 3746 700 3796 Act
711 3743 856 3794 ’ΝΜ
900 3732 1212 3798 reumplifieuionem,nb
1222 3735 1409 3797 adjunctum.

349 3829 733 3906 persommmereferam,etpro
741 3825 857 3886 neojur-e
900 3813 1015 3879 globatio,
1036 3812 1159 3879 dignm,
1174 3814 1410 3879 Apollonio-100.

350 3914 510 3972 eomendem,
528 3908 638 3958 damnari
656 3915 769 3971 oportere
787 3917 857 3961 eum,
901 3894 949 3952 rie,
962 3893 1111 3942 crudelium
1128 3894 1225 3953 vm,
1247 3895 1367 3959 „pabit
1384 3906 1410 3943 a

350 3996 393 4060 qui
405 4010 449 4043 sno
455 3982 858 4054 judecioeondemnanmitmttuo
900 3973 1031 4038 impietatis
1043 3974 1070 4021 in
1082 3973 1272 4022 condemnandis
1284 3975 1410 4037 mgtm.

348 4084 401 4122 lffl‘
421 4067 555 4122 (lfflwfit
574 4080 629 4112 mm
649 4078 724 4126 quum
741 4071 811 4107 tuum
827 4057 858 4105 de
902 4052 1170 4102 tibueeteeoerdotihue
1178 4052 1409 4117 Pauor-mitoniflpm

349 4147 484 4219 Apollonio
505 4142 626 4204 judicium
653 4136 792 4195 rescidisti,
811 4137 857 4184 im.
901 4131 1034 4196 Apolloni„
1046 4130 1239 4195 depmfflm
