3016 4774
288 383 362 470 604
598 383 875 455 EXCURSUS
895 384 1021 453 XXII.

285 507 347 571 niti
363 504 450 571 diest
463 502 657 590 AEbutium,
669 504 711 572 de
727 529 768 571 eo
783 505 952 570 consultus
964 502 1143 592 Aquillius,
1157 502 1283 591 aliique
1293 504 1374 569 fue·

287 612 372 695 rint,
395 610 436 677 de
449 610 514 677 hoc
532 612 737 702 potissimum
755 611 899 679 dubitari
913 625 1051 676 constat.
1065 607 1188 674 Confer
1202 632 1284 698 quse
1300 610 1372 675 dixi

286 716 328 783 ad
343 740 412 809 esp.
434 740 485 785 rr.
503 717 589 784 Gru.

833 884 1348 920 mmmmm

412 1077 923 1214 excussus
976 992 1243 1207 xxm

372 1336 438 1406 AD
462 1333 737 1405 ORATIONEM
760 1332 852 1403 PRO
877 1331 1077 1416 CAECllss,
1102 1330 1202 1400 cte.
1223 1325 1279 1398 31.

712 1506 952 1535 *-

335 1664 1250 1756 Nisiqttiiuaaloeoesset,nunejampassscoaaadt‘s,
1269 1687 1368 1747 eum,

291 1772 350 1861 qat'
359 1793 423 1835 nan
430 1771 610 1860 posstiimt,
622 1795 723 1860 negas
736 1772 832 1862 dq‘t'ci
841 1794 941 1860 passe.
955 1772 1008 1837 Sic
1021 1770 1095 1836 Aldi
1109 1771 1199 1835 liber.
1211 1771 1290 1853 Alii,
1302 1771 1371 1860 opi·
1492 1806 1493 1857 t

293 1899 367 1959 nor,
376 1899 492 1942 omnes
504 1901 514 1943 t
525 1908 539 1934 ι
548 1878 619 1942 Nisi
632 1879 690 1967 qui
703 1878 738 1942 in
749 1900 789 1943 eo
798 1878 871 1942 loco
888 1878 1001 1959 suerit,
1018 1899 1110 1941 nunc
1120 1878 1179 1965 qui
1190 1875 1369 1965 possident,

292 2004 388 2067 eum,
404 1984 542 2050 etiamsi
555 2006 622 2049 non
639 1984 738 2049 fuerit
753 1984 789 2047 in
802 2004 843 2049 eo
858 1984 948 2065 loeo,
962 1982 1057 2064 dejici
1073 2005 1170 2071 posse
1181 1981 1329 2047 concedis
1340 2014 1363 2046 ι.

295 2088 404 2171 Quam
420 2090 593 2155 lectionem
611 2089 701 2154 haud
716 2090 786 2155 scio
803 2112 868 2177 qus
886 2088 928 2155 de
942 2110 1037 2154 cause
1052 2088 1203 2153 librarius
1218 2109 1290 2152 cnm
1301 2087 1368 2151 hac
1496 2142 1497 2149 ,

293 2211 447 2285 corrupta
458 2213 492 2263 et
500 2197 718 2262 contaminata
726 2197 984 2262 commutaverit.
997 2195 1177 2260 Sensusest
1185 2195 1272 2259 enim
1280 2192 1367 2258 illius

295 2302 518 2389 apertissimus
530 2325 539 2367 t
550 2319 645 2368 antea
661 2325 789 2391 semper
804 2303 934 2392 negavit
949 2300 1105 2366 AEbutius
1123 2299 1283 2382 dejectum
1300 2299 1369 2363 ce·

296 2406 403 2477 einum
419 2429 458 2471 ex
472 2405 578 2472 fundo
593 2407 804 2489 Fulciniano,
823 2405 914 2496 quod
929 2407 964 2471 in
985 2429 1026 2471 eo
1041 2428 1110 2471 non
1133 2405 1264 2488 fuisset,
1281 2426 1369 2468 nunc

293 2509 360 2574 hoc
375 2509 472 2575 dicit:
488 2509 650 2591 dejectum
666 2528 796 2577 tentum
812 2513 871 2601 qui
886 2510 1049 2602 possidet3
1066 2511 1121 2576 mi
1132 2512 1250 2575 Cicero
1261 2511 1308 2575 sic
1320 2532 1371 2574 re·

294 2615 381 2713 lert:
398 2616 563 2681 Possessio
585 2616 706 2707 duplex
719 2634 789 2702 est,
805 2636 865 2685 sut
879 2618 979 2684 enimi
1002 2619 1125 2684 scilicet
1137 2635 1195 2682 sut
1211 2617 1369 2705 eorporis3

296 2720 415 2787 absens
438 2724 527 2788 enim
546 2746 703 2815 corpore,
721 2726 832 2792 animo
847 2741 957 2791 tumen
976 2725 1117 2790 retinere
1132 2724 1370 2813 possessionem

295 2844 415 2918 potest.
430 2829 535 2921 Finge
548 2853 638 2897 nunc
656 2832 745 2915 ejus,
762 2832 821 2922 qui
835 2833 947 2897 animo
964 2846 1093 2896 tantum
1108 2829 1312 2920 possidebat,
1325 2829 1371 2892 is·

297 2934 420 2999 milinm
433 2933 591 3016 dejectam
603 2958 695 3002 esse:
710 2937 738 3003 si
751 2958 850 3002 nemo
860 2952 971 3027 potest
984 2935 1095 3018 dejici,
1109 2935 1171 2999 nisi
1184 2936 1240 3023 qui
1253 2935 1287 2998 in
1300 2933 1373 2998 loeo

296 3056 367 3125 est,
392 3040 537 3122 dejectus
560 3065 629 3108 non
648 3042 792 3127 dicetur3
811 3043 923 3131 itaque
940 3043 1060 3109 sentire
1082 3058 1179 3107 antes
1204 3039 1376 3106 videbatur

299 3143 455 3213 AEbutius
467 3171 476 3212 t
488 3148 540 3212 siu
552 3147 704 3231 dejicitur
712 3151 914 3240 quicumque
923 3148 1086 3240 possidet,
1101 3164 1141 3214 ut
1152 3145 1253 3213 modo
1262 3145 1376 3211 defen·

297 3248 363 3334 dit,
390 3250 554 3331 dejectum
576 3276 712 3342 quoque
732 3255 823 3322 hunc
845 3254 911 3321 dici
935 3256 1068 3320 necesse
1090 3268 1167 3319 est:
1192 3274 1294 3341 quare
1317 3274 1377 3341 pu·

298 3356 433 3449 gnsntia
450 3357 598 3446 loquitur
611 3359 778 3426 AEbutius.
796 3358 862 3426 Sed
876 3360 957 3426 huic
971 3359 1141 3426 calumnie
1159 3359 1309 3424 facillime
1325 3380 1377 3422 re·

300 3462 506 3554 spondeturt
522 3486 599 3530 nam
617 3489 693 3555 ques
707 3483 802 3533 untes
820 3465 902 3533 dixit
919 3465 1093 3547 AEbutius,
1112 3463 1154 3530 de
1174 3486 1215 3530 eo
1233 3464 1291 3554 qui
1308 3484 1377 3528 nou

301 3570 464 3661 possidet,
479 3570 687 3663 intelligendu
700 3589 799 3639 sunt:
814 3590 853 3639 ut
865 3574 997 3662 copiose
1012 3595 1113 3663 supra
1126 3571 1237 3638 multis
1249 3571 1283 3635 in
1297 3571 1380 3635 loeis

303 3675 527 3760 ostendimus,
543 3678 570 3744 si
588 3679 661 3767 quis
685 3678 774 3744 enim
796 3679 943 3768 quamvis
965 3701 1032 3744 non
1055 3677 1255 3768 possideret,
1271 3696 1378 3764 quum

299 3798 409 3850 temen
419 3783 454 3850 iu
467 3783 541 3850 loco
554 3800 653 3868 esset,
664 3806 704 3851 er
712 3808 753 3852 eo
762 3785 796 3849 ni
807 3785 939 3851 ermetis
949 3783 1142 3851 hominibus
1153 3783 1297 3864 dejectus
1309 3797 1382 3846 est>

300 3886 434 3956 decmto
450 3892 596 3979 presteris
611 3890 834 3959 restituendus
851 3910 911 3959 est
929 3879 1032 3958 Horu.

343 3993 442 4081 (leod
454 3998 593 4083 negabas
610 4021 799 4088 quemquam
815 3998 1015 4087 dejiat'potse
1024 4050 1033 4080 ,
1055 4000 1116 4062 atsi
1129 3998 1190 4085 qai
1204 3999 1238 4060 t‘n
1254 4018 1290 4059 aa
1309 3995 1387 4058 laco

298 4099 412 4187 suerit.
442 4099 542 4166 Nunc
557 4105 614 4189 qui
625 4104 806 4190 possideat,
828 4127 898 4167 sum
916 4111 1011 4170 etiam
1030 4107 1060 4169 si
1077 4126 1139 4168 non
1151 4100 1261 4190 fuerit
1286 4103 1322 4165 t‘n
1346 4124 1387 4165 eo
