3016 4774
368 397 1443 431 mmmmm

530 631 1034 756 EXCURSUS
1079 635 1276 756 XIII

432 914 506 983 no
531 913 809 983 ORATIONEM
833 911 924 981 PRO
948 910 1145 998 CAECINA,
1171 913 1279 984 CAP.
1304 916 1369 990 23.

772 1105 1009 1132 ...o-

397 1303 695 1373 Juruconsultorum
710 1303 897 1368 auctoritati
908 1302 1115 1395 obtenpemu
1130 1328 1194 1393 nou
1211 1324 1373 1397 oportum.
1390 1312 1429 1377 De
1457 1362 1466 1409 ·;

350 1410 657 1496 jurisconsultorum
670 1410 862 1475 auctoritate
876 1411 1077 1476 lastinianus
1089 1413 1135 1477 sic
1144 1412 1336 1500 loquitur
1326 1442 1364 1482 ιιι
1378 1419 1462 1483 lib.¹
1456 1430 1466 1511 ιῑ

351 1517 481 1582 Instit'
470 1515 551 1610 Juris
567 1517 636 1580 l:-
623 1518 811 1604 «Responsa
823 1514 1026 1604 prudentum
1039 1534 1117 1582 suut
1130 1520 1309 1585 sententiae
1321 1541 1357 1588 et
1367 1525 1466 1639 opi-5:

351 1624 465 1686 niones
481 1643 613 1704 eorum,
631 1622 751 1711 quibus
766 1623 961 1710 permissum
979 1639 1049 1689 erat
1065 1624 1139 1705 jura
1157 1623 1339 1694 condere:
1329 1654 1423 1693 ·nan
1455 1584 1466 1685 ιΙ

349 1726 530 1814 antiquitus
548 1728 765 1792 constitutum
782 1744 864 1807 emt,
880 1742 919 1791 ut
935 1743 1044 1792 essent
1063 1724 1120 1815 qui
1134 1729 1208 1809 jura
1224 1731 1392 1818 publioe
1382 1759 1466 1813 ru,

349 1848 604 1921 terpretareutur
616 1854 623 1896 :
636 1831 756 1919 quibus
767 1853 787 1894 u
800 1831 923 1894 Caesare
933 1831 986 1912 jus
996 1831 1215 1920 respondendi
1229 1834 1353 1903 dutum
1366 1857 1421 1911 est,
1464 1852 1466 1903 3

348 1939 406 2029 qui
419 1936 640 2020 jurisconsulti
655 1933 917 2024 appellabantut3
933 1959 1076 2023 quorum
1091 1939 1243 2003 omnium
1257 1946 1421 2010 sententie
1465 1984 1466 1991 ι

350 2062 383 2110 et
395 2044 567 2133 opiniones
581 2065 652 2107 eant
669 2040 895 2106 auctoritatem
908 2042 1080 2125 tenebant,
1098 2061 1137 2107 ut
1151 2043 1256 2124 judici
1274 2049 1420 2114 recedere

347 2175 366 2215 a
385 2171 542 2237 responso
562 2170 676 2213 eorum
698 2170 765 2211 non
785 2144 920 2212 liceret:
938 2163 976 2211 ut
996 2165 1045 2213 est
1066 2149 1316 2216 constitutum:
1335 2178 1344 2218 :
1362 2155 1420 2221 hut

346 2257 409 2321 ille.
426 2254 543 2343 Neque
558 2255 622 2317 hoc
637 2253 756 2316 mirum
773 2252 924 2340 cuiquam
940 2252 1043 2316 videri
1060 2252 1177 2338 debet,
1194 2278 1329 2345 «quum
1344 2285 1419 2350 pra·-
1454 2282 1466 2329 'l

346 2358 457 2435 sertim
474 2359 623 2423 homines
639 2355 832 2445 plerumque
859 2356 909 2443 (ut
923 2358 1147 2440 Quintilianus
1164 2363 1296 2451 scribit)
1328 2368 1420 2433 indo·

346 2466 407 2545 cti,
422 2485 505 2550 saepe
518 2461 615 2527 etium
625 2459 753 2542 rustici,
762 2459 887 2540 judices
899 2460 1054 2528 darentur
1066 2496 1079 2522 ι
1092 2489 1100 2530 :
1117 2482 1167 2548 et,
1181 2484 1220 2531 ut
1230 2469 1313 2534 alibi
1328 2489 1421 2539 testa·

346 2585 410 2650 tur,
424 2589 521 2631 «rure
537 2565 633 2630 etiarn
645 2565 837 2654 plerumque
851 2585 1113 2633 arcesserentur»
1127 2594 1135 2635 :
1154 2573 1348 2652 cujusmodi
1361 2596 1420 2644 tres

344 2676 398 2741 isti
413 2678 546 2739 fortasse
560 2689 802 2761 recuperatores
816 2674 952 2736 fuerunt
968 2697 976 2738 :
995 2697 1078 2764 quos
1097 2676 1227 2758 Cicero,
1245 2703 1419 2772 nunquam

273 2852 279 2860 ,
343 2804 420 2848 sane
432 2778 524 2845 valde
539 2777 719 2843 honorifice
729 2778 907 2866 appellavit.
926 2779 1055 2845 ludices
1070 2803 1148 2871 ergo
1164 2782 1258 2850 istius
1273 2792 1418 2878 generis,

344 2888 485 2977 imperiti
498 2885 666 2971 homines,
680 2887 746 2948 fere
764 2881 805 2947 ad
818 2883 1069 2963 jurisconsultos
1084 2889 1345 2979 confugiebant,
1366 2897 1418 2984 qui

344 3016 403 3058 suu
420 2993 466 3057 eis
484 3014 638 3080 responsa
653 2990 772 3078 scripta
786 2989 916 3056 (labant.
933 2990 1135 3081 Pomponius
1146 2996 1209 3060 sub
1225 2998 1277 3062 tit.
1291 2999 1337 3064 de
1348 3003 1419 3067 Ου’·

344 3099 418 3185 gine
433 3097 536 3177 juris:
550 3097 656 3175 «bute
669 3111 815 3189 temporo
830 3097 967 3186 Augusti
981 3098 1111 3185 publice
1120 3093 1356 3189 ‘respondendi
1366 3109 1417 3190 jus

342 3226 447 3266 nonu
471 3200 671 3291 principibus
696 3202 833 3268 dabatur
855 3225 863 3267 ε
887 3203 944 3268 sed
966 3204 1024 3293 qui
1050 3203 1201 3271 fiduciam
1225 3209 1414 3280 studiorum

341 3330 477 3389 suorum
491 3306 671 3389 habebunt,
690 3308 933 3372 consulentibus
949 3310 1189 3397 respondebunt
1206 3334 1214 3378 :
1232 3336 1345 3403 neque
1362 3343 1414 3385 ne·

340 3436 459 3502 sponsa
476 3413 588 3500 utique
602 3412 724 3500 signata
736 3408 870 3494 dabant,
884 3412 942 3477 sed
956 3415 1150 3504 plerumque
1155 3416 1325 3497 judicibus
1336 3425 1410 3512 ipsis

340 3520 524 3585 scribebant
544 3535 601 3583 aut
618 3518 829 3600 testabantur,
845 3518 903 3606 qui
920 3520 992 3583 illos
1008 3522 1250 3588 consuluerant.
1278 3526 1409 3595 Primus

338 3628 380 3690 D.
392 3628 560 3713 Augustus
568 3670 579 3704 ,
588 3638 626 3685 ut
639 3622 741 3702 major
746 3622 828 3703 juris
839 3623 1013 3688 auctoritas
1025 3624 1210 3709 haberetur,
1220 3633 1407 3716 coustituit,

337 3748 377 3794 ut
390 3754 426 3794 ex
444 3728 634 3794 auctoritate
650 3726 718 3806 ejus
731 3724 1000 3815 responderent».
1013 3724 1115 3794 Ροιιο
1126 3747 1237 3796 autem
1251 3751 1291 3798 ut
1303 3752 1407 3804 totam

333 3836 642 3916 jurisconsultorum
656 3831 816 3898 rationem
830 3833 970 3909 breviter
988 3836 1203 3924 explicemus,
1217 3837 1299 3903 illud
1312 3842 1406 3909 iutel-

335 3941 391 4027 ligi
410 3957 556 4029 oportet,
571 3962 695 4028 «quum
712 3941 766 4019 jus
782 3939 931 4026 (utilem
947 3941 1168 4024 Quintilianus
1181 3945 1308 4034 scribit)
1318 3932 1406 4015 eliud

335 4059 462 4108 certum
481 4060 581 4124 esset,
602 4043 757 4106 nimirum
776 4042 865 4130 quod
883 4046 1006 4133 scripto
1024 4064 1081 4111 aut
1101 4049 1249 4115 moribus
1272 4073 1402 4121 consta·

334 4164 383 4215 ret
406 4170 413 4212 :
435 4145 524 4212 aliud
543 4144 699 4227 dubium,
724 4144 813 4233 quod
837 4149 995 4236 sequitotis
1020 4154 1130 4242 regulo
1149 4156 1399 4228 examinandum
