3016 4774
367 419 438 495 566
717 417 985 490 EXCURSUS
1007 417 1072 487 vt.

365 565 427 609 nus
445 540 537 632 quod
556 541 591 607 in
607 538 692 607 libro
712 542 814 606 veteri
831 539 942 606 deerat
956 537 1111 629 particula
1127 548 1181 619 ut,
1203 537 1238 601 in
1255 536 1318 602 illo
1337 541 1427 628 spuio

365 649 455 714 imni
473 647 610 736 putebat
629 646 741 713 deesse
760 648 857 712 verbs
874 644 1049 711 interdicti.
1067 642 1247 709 Lambinus
1265 646 1375 733 explet
1386 648 1424 710 his

366 755 513 844 quinque
529 755 653 837 verbis,
670 784 684 811 «
695 754 772 835 ejeci
788 776 850 844 ego
867 770 918 836 te,
935 775 1001 817 nou
1020 750 1122 832 dejeci
1136 781 1160 816 ι.
1176 751 1252 839 Ego
1269 751 1350 839 qnia
1364 754 1425 816 nni

365 862 435 926 lum
450 859 517 925 vidi
532 861 668 938 librum,
682 860 717 923 iu
734 880 801 948 quo
818 858 973 949 particula
987 872 1026 923 ut
1041 855 1180 937 deesset,
1192 857 1227 920 iu
1246 880 1359 945 quove
1370 881 1425 946 sps

366 967 449 1031 tium
465 966 561 1032 inane
576 957 679 1029 ullum
691 981 876 1054 apparerem
887 979 1000 1028 contra
1011 959 1207 1027 detrahenda
1221 963 1340 1049 potius
1352 986 1426 1052 qne·

366 1070 442 1135 dem
459 1070 606 1151 conjicio.
623 1070 770 1134 Primum
787 1068 887 1151 illud,
907 1099 920 1125 ι
934 1068 1041 1156 aliqua
1057 1090 1097 1132 ex
1111 1082 1200 1155 parto
1210 1088 1246 1131 n:
1264 1068 1319 1132 vel
1337 1084 1373 1132 ut
1389 1084 1426 1132 est

367 1177 401 1239 in
410 1175 479 1240 aliis
491 1176 589 1241 etiam
602 1174 809 1256 mendosius,
820 1204 833 1230 ι
843 1196 948 1262 quum
961 1173 1067 1261 eliqua
1077 1194 1117 1237 ex
1131 1187 1266 1261 parte»,
1278 1172 1379 1262 plane
1390 1189 1427 1237 est

367 1298 474 1348 totum
511 1266 786 1374 super-vacentem
820 1284 1145 1370 interpretamentum
1179 1280 1271 1344 vocis
1304 1279 1427 1369 reliquii

367 1387 493 1453 Deinde
515 1388 584 1453 hoec
607 1387 674 1452 duo
693 1386 754 1451 illa
769 1410 818 1451 rer
839 1386 959 1452 nullius
976 1387 1055 1451 item
1073 1407 1152 1450 usus
1173 1384 1228 1449 hic
1246 1401 1340 1450 sunt
1361 1387 1428 1450 Neu

367 1516 429 1559 vox
440 1507 547 1558 mmm
561 1493 684 1580 absque
699 1492 761 1556 illis
772 1494 880 1581 explet
889 1491 1020 1558 abunde
1031 1491 1232 1556 sententiam.
1243 1488 1344 1556 Adde
1355 1491 1431 1581 quod

367 1599 402 1660 in
417 1596 506 1661 libris
521 1596 684 1684 impressis
701 1618 720 1660 a
737 1595 836 1662 Badio
852 1597 949 1678 olim,
965 1612 998 1661 et
1011 1611 1124 1685 postea
1140 1616 1159 1659 n
1174 1595 1346 1680 Colinaeo,
1361 1599 1432 1662 etin

368 1701 562 1766 Victorienis
579 1725 640 1790 pro
657 1701 718 1767 illa
736 1726 798 1785 res,
818 1719 886 1767 erat
908 1706 969 1766 ista
989 1726 1045 1781 ιη
1063 1718 1103 1766 ut
1117 1724 1178 1790 pro
1197 1700 1283 1785 hoc,
1306 1706 1375 1768 ista
1392 1728 1434 1782 re,

368 1804 524 1889 totidem,
539 1830 600 1873 uec
612 1808 708 1872 valde'
719 1807 926 1873 dissimilibus
942 1808 1042 1872 literis
1055 1803 1230 1895 legendum
1243 1807 1436 1873 videaturis

360 1911 439 2003 jure
456 1911 520 1977 hoc
536 1912 636 1977 modo
655 1935 664 1977 ε
681 1942 694 1968 ι
706 1911 796 1996 Quid
813 1911 912 2001 ergo?
931 1911 997 1976 hoc
1014 1934 1112 1999 qnam
1128 1910 1228 1976 habet
1244 1913 1344 1978 rim?
1359 1932 1398 1980 ut
1411 1916 1437 1977 in

366 2018 440 2098 jure
450 2015 572 2107 aliquid
589 2016 719 2082 differre
732 2017 889 2098 videntur,
902 2034 1014 2081 utrum
1031 2015 1147 2107 pedem
1164 2039 1271 2105 quum
1281 2020 1437 2097 inmitto,

369 2138 468 2211 atque
480 2122 513 2186 in
530 2122 769 2211 possessionem
776 2122 947 2212 vestigium
962 2121 1086 2204 fecero,
1099 2138 1170 2185 tum
1181 2124 1337 2210 expellar,
1350 2143 1437 2213 atque

373 2226 518 2309 dejiciam
529 2250 571 2291 an
582 2250 686 2315 quum
700 2220 812 2294 eadem
822 2228 871 2309 ri,
883 2243 963 2292 etc.»
979 2227 1018 2290 In
1027 2227 1102 2309 jure
1113 2242 1223 2290 nutem
1240 2227 1298 2292 hic
1314 2229 1437 2310 dicinn.

369 2348 409 2396 ut
424 2333 458 2396 in
473 2333 534 2396 hac
550 2332 619 2422 ipsa
634 2331 767 2420 pagins,
783 2361 796 2388 ι
808 2331 848 2396 ld
862 2333 932 2396 leve
951 2332 986 2396 in
999 2332 1073 2411 jure
1090 2331 1177 2394 'cirili
1193 2331 1437 2411 judimbimri1

369 2439 463 2525 plura
477 2437 622 2525 exempla
634 2436 741 2500 videas
757 2437 841 2501 infre
857 2437 897 2502 ad
910 2437 964 2502 illu
979 2436 1077 2501 verba
1089 2440 1133 2500 sic
1144 2444 1275 2519 vestim
1292 2463 1363 2529 pro
1379 2441 1437 2529 qui

368 2541 431 2605 bus
447 2562 508 2629 ego
524 2542 602 2604 item
616 2542 768 2624 restituo,
784 2544 830 2604 sic
845 2545 880 2605 in
886 2543 974 2633 jure.
991 2542 1027 2607 P.
1043 2544 1164 2608 annn.

414 2644 504 2708 Nihil
520 2667 581 2735 ego
599 2666 716 2710 censeo
733 2647 892 2711 omissum
910 2670 991 2716 esse.
1015 2640 1266 2732 Sententia'est,
1285 2650 1386 2739 qnod
1404 2674 1437 2714 es

369 2749 468 2830 hujus
486 2748 683 2817 defensionis
699 2750 961 2836 firmamentum,
978 2752 1070 2840 quod
1087 2771 1321 2847 argumentum
1346 2757 1437 2846 iquo

372 2854 471 2921 modo
494 2873 528 2921 et
544 2857 597 2922 cui
619 2881 778 2947 umquam
794 2859 946 2947 probabis
968 2858 1119 2942 differre,
1138 2861 1165 2923 si
1184 2860 1251 2924 vim
1272 2864 1435 2951 cespides

343 2998 348 3002 ·
369 2964 443 3051 ψεῖ
457 2980 490 3029 et
502 2963 605 3053 tiqui.
620 2964 729 3029 Gur.
830 2993 834 3003 ·

416 3068 524 3155 Quam
535 3069 630 3133 tabo
640 3072 717 3134 mire
735 3072 792 3135 Vis
804 3071 857 3135 hio
872 3072 1043 3135 notionem
1060 3070 1226 3161 significat.
1240 3071 1309 3136 Pro
1323 3075 1433 3138 Balbo

370 3203 383 3226 α
395 3172 595 3252 Adiunctum
617 3192 667 3240 est
681 3176 715 3240 in
733 3176 869 3258 foedere,
891 3176 1089 3256 majestatem
1110 3177 1223 3266 popuii
1240 3180 1382 3243 romani
1398 3203 1437 3244 cn

371 3276 468 3339 miter
484 3294 685 3344 conservent
703 3279 743 3344 Id
761 3281 859 3345 habet
876 3282 962 3345 hauc
978 3281 1062 3363 vim,
1078 3299 1118 3347 ut
1138 3283 1179 3347 sit
1197 3282 1250 3347 itte
1266 3282 1306 3347 in
1327 3285 1437 3351 foeder

370 3382 537 3446 inferior».
569 3386 635 3449 Cic.
659 3386 707 3450 XI
724 3386 765 3451 ad
790 3388 864 3453 Div.
884 3388 925 3453 ed
948 3389 1113 3452 Brutum:
1140 3388 1237 3471 «Qui
1257 3392 1437 3456 Antonini

371 3489 584 3578 oppresserit,
601 3491 627 3555 is
643 3490 765 3556 bellum
781 3494 967 3559 confecerit.
985 3494 1062 3559 Hoc
1073 3517 1172 3582 quam
1188 3494 1313 3560 habeat
1331 3499 1408 3562 vim
1428 3516 1437 3562 t

370 3594 551 3662 existimare
568 3597 672 3681 melo,
690 3622 788 3689 quam
805 3590 859 3665 me
872 3601 1015 3690 apertius
1036 3601 1179 3666 scribere
1191 3632 1214 3666 ν.
1233 3601 1290 3666 Sic
1311 3604 1351 3668 in
1371 3605 1437 3694 To}

368 3699 440 3764 «Ex
452 3702 483 3765 vi
501 3704 643 3769 nominis
660 3722 889 3795 argumentum
905 3704 1058 3771 ducere».
1075 3707 1208 3771 Pssssn.

732 3944 1073 3974 Q
