3116 4774
338 431 409 523 470
656 434 705 501 Μ.
732 434 770 500 Τ.
796 434 1085 504 CICERONIS

337 573 443 622 causa
471 548 688 641 dubitasse⁶,
722 577 833 650 quam
861 553 1131 650 quodvidetur
1157 552 1203 624 ad
1223 577 1414 626 summam

336 660 432 731 illius
456 663 783 737 existimationem
811 665 883 735 hoc
904 664 1081 760 judicium
1104 664 1301 762 pertinere,
1322 689 1413 736 mo·

336 793 414 839 ram
432 768 477 840 ad
494 770 811 845 condemnandum
827 775 1018 872 acquisisse
1027 767 1055 862 ⁸,
1074 774 1180 845 simul
1198 790 1233 845 et
1253 775 1303 847 illi
1323 799 1414 872 spa·

337 880 428 953 tium
443 879 488 951 ad
502 906 579 954 sese
596 882 838 980 colligendum
853 883 1003 956 dedisse.
1022 882 1130 974 Quod
1142 888 1319 982 quoniam
1330 886 1412 980 jam

337 991 375 1061 in
402 992 703 1065 consuetudinem
735 997 853 1080 verrit,
882 1009 919 1066 ct
944 994 981 1066 id
1009 996 1076 1065 viri
1095 993 1204 1082 boni,
1227 997 1340 1066 vestri
1363 1000 1412 1066 si·

337 1101 460 1187 miles,
473 1103 511 1171 in
521 1102 719 1196 judicando
731 1102 887 1191 faciunt,
898 1103 1239 1203 reprehendendum
1253 1102 1412 1175 fortasse

337 1211 479 1299 minus,
493 1210 721 1308 querendum
736 1237 824 1284 vero
845 1217 960 1310 magis
975 1215 1109 1286 etiam⁹
1127 1213 1270 1284 videtur
1288 1241 1296 1283 ε
1319 1213 1412 1284 ideo

339 1320 439 1416 quod
462 1324 583 1392 omnia
605 1321 757 1416 judicia,
778 1339 840 1395 aut
861 1323 1174 1396 distrahendarum
1191 1337 1409 1395 controver-

338 1432 491 1517 siarum,
508 1446 572 1502 aut
586 1432 856 1528 puniendorum
869 1434 1128 1507 maleficiorum
1143 1458 1249 1505 causa
1262 1447 1409 1531 reperta

339 1554 448 1609 sunt:
470 1565 628 1637 quorum
646 1542 799 1615 alterum
817 1546 932 1617 levius
950 1560 1023 1634 est,
1039 1558 1230 1643 propterea
1249 1540 1354 1640 quod
1373 1555 1410 1612 et

339 1651 460 1719 minus
480 1649 594 1740 laedit,
612 1667 648 1723 et
667 1677 828 1753 persaepe
843 1655 1083 1754 disceptatore
1099 1654 1300 1726 domestico
1315 1651 1411 1747 diju-

341 1754 504 1846 dicatur3
523 1760 678 1833 alterum
700 1778 755 1835 est
776 1764 1154 1851 vehementissimum,
1177 1761 1278 1860 quod
1302 1775 1339 1832 et
1362 1759 1410 1830 ad

338 1868 520 1962 graviores
539 1896 605 1945 res
631 1875 806 1969 pertinet,
836 1888 874 1945 et
899 1899 974 1946 non
999 1874 1230 1945 honorariam
1255 1894 1409 1969 operam

338 1978 443 2049 amici
453 1991 497 2066 ¹⁰,
516 1982 578 2054 sed
598 1985 822 2055 severitatem
834 1983 965 2078 judicis
979 2008 1020 2054 ac
1033 1986 1106 2054 vim
1120 1985 1282 2080 requirit
1296 1978 1410 2071 Quod

341 2104 396 2163 est
422 2096 620 2189 graviua¹¹,
649 2110 686 2166 et
710 2094 813 2190 cujus
839 2097 892 2166 rei
923 2105 1067 2166 causa¹²
1095 2094 1250 2163 maxime
1272 2089 1409 2187 judicia

377 2322 403 2371 6.
416 2320 459 2369 Bia
466 2320 524 2385 jam
534 2319 565 2367 de
578 2320 665 2369 eedem
680 2335 707 2366 re
719 2319 851 2370 dubitasse.
881 2360 887 2373 ,
898 2318 1003 2381 primum
1011 2334 1086 2382 quum
1095 2332 1178 2367 revera
1190 2332 1243 2365 non
1252 2315 1360 2380 liquebat
1366 2317 1408 2375 iu·

341 2399 499 2447 Deliberaaee.
512 2399 613 2445 Suetou.
628 2397 713 2445 Claud.
724 2400 773 2445 35:
783 2399 853 2445 «Du-
889 2395 1004 2456 'dicibun
1010 2408 1035 2444 et
1047 2397 1151 2445 obrem
1160 2407 1212 2444 erat
1220 2410 1305 2453 causa;
1317 2392 1408 2441 deinde

340 2476 443 2533 bitavlt,
459 2474 576 2523 adhibitis
588 2474 742 2538 principibus
753 2477 812 2524 viria
821 2493 853 2524 au
897 2476 918 2523 ai
933 2492 1005 2540 grave
1018 2487 1068 2525 erat
1079 2476 1215 2537 judicium,
1233 2484 1318 2537 utpote
1337 2470 1405 2536 quod

341 2555 550 2617 obtemperaret».
567 2554 652 2603 Gan.
896 2556 1098 2604 existimationem
1111 2554 1228 2612 laedebat3
1245 2566 1300 2599 naua
1318 2551 1338 2597 ui
1356 2550 1405 2597 ab·

379 2650 403 2693 7.
416 2632 490 2695 Quod
497 2631 598 2683 videtur
608 2632 645 2681 ad
654 2648 775 2680 summam
787 2631 853 2683 iliius
896 2633 1027 2683 solvendus
1046 2644 1108 2681 eaaet
1127 2649 1195 2691 aeut,
1214 2631 1290 2695 prima
1307 2628 1406 2679 actione

341 2710 554 2761 existimationem.
573 2712 688 2777 Quippe,
705 2729 781 2776 quum
804 2712 852 2760 boc
872 2698 877 2709 ⁸
893 2712 1056 2773 judicabatur,
1069 2712 1090 2759 ai
1104 2713 1227 2760 uideretur
1240 2694 1405 2759 condemnau-

339 2790 436 2855 judiclo
458 2793 587 2856 quntioni
604 2790 710 2857 publiea
732 2792 762 2841 de
782 2793 807 2839 vi
828 2802 853 2840 et
896 2793 951 2849 due,
963 2792 1067 2855 amplius
1079 2791 1407 2856 pronuntiabatur3uonex

342 2872 433 2921 coactis
450 2875 597 2937 armetiaque
613 2871 754 2921 bominibus
766 2872 853 2935 praeju·
894 2874 949 2934 jure
958 2871 1061 2935 scriptu,
1072 2871 1116 2920 aed
1129 2887 1161 2918 ex
1173 2868 1361 2925 aumuetudine,
1378 2877 1408 2914 ut
1495 2895 1498 2901 ·
1519 2840 1521 2893 i

343 2953 433 3001 dicium
449 2951 501 3003 fiat.
514 2956 595 3001 llorr.
608 2978 643 2989 —·
656 2953 755 2999 Summa
768 2949 853 2997 existi·
896 2949 971 2997 modo
985 2949 1097 2998 declarat.
1109 2952 1229 2998 Horren.
1241 2975 1278 2984 -
1292 2946 1406 2996 Gulielm.

342 3032 419 3081 metio
431 3044 468 3080 eet
481 3048 518 3079 rea
531 3038 602 3094 aqua
611 3031 690 3079 omnia
699 3041 781 3078 nostra
790 3030 853 3077 fama
898 3029 964 3088 conj.
974 3029 1118 3093 acquisisse.
1129 3031 1154 3078 J.
1162 3030 1194 3075 V.
1207 3030 1235 3075 L.

342 3124 369 3161 et
389 3112 494 3175 dignitas
519 3109 619 3174 pendet.
647 3110 699 3159 Cic.
721 3110 751 3157 ad
772 3109 851 3159 Attic.
932 3109 1039 3171 plicui.
1054 3108 1146 3158 Weiak.
1164 3107 1266 3169 conjicit
1277 3105 1407 3171 legendum

344 3194 372 3250 1,
389 3205 435 3239 aa:
452 3190 598 3237 «Existimas
609 3187 760 3237 humanitate
769 3188 854 3251 probi·
894 3203 959 3247 eree,
973 3187 1121 3254 magisjem.
1134 3189 1197 3236 Π.
1207 3190 1235 3236 t..

342 3270 476 3326 bitum,ne
490 3280 574 3315 contra
587 3266 661 3317 amici
673 3283 789 3316 summam
798 3267 851 3315 exi·
934 3282 975 3316 ao.
997 3267 1056 3314 Non
1073 3266 1245 3325 honorariam,
1264 3277 1311 3314 etc.
1337 3267 1409 3314 Onus

343 3346 506 3399 etimatiouem
521 3347 655 3394 misertim
673 3348 726 3406 ejus
742 3357 851 3411 tempore
894 3345 1022 3406 judicandi
1042 3347 1144 3395 honoris
1168 3362 1239 3394 caum
1257 3345 1408 3410 Impositum.

340 3427 448 3478 venirem
455 3446 476 3471 n.
492 3424 532 3471 ste
550 3440 668 3472 summum
685 3424 773 3472 bellum
787 3424 854 3489 aputl
897 3425 950 3475 cte.
960 3440 1007 3490 pre
1015 3426 1106 3474 Roscio
1117 3424 1254 3474 Comomo:
1276 3447 1288 3467 α
1298 3422 1346 3472 Dat
1359 3421 1408 3468 iate

343 3509 460 3558 Caesarem
470 3505 514 3564 ,in
527 3518 578 3566 quo
587 3502 737 3567 perielltatur
746 3518 785 3549 ree
798 3505 854 3551 uni·
897 3506 934 3553 Μ.
943 3504 1090 3551 Trebellium
1103 3506 1220 3565 amicum,
1238 3518 1283 3551 nos
1296 3515 1409 3548 commu·

343 3602 419 3636 versa.
433 3586 532 3632 Samma
544 3582 693 3646 respublica,
707 3597 761 3644 rea,
778 3598 854 3647 aqua
897 3598 954 3630 nem
976 3583 1138 3631 neceesarium
1158 3585 1214 3631 Sem
1235 3580 1373 3646 Alphenum
1385 3601 1409 3629 u.

343 3666 434 3731 pendet
446 3664 512 3712 aalue
523 3662 664 3726 reipublice
675 3661 742 3727 apud
754 3662 854 3712 Cicero·
898 3662 953 3711 ue.
965 3661 1038 3710 'luen
1049 3662 1092 3710 V:
1111 3664 1246 3725 «Quorum
1268 3671 1410 3709 contraven-

342 3762 406 3793 nem.
422 3747 509 3794 Gur.
897 3742 945 3789 siaa
955 3740 1178 3806 solebattamquam
1187 3736 1409 3789 honorariuaarbl·

379 3827 403 3873 8.
417 3825 516 3871 Moram
529 3820 567 3869 ad
578 3820 790 3869 condemnandum
808 3836 852 3869 ae·
896 3819 1049 3881 terjudlcare
1061 3820 1195 3871 Carneadea
1204 3842 1226 3868 n.
1240 3822 1342 3868 Paean.

341 3900 484 3967 qaisisse.1d
493 3915 539 3963 est,
549 3902 715 3951 lubentissime
723 3901 853 3964 arripuisae
935 3917 975 3951 aa.
987 3902 1060 3965 Quod
1066 3914 1102 3949 est
1108 3901 1297 3968 gravius.Quod
1305 3897 1412 3965 punien-

341 3983 493 4031 occaeionem
503 3982 645 4031 disserendae
654 3993 678 4032 et
687 3979 852 4046 producendae
896 3978 984 4029 dorum
1000 3980 1174 4029 maleficiorum
1193 3997 1266 4031 cauea
1287 3986 1410 4044 repertum

340 4059 509 4109 dammtionla.
522 4064 630 4125 Apparet
642 4061 737 4109 duabus
750 4058 781 4105 de
793 4072 850 4103 cau·
895 4068 941 4106 eat.
955 4060 1076 4108 Romu.

341 4138 374 4188 aia
394 4135 575 4203 ampliationem
596 4138 721 4202 interponi
740 4134 849 4198 solitam3
934 4151 976 4186 aa.
986 4134 1061 4203 Cujus
1071 4137 1107 4187 rei
1119 4154 1196 4187 masa
1210 4135 1323 4184 maxime.
1336 4131 1412 4181 Nean-
