3176 4770
320 382 387 456 15ss
640 380 689 451 M.
710 384 751 451 T.
776 383 1057 453 CICERONIS

212 522 217 531 ⁴
315 507 416 605 quod
430 529 554 592 nemo,
569 504 638 575 nisi
651 502 863 601 improbus,
879 500 1025 592 feeerit,
1043 502 1079 574 id
1093 502 1245 576 aliorum
1261 528 1379 577 exem·

316 618 379 714 plo
397 641 434 687 se
453 613 577 685 fecisse
598 611 788 685 defendat?

363 731 453 797 XCI.
471 729 518 795 At
534 724 573 795 in
590 724 723 794 Sicilia¹
740 722 939 795 factitatum
951 737 1015 795 est.
1035 726 1125 814 Quae
1144 738 1198 797 est
1210 727 1278 796 ista
1291 750 1377 797 con·

314 835 403 906 ditio
421 833 572 904 Siciliae?
592 857 668 919 cur,
695 857 775 929 quoe
800 836 940 931 optimo
956 833 1038 927 jure
1048 843 1076 917 ²,
1103 849 1255 933 propter
1276 852 1378 906 vetu-

314 959 462 1030 statem,
476 941 704 1028 fidelitatem,
723 943 1035 1039 propinquitatem
1056 966 1133 1017 esse
1151 942 1278 1029 debet,
1294 944 1379 1015 huic

315 1048 521 1154 praecipua³
543 1052 602 1123 lex
623 1052 763 1148 injurie
785 1050 980 1125 definitur?
1002 1051 1072 1123 Sed
1095 1053 1131 1127 iu
1150 1054 1215 1122 ista
1232 1054 1308 1150 ipsa
1324 1057 1380 1125 Si·

314 1165 414 1252 cilia,
428 1188 504 1235 nou
519 1186 677 1258 quaeram
694 1163 901 1260 exemplum
917 1161 1026 1234 foris:
1048 1161 1120 1233 hoc
1137 1163 1216 1260 ipso
1232 1188 1274 1239 cx
1290 1188 1378 1234 con·

315 1275 396 1345 silio
419 1286 500 1343 utar
525 1271 729 1369 exemplist.
750 1276 790 1345 C.
811 1271 1000 1359 Marcelle,
1023 1285 1059 1343 te
1080 1271 1232 1370 appello.
1256 1273 1380 1345 Siciliae

315 1383 526 1481 provinciae,
546 1405 661 1477 quum
684 1404 777 1453 esses
799 1405 866 1478 pro
889 1379 1037 1454 consule
1047 1377 1072 1469 ⁵,
1088 1378 1268 1478 praefuisti.
1283 1385 1380 1453 Num

314 1517 397 1589 que
421 1492 456 1561 in
483 1505 547 1563 tuo
568 1492 722 1587 imperio
743 1492 923 1588 pecuniae,
944 1489 1040 1562 eellae
1062 1491 1230 1577 nornine,
1252 1504 1381 1562 coacte

314 1601 426 1675 suut?
452 1603 579 1697 Neque
603 1622 671 1696 ego
690 1599 762 1671 hoc
782 1602 820 1670 in
844 1615 905 1673 tua
926 1599 1032 1671 laude
1055 1625 1183 1697 pono:
1206 1601 1275 1671 alia
1298 1615 1381 1673 sunt

317 1727 381 1785 tua
391 1709 504 1797 faeta,
519 1724 628 1806 atque
641 1710 810 1794 consilia,
830 1733 970 1781 summa
984 1708 1089 1781 laude
1103 1707 1227 1806 digna;
1250 1710 1382 1807 quibus

317 1821 414 1891 illam
429 1834 469 1890 tu
484 1821 706 1915 provinciam
720 1815 887 1888 afflictam
906 1832 943 1890 et
956 1817 1134 1916 perditam
1151 1816 1314 1889 erexisti⁶
1329 1833 1382 1891 at·

316 1954 392 2026 que
406 1928 585 2001 recreasti.
607 1930 699 2001 Nam
719 1926 789 1999 hoc
806 1925 853 2001 de
870 1927 957 1997 cella
975 1951 1022 1997 ue
1037 1926 1219 2024 Lepidus⁷
1233 1925 1380 2024 quidem

318 2039 470 2125 lecerat,
490 2038 549 2109 cui
567 2050 608 2117 tu
626 2037 836 2109 successisti.
857 2038 948 2127 Quae
961 2049 1047 2107 sunt
1060 2034 1126 2107 tibi
1141 2037 1250 2133 igitur
1263 2060 1381 2106 exem·

319 2149 379 2247 pla
396 2151 436 2221 in
455 2145 573 2221 Sicilia
587 2147 703 2234 celin,
717 2147 746 2217 si
766 2146 837 2217 hoc
855 2150 993 2219 crimen
1011 2170 1087 2217 nou
1101 2145 1211 2218 modo
1225 2146 1384 2219 Marcelli

320 2256 433 2344 sacto,
451 2255 515 2329 sed
534 2281 581 2327 ne
602 2255 727 2354 Lepidi
746 2255 901 2354 quidem¹
909 2270 1012 2354 potes
1026 2253 1244 2328 defendere?
1257 2260 1313 2329 An
1325 2282 1383 2328 me

319 2367 366 2438 ad
383 2372 432 2437 M.
453 2362 624 2437 Antonii⁸
642 2370 915 2439 aestimationem
934 2365 1126 2467 frumenti,
1146 2368 1385 2441 exactionem·

319 2500 391 2573 que
417 2475 580 2573 pecunie
601 2490 833 2549 revocaturus
849 2477 911 2548 es?
932 2481 1003 2564 lta,
1023 2478 1160 2572 inquit,
1179 2476 1225 2547 ad
1245 2481 1293 2545 Μ.
1315 2482 1384 2547 An·

317 2586 434 2657 tonii:
457 2583 526 2656 hoc
547 2584 646 2657 enim
667 2585 755 2655 inihi
776 2586 992 2683 significasse
1024 2600 1060 2656 et
1091 2589 1258 2667 annuisse
1288 2587 1383 2658 visus

317 2710 382 2767 est.
401 2697 454 2766 Ex
473 2692 691 2765 omnibusne
712 2696 822 2791 igitur
840 2696 967 2794 populi
989 2699 1129 2767 romani
1149 2694 1382 2792 praetoribus,

353 2908 421 2957 101.
435 2908 500 2955 1.As
509 2906 534 2954 in
543 2905 697 2957 sicit‘amoo
705 2907 767 2956 dicit
774 2921 832 2971 pro·
910 2908 935 2955 5.
949 2910 999 2956 Pro
1012 2910 1119 2959 consule.
1140 2911 1190 2974 Qui
1202 2919 1284 2958 umen
1299 2910 1384 2960 consul

319 2999 374 3051 ptos
392 2986 432 3036 Μ.
451 2985 570 3050 lepidum
588 2997 614 3034 et
630 2986 779 3049 Antonium,
800 2986 831 3035 de
873 3003 924 3037 non
937 2988 1030 3050 suarm
1043 2989 1087 3037 sed
1106 2989 1265 3054 proconsules
1286 3007 1384 3055 quoquo

318 3066 409 3128 quibus
420 3080 510 3129 sopra,
522 3075 547 3113 st
559 3065 617 3112 item
627 3066 655 3115 C.
664 3066 828 3115 Sacerdotem.
874 3071 959 3119 vocari
968 3070 1092 3131 solebant,
1103 3073 1145 3135 qui
1156 3085 1213 3136 post
1221 3084 1350 3136 praeturam
1359 3058 1390 3119 in‘

319 3144 370 3191 Ssd
377 3154 457 3192 tomen
466 3143 805 3207 respondetcapitessqnsnti.
875 3149 1028 3213 provinciam
1041 3150 1271 3215 proficiscebantur,
1287 3169 1320 3201 ox
1332 3151 1384 3216 lege

356 3238 380 3269 a.
392 3223 454 3285 Ques
464 3220 623 3285 spumosum.
638 3220 713 3286 Cujus
722 3222 832 3272 conditio
875 3229 1001 3291 Cornelis,
1014 3231 1074 3288 675.

320 3301 431 3349 omnium
450 3300 557 3363 optima,
575 3311 677 3364 proptor
689 3312 832 3350 vetustatem
910 3309 936 3357 6.
953 3309 1078 3361 perdicam
1090 3308 1200 3359 emissi.
1215 3311 1289 3357 tunt
1300 3308 1338 3356 bis
1357 3309 1385 3355 in

320 3377 458 3436 societatis,
468 3392 519 3425 σιω
531 3377 617 3436 debet,
628 3393 686 3439 our,
695 3382 766 3443 qussi
778 3382 831 3446 legs
874 3387 958 3435 eadem
971 3387 1060 3434 familis
1072 3389 1138 3439 salus
1152 3389 1239 3455 Sicilie
1252 3388 1385 3437 constitue-

321 3456 569 3524 permittsnts,lioeat
582 3458 674 3506 posuis
684 3460 830 3524 magistrati·
874 3476 949 3513 retur.
961 3464 1019 3514 vid.
1033 3465 1077 3517 lib.
1091 3471 1131 3523 11.
1145 3485 1197 3532 esp.
1210 3470 1236 3519 3.

320 3536 431 3586 buslmie
441 3536 485 3584 uui
496 3535 607 3598 iniuriam
616 3537 708 3598 frosm,
717 3550 742 3586 et
753 3555 780 3587 ea
789 3540 831 3588 lsx
910 3560 933 3604 7.
946 3544 986 3591 Ne
995 3544 1099 3609 Lepidus
1110 3548 1215 3610 quidem.
1226 3547 1277 3609 Qui
1289 3557 1385 3594 totmo·

319 3635 368 3666 um
380 3616 563 3681 hscproviuoia
578 3614 831 3684 definitionum
874 3621 912 3669 dis
933 3622 1039 3671 Siciliam
1057 3624 1193 3684 rffilsent,
1212 3636 1241 3673 ut
1253 3626 1318 3673 salva
1335 3641 1385 3672 csse

319 3696 551 3747 circumscribatur?
566 3696 616 3745 Cur
635 3698 719 3761 potius
738 3700 765 3749 in
785 3699 830 3746 luc
874 3713 1033 3764 conpenset,
1044 3705 1093 3753 nisi
1104 3704 1237 3755 Marcellus
1250 3706 1272 3751 ei
1290 3718 1384 3750 suecos·

318 3777 392 3838 linet,
410 3793 483 3840 quam
496 3779 522 3825 iu
536 3776 638 3825 orturis?
875 3780 955 3827 u'sset.
966 3780 1069 3830 Ibidem.

354 3860 380 3903 3.
394 3858 498 3906 nomm.
513 3857 582 3906 malit
589 3857 724 3923 pracipes.
739 3859 756 3906 J
758 3860 796 3906 Ν.
805 3859 831 3907 1..
913 3859 937 3904 8.
949 3859 993 3906 Ad
1003 3862 1035 3907 M.
1049 3861 1162 3910 Antonii.
1175 3863 1254 3922 Quem
1266 3858 1384 3906 universae

356 3936 443 3986 tutos
451 3936 666 3998 ipsoeaeeonrilio.
679 3938 830 3984 Umorem·
874 3951 925 3987 ore
943 3941 1067 3989 maritimis
1088 3938 1186 3988 infinito
1206 3955 1262 3987 cum
1281 3937 1384 4000 imperio

319 4012 368 4074 plis
380 4013 651 4076 sumptisexvirisqni
657 4016 707 4074 jem
718 4029 830 4063 nunes&
873 4016 1012 4083 praefuisse,
1031 4035 1104 4083 supra
1127 4016 1251 4081 diximus,
1272 4016 1315 4064 lib.
1339 4019 1386 4076 lt,

318 4088 478 4149 deutjudicos
492 4091 518 4138 iu
539 4092 676 4140 haceuusa.
873 4110 927 4159 esp.
940 4098 967 4144 3.
