3054 4772
293 413 365 487 652
615 416 664 483 Μ.
690 415 729 483 Τ.
756 414 1038 488 CICERONIS

292 548 476 621 exactum,
490 534 519 605 sl
534 535 599 632 qui
614 535 876 624 Cobiamacho,
891 537 1068 633 quiricus
1083 534 1180 606 inter
1192 534 1365 607 Tolosam

293 661 331 717 et
351 643 561 716 Narbonem
581 660 651 735 est,
669 645 959 735 denudentur,
977 669 1100 743 neque
1119 644 1287 721 Tolosam
1307 650 1369 717 ire

292 755 445 844 relleut3
463 750 736 827 Elesiodolum⁵
753 769 896 826 tantum
919 779 1025 827 senos
1044 753 1213 825 denarios
1225 753 1271 825 ab
1287 753 1368 842 his,

293 867 358 962 qui
374 863 418 935 ad
441 862 612 937 hostem6
631 879 820 962 portarent
828 919 846 967 ,g
860 866 1028 962 exegisse
1052 863 1188 951 Video,
1202 863 1364 960 judicer,

292 997 371 1047 esse
389 978 545 1062 crimen,
565 990 602 1046 et
622 999 755 1072 genere
774 978 854 1072 ipso
875 998 1046 1072 magnum
1066 973 1239 1071 (vectigal
1261 976 1363 1044 enim

294 1108 371 1155 esse
393 1087 602 1182 impositum
629 1083 810 1157 fructibus
833 1087 993 1156 nostris?
1017 1082 1169 1172 dicitur,
1192 1098 1228 1155 et
1247 1107 1361 1180 pecu·

293 1194 391 1272 niam
403 1217 633 1292 permagnam
648 1195 714 1265 ista
725 1196 863 1267 ratione
878 1193 958 1290 cogi
972 1193 1135 1291 potuisse
1148 1190 1358 1286 confiteor),

295 1317 333 1374 et
349 1299 530 1374 iuvidia⁸:
551 1306 606 1377 vel
628 1305 782 1377 maxime
804 1305 900 1374 enim
918 1304 1056 1374 inimici
1072 1302 1168 1374 hanc
1188 1327 1264 1374 rena
1284 1326 1359 1373 ser·⁸

295 1413 468 1485 monibus
491 1413 675 1513 divulgare
695 1415 901 1485 voluerunt
922 1411 992 1484 Sed
1013 1434 1081 1508 ego
1102 1412 1152 1482 ita
1176 1413 1360 1498 existimo,

295 1546 372 1619 quo
393 1525 509 1619 majus
531 1528 668 1595 crimen
684 1526 730 1595 sit
750 1522 803 1612 id,
828 1521 929 1622 quod
946 1522 1184 1594 ostendatur⁹
1204 1545 1279 1592 esse
1297 1518 1361 1590 fal·
1429 1614 1436 1623 Ι

296 1654 393 1719 sum,
409 1631 480 1702 hoc
498 1630 671 1727 majorem
694 1632 740 1703 ab
763 1657 807 1703 eo
825 1632 993 1728 injuriam
1013 1630 1109 1720 fieri,
1132 1633 1197 1729 qui
1217 1631 1253 1701 id
1270 1655 1359 1701 con·

295 1737 407 1836 fingat
426 1765 434 1808 ε
454 1739 531 1811 vult
549 1743 646 1813 enim
669 1741 918 1839 magnitudine
940 1746 993 1813 rei
1014 1744 1065 1814 sic
1084 1765 1262 1839 occupare
1281 1742 1360 1810 ani·

296 1874 376 1922 mos
396 1875 541 1940 eorum,
559 1856 623 1950 qui
640 1852 811 1940 audiunt,
836 1866 878 1923 ut
901 1851 1058 1924 difficilis
1083 1850 1201 1923 aditus
1221 1849 1358 1921 veritati

295 1957 547 2058 relinquatur(

268 2062 271 2069 ⁴
347 2073 482 2141 Omnia
499 2069 546 2142 de
566 2077 710 2142 ortoaine
727 2075 888 2159 vinario,
906 2069 953 2142 de
973 2069 1065 2141 bello
1086 2074 1355 2153 Vocontiorum,

298 2178 345 2250 de
361 2180 597 2278 dispositione
612 2182 861 2269 hibernorum,
880 2181 1011 2253 desunt
1027 2190 1069 2249 ¹⁰.

346 2294 406 2362 IX.
422 2299 466 2362 At
476 2292 546 2365 hoc
558 2293 650 2364 Galli
661 2306 804 2390 negant.
820 2291 1358 2386 Atratiorerum1‚etvisargu-

297 2415 506 2472 mentorum
524 2403 696 2499 coarguit.
718 2406 840 2473 Potest
853 2402 962 2498 igitur
981 2400 1135 2472 testibus
1152 2398 1262 2497 judex
1281 2423 1356 2468 non

300 2509 471 2582 credere?
493 2509 680 2607 Cupidis²‚
698 2526 734 2584 et
752 2513 868 2598 iratis,
885 2525 922 2584 et
937 2512 1154 2607 conjuratis,
1173 2525 1210 2581 et
1228 2508 1273 2580 ab
1286 2508 1357 2580 reli,

299 2621 406 2717 gionc
417 2623 566 2692 remotis
577 2647 672 2709 ,non
682 2623 801 2695 solum
810 2635 948 2720 potest,
959 2620 1022 2692 sed
1036 2625 1143 2692 etiam
1152 2618 1272 2691 debet.
1286 2623 1358 2689 Ete

300 2730 379 2815 nim
393 2731 439 2820 si,
452 2733 537 2829 quia
547 2732 641 2804 Galli
656 2733 801 2823 dicunt,
817 2731 952 2804 idcirco
967 2731 1026 2801 Μ.
1043 2732 1213 2802 Fonteius
1228 2750 1358 2799 nocens

298 2881 418 2942 meimet.
430 2883 483 2932 Nor
493 2886 586 2933 Erneet.
597 2885 728 2950 sequimur.
744 2884 810 2933 Olim
890 2885 915 2934 8.
929 2882 1035 2931 Invidia.
1042 2883 1083 2933 Al.
1092 2880 1227 2930 «iuvidiam
1236 2902 1256 2927 ι.
1264 2881 1322 2929 Π.
1330 2880 1358 2927 I..

298 2961 424 3024 legebetnr
437 2963 485 3010 «in
497 2964 535 3012 hir
546 2965 609 3013 loric
616 2966 738 3013 Semnum
748 2966 810 3014 Cro·
888 2980 914 3025 9.
928 2962 1086 3012 Ostendetur.
1096 2962 1177 3010 Velio.
1191 2960 1249 3009 cod.
1264 2970 1288 3007 et
1298 2960 1359 3006 Pan·

300 3039 361 3088 duni
370 3051 395 3088 et
402 3041 554 3090 Vulchalone
563 3042 594 3090 rb
604 3042 657 3105 hie,
667 3055 713 3092 etc.
723 3064 736 3084 a
743 3041 808 3090 Olir.
852 3041 964 3106 trgutlrna
976 3064 990 3084 ι
999 3042 1140 3091 ostendetur
1152 3062 1175 3091 ι.

299 3119 398 3184 ΙΔΙΙιω.
424 3141 437 3163 α
454 3123 576 3170 Servaeum
594 3146 606 3166 ι
629 3131 809 3187 expunxerunt.
891 3137 929 3169 ro.
943 3123 1014 3170 Forte
1025 3136 1077 3169 non
1090 3119 1188 3180 derunt,
1206 3121 1250 3170 red
1265 3119 1295 3167 ab
1307 3118 1360 3183 ipro

298 3196 365 3247 Edit.
383 3201 453 3247 Junt.
467 3200 502 3248 ric
520 3200 594 3249 hahet
612 3222 624 3244 ι
636 3215 717 3250 ternos
730 3200 808 3249 vicm-
854 3199 938 3247 Tullio
951 3199 979 3247 in
996 3199 1114 3248 oratimie
1126 3200 1257 3264 scriptione
1269 3199 1362 3247 sumne

297 3278 374 3325 riatoe
390 3277 416 3323 in
433 3277 472 3325 hir
484 3278 546 3328 locie
565 3291 590 3328 et
605 3271 757 3329 Vulchalone
775 3281 808 3328 ab
855 3278 977 3342 neglecte,
986 3278 1192 3342 quemadmodum
1203 3277 1257 3327 lieri
1266 3277 1360 3326 eolimtu

297 3356 337 3405 hie
348 3356 501 3421 periodum,
512 3367 581 3407 etun
857 3374 908 3407 erae
924 3357 997 3407 docet
1015 3358 1124 3417 Plinius,
1141 3360 1215 3423 epiet.
1232 3362 1260 3417 1,
1276 3372 1324 3415 ao,
1337 3364 1362 3402 et

331 3432 363 3485 '⁵.
382 3436 556 3487 Blesiodolum.
579 3438 653 3502 Quod
669 3454 760 3486 nomen
771 3448 809 3486 eet
857 3438 916 3486 olim
940 3438 1029 3486 lecerat
1051 3438 1165 3497 emuna,
1184 3448 1244 3485 terre
1267 3437 1318 3485 Cic.
1335 3436 1361 3480 in

300 3514 428 3564 barbariam
440 3517 514 3564 unius
525 3532 556 3565 ex
565 3518 595 3565 ile
604 3518 646 3582 qui
657 3518 751 3566 Fonteii
762 3533 809 3565 uo·
856 3518 947 3574 Bruto,
961 3533 983 3564 c.
999 3525 1043 3572 tt.
1058 3518 1083 3564 J.
1095 3518 1127 3566 V.
1145 3518 1173 3565 L,
1188 3543 1224 3554 ·-
1239 3519 1276 3564 lta
1291 3512 1363 3562 sentit

302 3595 367 3643 mine
379 3595 488 3660 portoria
499 3595 639 3660 exigebant.
653 3597 718 3644 Olim
732 3619 745 3638 «ι
756 3596 812 3644 Ele·
855 3595 1007 3644 doctissimus
1021 3593 1141 3645 Niebuhr.
1154 3611 1225 3660 quem
1239 3594 1280 3643 adi
1292 3593 1359 3642 iner-

302 3674 452 3724 eiodolne....
463 3679 580 3741 exegieeet
588 3698 609 3724 ι.
856 3686 981 3739 gumento.

338 3754 364 3802 6.
383 3753 811 3819 Adlostern.ad11npanor,qut
893 3758 938 3803 11.
963 3769 985 3803 1.
1004 3753 1077 3801 Ratio
1092 3768 1183 3802 rerum.
1202 3753 1243 3801 Sic
1255 3755 1335 3799 Faern.
1348 3765 1363 3796 e

303 3846 360 3879 cnm
374 3835 483 3882 sertorio
495 3844 578 3881 contre
597 3834 740 3899 Pompeium
758 3834 812 3882 Me-
856 3831 1191 3890 ood,Vutic.01im‚·actio
1202 3844 1279 3880 rerum
1291 3838 1315 3876 et
1326 3828 1363 3875 vie

303 3910 589 3974 tellumquemilitrbent.
638 3949 641 3955 .
858 3922 993 3977 ergument.
1007 3911 1106 3975 coargui
1116 3922 1225 3974 potest».

339 4007 362 4051 7.
378 3991 503 4038 Fructibus
515 3993 612 4041 nortus.
627 3992 754 4040 Sociorum
768 4005 813 4040 no-
893 4007 918 4039 a.
938 3991 1043 4055 Cupidis.
1066 3990 1121 4039 Sole
1142 3989 1275 4053 cupiditate
1292 3988 1364 4043 reus,

300 4077 419 4125 atrorum,
431 4083 535 4129 qnorum
549 4087 579 4118 ex
590 4081 712 4134 proventu
721 4068 754 4117 ad
764 4085 810 4117 noe
855 4070 922 4135 quod
930 4068 1114 4135 optimegallioe
1123 4068 1367 4133 interpreumnrpar·

300 4146 425 4209 vectigalia
437 4146 547 4197 redeunt.
559 4148 598 4196 Ol.
611 4148 740 4210 «frugibus
749 4169 771 4196 a.
852 4148 947 4200 sionni.
958 4148 1066 4199 contin
1077 4150 1149 4198 Verr.
1160 4147 1255 4205 met.
1276 4198 1282 4209 ,
