3054 4772
372 438 559 510 orario
584 438 685 511 rno
709 434 769 508 Μ’.
796 436 1040 510 rourum.
1167 436 1240 534 649

172 563 281 659 hujus
308 563 435 633 virtuti
462 575 571 658 atque
604 561 823 633 innocentia
858 561 1069 631 testimonio
1102 563 1243 656 possint

172 698 270 762 esse;
311 686 481 743 tamenne
510 670 593 769 plus
626 670 816 742 Gallorum
852 668 1041 740 consensio
1078 667 1241 759 valebit,

173 806 281 880 quam
301 805 452 853 summae
466 780 716 851 auctoritatis‘·
735 778 955 850 hominum?
974 780 1097 869 Quum
1117 779 1241 850 Galliae

172 894 342 964 Fonteius
370 904 553 990 praesset,
582 893 700 978 scitis,
725 889 885 985 judices,
910 891 1084 960 maximos
1109 890 1238 988 populi

170 1004 312 1075 romani
333 1001 511 1073 exercitus
524 1001 563 1070 in
578 999 721 1072 duabus
736 1000 936 1097 Hispaniis,
952 998 1240 1097 clarissimosque

172 1106 440 1209 imperatores·5
468 1108 589 1183 fuisse.
622 1111 740 1200 Quam
771 1110 878 1180 multi
909 1111 1048 1207 equites
1074 1113 1238 1199 romani,

172 1244 281 1317 quam
293 1219 399 1289 multi
414 1217 554 1290 tribuni
569 1219 745 1309 militum,
759 1219 903 1316 quales,
919 1233 955 1291 et
968 1234 1076 1316 quot,
1095 1233 1131 1291 et
1144 1244 1238 1317 quo·

171 1330 239 1400 ties
258 1328 364 1425 legati
385 1325 431 1398 ad
454 1329 541 1399 eos?
560 1326 774 1402 Exercitus⁶
795 1344 967 1428 praeterea
993 1334 1058 1401 Cn.
1079 1330 1240 1428 Pompeii

171 1439 349 1513 maximus
382 1453 494 1535 atque
531 1441 780 1512 ornatissimus
817 1440 988 1512 hiemavit
1023 1442 1062 1510 in
1095 1439 1238 1529 Gallia,

172 1548 232 1618 FF.
254 1549 404 1620 Fonteio
430 1550 644 1647 imperante.
673 1551 811 1621 Satisne
837 1549 941 1622 robis
967 1548 1123 1638 multos,
1153 1553 1238 1621 satis

172 1656 324 1730 idoneos
347 1671 456 1730 testes
480 1673 516 1731 et
539 1660 703 1731 conscios
725 1657 868 1731 videtur
888 1662 965 1758 ipsa
987 1657 1134 1732 fortuna
1160 1685 1237 1733 esse

172 1767 328 1840 voluisse
349 1792 472 1841 earum
491 1793 632 1858 rerum,
653 1793 734 1867 quae
755 1768 818 1840 Μ’.
838 1770 990 1839 Fonteio
1006 1784 1157 1865 praetore
1176 1793 1238 1866 ge-

173 1892 342 1949 rerentur
354 1880 392 1949 in
410 1878 546 1950 Gallia?
563 1881 682 1970 Quem
697 1904 743 1950 ex
756 1893 859 1951 tanto
876 1877 1068 1948 hominum
1082 1904 1237 1951 numero

173 2002 302 2060 testem
324 1990 362 2060 in
385 1990 453 2060 hac
476 2014 579 2067 causa
603 1989 806 2088 producere
824 1988 996 2088 potestis?
1016 1991 1099 2086 quis
1124 2003 1178 2061 est
1193 2015 1239 2062 ex

173 2122 219 2173 eo
239 2124 409 2188 numer0‚
439 2101 504 2198 qui
520 2099 625 2172 vobis
652 2112 803 2172 auctor?
830 2099 992 2197 placeat?
1013 2122 1058 2170 eo
1077 2123 1144 2170 nos
1162 2099 1237 2195 jam

173 2206 359 2281 laudatore
378 2224 414 2281 et
436 2224 525 2281 teste
543 2225 699 2283 utemur.

222 2317 443 2394 Dubitabitis
457 2323 565 2391 etiam
578 2319 731 2408 diutius,
741 2317 895 2414 judices,
909 2318 999 2416 quin
1012 2317 1121 2407 illud,
1136 2317 1236 2416 quod

172 2428 276 2500 initio
294 2429 398 2501 vobis
415 2435 608 2527 proposui,
632 2431 858 2504 verissimum
881 2431 945 2517 sit,
963 2428 1060 2501 aliud
1078 2454 1150 2526 per
1165 2428 1236 2502 hoc

170 2536 349 2632 judicium
378 2538 470 2610 nibil
496 2542 574 2638 agi,
604 2541 674 2612 nisi
701 2555 761 2629 ut,
789 2538 847 2611 Μ’.
880 2540 1032 2611 Fonteio
1060 2562 1236 2637 oppresso

172 2648 388 2719 testimoniis
402 2673 549 2739 eorum,
566 2648 699 2748 quibus
714 2650 827 2722 multa
841 2649 1047 2748 reipublicae
1061 2673 1168 2720 causa
1181 2651 1236 2719 in-

173 2759 353 2830 vitissimis
368 2760 542 2857 imperata
559 2775 666 2845 sunt,
685 2761 867 2859 segniores
887 2760 1038 2857 posthac
1056 2757 1101 2830 ad
1117 2762 1235 2857 impe·

174 2866 330 2938 randum
356 2872 465 2940 ceteri
491 2874 581 2960 siut,
614 2895 729 2968 quum
753 2868 899 2942 videant
923 2893 986 2941 eos
1013 2871 1235 2966 oppugnari,

174 2977 309 3074 quibus
329 2980 509 3076 oppressis
535 2981 663 3079 populi
681 2980 822 3051 romani
838 2981 1032 3077 imperium
1052 2976 1235 3047 incolume

174 3090 343 3182 essenon
362 3090 475 3186 possit
487 3086 528 3159 ⁸?

221 3204 298 3272 VII.
326 3199 521 3296 Objectum
541 3216 595 3273 est
617 3204 744 3289 etiam,
766 3215 942 3299 quaestum
962 3201 1022 3271 Μ’.
1043 3199 1234 3270 Fonteium

210 3386 236 3434 t.
246 3379 350 3427 Summa
357 3379 683 3430 maerentumolimmm·
726 3382 847 3446 «rproleoti
864 3392 955 3443 mut»,
966 3381 1033 3446 qnod
1050 3396 1134 3429 renem
1150 3391 1236 3444 postu-

173 3472 212 3504 ma
229 3458 390 3508 aratorius».
409 3457 539 3508 lambiunt
556 3459 682 3508 dubitabat
725 3461 892 3509 lareridetnr.

171 3552 206 3591 nn
220 3535 347 3601 legendum
363 3548 426 3587 met
439 3554 559 3588 «mmmm
573 3540 681 3589 auctori·
763 3556 786 3601 7.
804 3542 905 3588 Auctor.
918 3540 1010 3597 Testis,
1023 3539 1093 3599 enjus
1105 3537 1237 3586 auetorita-

173 3625 267 3665 ωηο.
725 3619 917 3682 temuqnimur,
928 3628 953 3666 et
965 3617 1006 3666 eui
1016 3616 1089 3666 fldem
1097 3615 1235 3665 babendum

192 3681 198 3693 ’
209 3694 234 3743 ⁵.
242 3696 411 3758 Imperatores.
422 3698 454 3759 Q.
463 3696 591 3746 Metellum
599 3697 681 3757 Pium,
725 3697 825 3762 putetis.

173 3773 299 3822 Numidici
311 3773 403 3834 lilium,
416 3786 440 3823 et
452 3776 500 3825 Cn.
513 3777 664 3841 Pompeium.
765 3778 790 3825 8.
802 3778 862 3825 Esse
873 3792 921 3823 non
931 3774 1015 3839 pouit.
1026 3774 1067 3824 Sic
1080 3775 1111 3822 nb
1124 3773 1178 3824 utili
1189 3772 1238 3824 ‹lis-

209 3853 683 3905 uotimndeosmreirmrrraenm
725 3865 796 3920 putat
813 3855 914 3913 Cicer03
932 3869 984 3901 non
996 3854 1045 3914 jam
1062 3853 1150 3902 durare
1165 3870 1238 3917 porro

172 3930 219 3977 Cn.
233 3933 361 3996 Pompeius
374 3950 437 3983 max.
448 3956 461 3975 υ
475 3935 551 3997 Quod
563 3935 680 3983 insulsum
723 3934 811 3999 populi
824 3949 885 3981 rom.
904 3933 1031 3998 imperium
1044 3932 1145 3981 sublatis
1160 3936 1238 3982 recti·

173 4010 301 4060 ediderunt
307 4014 428 4079 Verburg.
437 4026 461 4063 et
469 4015 560 4063 Olivet.
570 4017 681 4079 quamvis
723 4013 829 4078 guibon,
840 4030 896 4078 qua
906 4030 932 4062 re
941 4015 994 4079 ipra
1002 4024 1117 4079 pereunt,
1126 4014 1182 4062 siin
1191 4031 1234 4062 eos

174 4088 225 4139 duo
237 4091 299 4140 MSS
314 4105 397 4142 eontra
412 4096 525 4144 moerent.
541 4094 623 4144 Credit
637 4096 681 4143 Er·
725 4093 931 4154 animadvertitur,
943 4095 986 4160 qui
997 4110 1025 4143 ea
1036 4095 1119 4159 paullo
1130 4098 1236 4144 severius

174 4181 235 4218 nest.
246 4170 431 4232 portuadeos·
449 4173 564 4222 omissum
581 4173 681 4223 verbum
725 4185 863 4238 exegerunt.

193 4270 214 4305 ο
