3200 4768
382 408 437 478 IN
460 403 681 474 VERREM
701 404 810 477 ACT.
831 406 891 492 ΙΙ,
916 405 1009 474 LIB.
1028 407 1092 476 IV.
1196 407 1264 482 255

210 528 301 601 nibil
321 553 359 599 se
377 530 415 598 in
437 551 481 598 eo
498 527 684 624 potestatis
698 524 851 613 habere,
868 524 966 622 quod
986 526 1180 624 imperator
1199 515 1268 604 cla·

211 640 387 726 ursimus,
398 635 491 707 urbe
507 635 665 706 hostium
680 651 799 733 capta,
822 651 1098 708 mouumentum
1112 641 1268 714 victoria)

212 749 340 847 populi
353 747 493 819 romani
510 769 587 817 esse
607 745 789 817 voluisset.

262 861 387 948 Quum
405 857 471 927 iste
492 855 606 926 nihilo
621 855 819 943 remissius,
833 870 943 953 atque
956 848 1064 926 etiam
1082 857 1198 929 multo
1214 854 1279 933 ve?

214 966 417 1038 hemeutius
434 966 584 1036 instaret
607 963 790 1060 quotidie,
818 987 875 1034 res
898 966 1015 1061 agitur
1035 967 1096 1035 in⁷
1121 984 1271 1045 senatu:

212 1077 446 1148 vehementer
461 1072 507 1145 ab
525 1072 697 1145 omnibus
712 1073 936 1145 reclamatur.
956 1076 1082 1170 Itaque
1099 1075 1163 1147 illo
1184 1092 1273 1149 tem·

214 1209 319 1282 pore,
346 1209 388 1255 ac
413 1184 531 1281 primo
552 1184 655 1255 istius
678 1180 856 1271 adventu,
876 1197 1104 1281 pernegatur.
1130 1190 1276 1278 Postea,

214 1293 391 1392 quidquid
412 1307 488 1365 erat
506 1293 626 1364 oneris
648 1293 685 1363 in
706 1293 825 1364 nautis
841 1291 1111 1399 remigibusque
1130 1298 1275 1395 exigen-

215 1405 288 1490 dis,
313 1406 352 1473 in
369 1401 554 1473 frumento
574 1400 807 1498 imperando,
831 1402 1045 1498 Segestanis,
1068 1418 1196 1500 praeter
1218 1431 1277 1479 ce·

216 1529 334 1599 tenos,
373 1510 584 1607 imponebat
615 1511 800 1606 aliquanto
833 1511 1005 1609 amplius,
1039 1538 1148 1610 quam
1184 1514 1278 1591 ferre

217 1635 380 1721 possent3
398 1633 569 1716 practerea
587 1619 813 1714 magistratus
827 1643 953 1690 eorum
972 1621 1160 1712 evocabat3
1181 1627 1276 1724 opti·

217 1755 319 1803 mutu
350 1753 533 1827 quemque
558 1742 595 1800 et
621 1728 885 1800 nobilissimum
917 1727 962 1800 ad
990 1755 1029 1802 se
1056 1733 1277 1826 arcessebat;

219 1843 354 1912 circum
379 1840 500 1911 omnia
524 1842 717 1938 provinciae
741 1833 844 1910 fora⁸
869 1839 1053 1938 rapiebat3
1076 1843 1278 1940 singillatim

220 1952 417 2048 unicuique
436 1951 625 2022 calamitati
644 1948 723 2021 fore
742 1974 778 2021 se
798 1947 1054 2039 denuntiabat3
1075 1954 1277 2026 universam

219 2087 257 2133 se
266 2059 431 2132 funditus
443 2060 540 2132 illam
556 2084 764 2130 eversurum
777 2084 853 2132 esse
867 2063 1045 2131 civitatem
1061 2061 1279 2136 minabatur.

219 2176 347 2269 Itaque
365 2169 575 2268 aliquando,
589 2169 713 2239 multis
726 2168 843 2256 malis,
862 2192 1068 2266 magnoque
1083 2185 1183 2241 metu
1196 2176 1279 2243 victi

220 2284 419 2379 Segestani,
441 2283 603 2378 praetoris
620 2283 773 2376 imperio
793 2278 994 2376 parendum
1013 2303 1090 2350 esse
1112 2281 1280 2355 decreve-

221 2400 353 2461 runt9:
374 2413 505 2486 magno
522 2412 604 2459 cum
626 2389 745 2474 luctu,
774 2402 811 2458 et
829 2389 965 2486 gemitu
983 2391 1094 2459 totius
1114 2393 1282 2483 civitatis,

223 2501 345 2571 multis
363 2523 448 2570 cum
468 2497 649 2596 lacrymis,
670 2513 707 2570 et
732 2498 988 2570 lamentatione
1010 2499 1171 2572 virorum
1197 2528 1279 2576 rnu-

222 2609 424 2705 lierumque
453 2610 636 2697 omnium,
667 2607 899 2679 simulacrum
931 2611 1053 2680 Dianae
1076 2610 1280 2686 tollendum

224 2718 413 2789 locatur¹⁰.

272 2831 413 2899 XXXV.
438 2826 565 2902 Videte
590 2843 726 2926 quanta
744 2826 939 2927 religione¹
961 2827 1089 2901 luerit:
1105 2830 1203 2929 apud
1222 2836 1283 2906 Se·

225 2951 392 3031 gestanos
415 2953 600 3035 repertum
627 2962 721 3027 esse,
746 2938 902 3035 judica,
931 2942 1059 3011 scitote
1084 2942 1285 3032 neminem,

227 3070 345 3142 neque
361 3044 531 3133 liberum,
556 3072 677 3144 neque
694 3073 852 3138 servum,
872 3074 992 3146 neque
1009 3053 1141 3139 civem,
1164 3077 1284 3151 neque

128 3199 131 3205 -
226 3158 471 3252 peregrinum,
485 3158 549 3253 qui
565 3155 654 3228 illud
672 3161 813 3254 signum
831 3159 980 3230 auderet
994 3163 1180 3259 attingere.
1199 3168 1284 3234 Bar·

263 3342 430 3401 7.1nsenaea.
440 3339 624 3403 Quantum
634 3338 732 3387 scilicet.
776 3340 918 3400 tradidisse,
939 3357 969 3389 ne
981 3341 1007 3388 iu
1023 3342 1164 3391 ennodium
1180 3345 1284 3405 recidam

262 3421 286 3468 8.
299 3421 373 3469 Fora.
388 3423 448 3468 Fora
467 3419 494 3467 iu
512 3419 649 3485 provinciis
666 3418 736 3467 ‹licr-
776 3419 815 3468 hir
828 3420 929 3469 vocibus
947 3431 1042 3469 tantum
1064 3422 1158 3481 utitur,
1176 3427 1287 3487 praetoris

226 3500 315 3549 bantur
326 3498 418 3565 oppida
437 3509 516 3559 cetu,
528 3498 573 3546 ubi
588 3510 680 3562 pretor
694 3498 735 3559 jur
776 3500 879 3564 imperio
896 3499 1029 3564 parendum
1043 3516 1094 3548 esse
1109 3500 1287 3563 decreverunt,

227 3581 322 3629 dicebat
330 3592 355 3629 ct
365 3596 415 3645 quo
425 3579 535 3645 promitti
545 3578 683 3628 vadimoni·
694 3595 736 3627 ro·
778 3590 803 3627 et
814 3578 872 3625 iude
888 3579 967 3626 omnis
986 3579 1012 3626 iu
1030 3582 1131 3627 Verrem
1150 3580 1286 3643 indignatio

226 3660 314 3709 lebant.
325 3663 409 3723 ltaque
419 3662 506 3707 Verres
519 3658 614 3708 nobiles
626 3661 736 3723 Segesta·
778 3656 871 3706 recidit.

227 3754 273 3787 uer
286 3755 331 3803 per
347 3738 482 3804 praecipuas
493 3739 629 3803 provincia
645 3738 733 3798 urbes,
817 3751 855 3784 ro.
869 3738 983 3786 locatur.
996 3737 1070 3786 Certo
1083 3737 1162 3800 pretio
1175 3737 1288 3805 transigi-

227 3834 315 3882 urguo
324 3835 410 3875 corum
422 3817 579 3866 incommodo
591 3833 674 3867 recum
686 3829 736 3866 tra-
778 3827 883 3864 turcum
896 3814 992 3879 aliquo,
1007 3825 1034 3862 ut
1043 3814 1198 3863 simulacrum
1211 3815 1242 3865 de
1253 3835 1290 3867 rc·
1367 3809 1370 3825 '

227 3896 307 3947 behet.
779 3895 866 3943 dem
878 3894 994 3942 retrabat.
1250 3896 1258 3907 '

262 3992 289 4038 9.
301 3975 440 4026 Parendum
452 3993 502 4026 esse
510 3976 672 4025 conmuni.
682 3977 737 4025 No·
814 3973 922 4021 xm.
932 3970 1289 4036 r.1teligione.Graev.Cujrc.et

230 4055 329 4103 tandum
342 4056 381 4123 bic
402 4056 504 4105 oratoris
519 4053 668 4118 artificium
685 4072 737 4105 uon
780 4070 829 4118 reg.
841 4052 896 4102 cod.
905 4051 1001 4117 religio.
1009 4051 1048 4099 Sic
1058 4050 1116 4098 olim
1127 4051 1289 4120 distingueba-

230 4133 294 4180 euim
304 4137 446 4200 Segestanos
458 4135 621 4201 iuquit,Verri
635 4134 737 4182 Dianam
781 4144 833 4181 tur:
842 4131 1288 4196 «ret.tueritapudsogerunot,etc.-
