3116 4774
374 446 429 518 ru
453 378 804 515 verrerint.
825 443 881 529 11,
905 443 1000 512 me.
1025 442 1068 510 v,
1181 416 1252 527 aaa

192 583 372 663 constitue
398 577 489 649 nihil
514 602 589 649 esse
616 579 696 677 opis
726 579 765 648 in
796 576 864 656 hae
888 599 996 665 voce,
1020 599 1110 648 otus
1140 600 1255 647 aona·

192 716 260 764 ans
273 715 361 780 surr3
378 712 484 788 posse
508 690 656 784 impune
685 702 892 785 praetorem,
921 676 983 755 {tut
1002 682 1109 755 alium
1127 707 1255 780 quem·

192 800 302 887 libet,
316 797 553 899 supplicium,
568 795 783 899 quodivelit,
797 795 833 865 in
849 818 931 866 eum
947 792 1182 879 constituere,
1195 790 1259 888 qni

194 936 233 983 se
250 912 364 984 civem
385 930 574 980 romanum
596 930 673 979 esse
693 905 801 992 dicat,
832 902 932 1002 quod
960 903 1041 1001 quis
1064 897 1256 998 ignoret³z

190 1021 264 1116 jam
279 1042 404 1091 omnes
423 1017 643 1115 provincias,
656 1016 730 1113 jam
744 1016 864 1085 omnia
887 1038 1014 1111 regna,
1032 1013 1106 1109 jam
1128 1034 1258 1083 omnes

193 1128 322 1201 liberas
340 1128 524 1214 civitates,
544 1126 618 1222 jam
642 1151 788 1198 ornnem
818 1123 946 1196 orbem
973 1138 1169 1208 terrarum,
1193 1121 1258 1218 qui

192 1262 336 1336 semper
354 1239 486 1319 uostris
503 1234 714 1329 hominibus
730 1237 885 1305 maxime
903 1237 1031 1330 patuit,
1049 1229 1185 1303 civibus
1199 1254 1259 1300 ro·

159 1388 162 1391 ·
193 1349 308 1417 manis
323 1347 389 1415 ista
401 1341 608 1415 defensione
619 1344 851 1443 praecluseris.
863 1341 1019 1432 Quidisi
1029 1344 1068 1412 L.
1081 1341 1260 1426 Pretium,

194 1456 354 1551 equitem
372 1477 584 1541 romanum,
603 1455 667 1550 qui
688 1469 765 1523 tum
785 1456 821 1522 in
842 1451 958 1522 Siciiia
975 1449 1260 1548 negotiabatur⁴‚

194 1560 426 1648 nominabat3
445 1563 601 1632 etiamne
619 1560 656 1631 id
668 1585 840 1659 magnum
853 1560 940 1651 fuit,
955 1567 1172 1633 l‘anormum
1185 1560 1262 1631 lite·

194 1695 252 1744 ras
272 1671 443 1741 mittere?
466 1693 660 1741 asservasse
691 1669 896 1740 hominem?
917 1670 1089 1741 custodiis
1110 1674 1262 1741 Mamer·

137 1842 141 1849 .
196 1781 364 1856 tinorum,
384 1794 532 1850 tuorum
559 1780 740 1865 vinctum,
760 1776 941 1849 clausum⁵
966 1761 1154 1865 habuisse,
1173 1778 1261 1850 dum

196 1894 374 1961 Panormo
403 1890 540 1961 Pretius
570 1889 738 1960 veniret?
770 1903 1004 1986 cognosceret
1036 1884 1262 1978 hominem⁶3

196 1999 331 2098 aliquid
350 2000 396 2072 de
414 2025 557 2071 summo
572 2001 750 2099 supplicio
764 2000 965 2072 remitteres
984 2027 992 2069 τ
1015 2000 1043 2070 si
1062 2001 1262 2095 ignoraret,

197 2123 294 2200 turn,
308 2113 336 2182 si
355 2114 403 2182 ita
419 2110 487 2181 tibi
504 2110 705 2197 rideretur,
723 2108 794 2180 hoe
809 2110 900 2204 juris
920 2110 958 2178 in
980 2132 1107 2178 omnes
1129 2107 1262 2178 consti·

196 2233 335 2308 meres,
354 2235 410 2309 ut,
428 2224 491 2318 qui
510 2245 629 2318 neque
649 2218 716 2290 tibi
739 2233 847 2290 notus
869 2233 980 2305 esset,
997 2243 1119 2314 neque
1138 2220 1262 2319 cogni·

196 2343 333 2403 torem⁷
346 2333 566 2429 locupletem
577 2331 691 2421 daret,
702 2334 865 2428 quamvis
878 2330 963 2401 civis
973 2353 1144 2400 romanus
1155 2341 1263 2416 esset,

197 2445 235 2514 in
252 2466 394 2514 crucem
419 2443 617 2513 tolleretur.

181 2540 186 2551 ¹
245 2554 369 2623 LXVI.
389 2551 458 2622 Sed
470 2550 557 2648 quid
570 2575 635 2648 ego
645 2551 748 2647 plura
764 2550 809 2621 de
820 2550 957 2621 Gavio?
974 2549 1078 2646 quasi
1092 2563 1131 2640 tu
1150 2550 1263 2619 Gavio

198 2675 276 2743 tum
295 2660 409 2738 ,fueris
428 2658 597 2745 infestus,
619 2685 660 2732 ac
677 2686 752 2732 non
770 2660 928 2746 nomini,
948 2660 1093 2758 generi,
1113 2658 1187 2753 juri
1213 2660 1265 2728 ci·

198 2867 307 2916 refertur
318 2867 350 2915 ad
363 2867 542 2916 substantivum
554 2882 618 2927 rem,
630 2884 709 2932 neque
753 2867 811 2916 and.
821 2865 844 2915 ei
850 2898 859 2921 ,
872 2876 914 2913 aut
926 2864 952 2912 iri
963 2864 1040 2913 aitero
1053 2863 1163 2911 membro
1173 2862 1260 2910 diiem·

198 2962 245 3017 pro
255 2948 383 3011 partieipio
391 2947 501 3011 ponitur,
510 2946 553 2994 sed
561 2947 709 2995 verbumeet
752 2947 825 2995 matie
843 2944 982 2993 delendum.
1007 2944 1102 2990 Etenim
1122 2942 1218 3005 elegans
1234 2943 1260 2988 in

198 3023 367 3082 indefinitum,
389 3041 468 3088 neque
488 3026 613 3087 numeris,
630 3042 709 3088 neque
752 3025 852 3090 primis,
865 3021 1020 3070 etreteribue
1031 3021 1118 3068 usitata
1131 3019 1223 3083 figura,
1236 3030 1264 3067 ut

199 3102 327 3169 generibus
345 3103 486 3151 inserviens.
506 3103 570 3150 vtde
591 3108 624 3150 A.
643 3103 707 3152 Geli.
753 3104 788 3151 sic
799 3102 849 3151 duo
861 3101 981 3149 contraria
996 3100 1049 3148 eine
1061 3098 1161 3147 adverb.
1173 3098 1194 3146 si
1207 3115 1265 3164 pro·

198 3184 243 3233 lib.
255 3186 283 3241 1,
304 3199 359 3248 eap.
371 3199 398 3244 7;
416 3184 490 3230 Voss.
502 3180 533 3229 de
545 3181 650 3244 Analog.
662 3181 708 3230 lib.
754 3193 885 3247 ponantur.
906 3184 993 3230 Sensus
1014 3192 1070 3228 eet:
1089 3182 1140 3227 Aut
1159 3179 1263 3227 Gavium

198 3265 250 3321 111,
261 3277 316 3326 rap.
330 3264 375 3319 rti;
386 3261 498 3310 Perizon.
509 3259 540 3306 ad
551 3260 633 3309 sanet.
643 3261 708 3309 Min.
753 3271 911 3327 eoguoaeeret
923 3261 1032 3319 Pretius,
1042 3269 1085 3307 ant
1096 3260 1227 3323 ignoraret.
1238 3258 1264 3305 Si

198 3340 243 3403 iib.
257 3344 282 3401 1,
299 3357 353 3406 erp.
367 3350 416 3398 ιι,
431 3357 457 3405 p.
472 3339 528 3387 106.
753 3334 909 3406 eogndaeeret
922 3341 1060 3399 hominem,
1071 3350 1143 3403 atque
1157 3354 1211 3386 eum
1226 3336 1264 3385 oi·

234 3421 259 3469 3.
271 3419 345 3484 Quod
351 3420 406 3485 quis
415 3417 517 3484 r'gvnoret.
527 3416 635 3466 Suband-
645 3433 709 3465 eum·
753 3428 814 3470 vetn'
827 3438 877 3470 esee
891 3431 1034 3473 testaretur.
1048 3417 1140 3482 aliquid
1154 3417 1185 3465 de
1198 3433 1267 3466 anm·

199 3498 275 3563 Quod
287 3499 319 3547 ait
329 3499 419 3546 nemini
433 3509 513 3546 notus.
751 3515 792 3547 mo
800 3501 923 3565 supplicio
932 3497 1113 3557 remitteree‚ri
1126 3497 1265 3561 ignoraret,

235 3584 260 3633 ι.
276 3577 462 3643 Negotiabatur.
483 3576 572 3624 Delent
590 3573 653 3622 hane
665 3591 708 3623 ro·
752 3588 817 3638 tum,
827 3591 874 3628 ere.

199 3672 252 3704 cem
262 3657 371 3705 Grreriue
380 3668 405 3705 et
411 3642 531 3719 Veriinrg.
542 3672 569 3702 ea
579 3665 659 3704 tamen
672 3664 709 3702 eet
789 3675 813 3719 7.
825 3658 986 3725 cognitorem.
997 3656 1110 3721 Aliquem
1122 3654 1161 3703 eui
1172 3667 1265 3715 eogno-

199 3735 231 3791 ad
251 3753 347 3785 aeneum
365 3735 508 3785 necessaria.
527 3737 556 3781 ln
572 3734 708 3782 Florentina
751 3747 868 3787 seeretur.
884 3765 919 3774 -
937 3736 1098 3801 Loermieeem.
1107 3733 1137 3781 Id
1151 3742 1266 3794 angra·

199 3811 307 3863 editione
327 3815 463 3881 reperitur,
481 3824 505 3862 et
523 3812 588 3860 iliam
608 3812 708 3860 retinuit
751 3833 820 3874 rem,
838 3814 888 3863 fide
908 3815 1025 3879 dignum,
1039 3814 1077 3861 rel
1097 3813 1180 3877 potine
1201 3807 1264 3856 divi-

199 3892 231 3940 Β..
247 3893 389 3958 Stephanus.
751 3905 811 3953 tem,
821 3905 846 3943 et
858 3896 929 3955 eujus
941 3893 1045 3958 pecunia
1058 3892 1119 3938 civia
1131 3890 1173 3938 ille
1186 3903 1266 3935 roma-

236 3971 261 4019 5,
277 3971 402 4030 Vinctum,
415 3973 532 4020 clausum.
549 3969 634 4019 Lamb.
649 3969 708 4036 tegit
751 3989 797 4022 uua
806 3974 886 4022 eruoia
895 3971 1019 4038 supplicio
1029 3969 1195 4019 redimeretur.
1205 3969 1263 4030 Quo

200 4049 330 4097 evinctum
342 4052 528 4116 clausumque».
751 4068 824 4102 unau
831 4051 978 4100 oumVerrie
987 4050 1128 4099 erudelitate
1138 4048 1264 4097 avaritiam

237 4129 262 4191 β,
272 4131 431 4195 cognosceret
443 4133 573 4182 hominem.
587 4135 639 4181 Aut
651 4129 708 4179 eub-
752 4133 839 4182 Cieero
851 4131 987 4196 conjungit.
