3148 4780
353 451 423 548 390
675 455 724 522 Μ.
750 455 787 522 Τ.
814 452 1092 524 CICERONIS

352 589 462 671 atque
483 570 686 645 funestum!
711 599 734 644 o
754 576 857 645 istius
874 573 1072 670 nequitiam
1090 594 1133 642 ac
1147 568 1410 669 turpitudinem

346 679 583 779 singularem!
601 686 682 753 Una
699 698 807 779 atque
830 680 954 754 eadem
980 706 1055 752 nox
1075 693 1169 766 erat,
1189 703 1263 777 que
1278 695 1411 777 praetor

351 795 482 863 amoris
499 793 695 891 turpissimi
715 792 878 878 flamma,
906 815 947 863 ac
972 789 1092 861 classis
1118 789 1244 887 populi
1270 794 1407 860 romani

350 902 563 1000 predonum
606 901 774 974 incendio
815 899 1066 998 conflagrabat.
1107 897 1268 971 Affertur
1302 915 1408 972 nocte

349 1015 564 1110 intempesta
591 1012 707 1109 gravis
726 1012 879 1107 hujusce
903 1011 985 1081 mali
1007 1013 1158 1083 nuntius
1187 1011 1373 1105 Syracusas
1397 1037 1405 1078 :

350 1127 509 1194 curritur
532 1121 577 1192 ad
606 1122 858 1221 pretorium&
878 1144 954 1218 quo
981 1120 1088 1189 istum
1110 1143 1132 1189 e
1155 1117 1321 1190 convivio
1343 1116 1406 1189 illo

350 1231 520 1329 praeclaro
535 1229 752 1302 reduxerant
766 1229 887 1327 paullo
906 1242 989 1300 ante
1011 1226 1177 1299 mulieres
1197 1250 1279 1297 cum
1299 1240 1407 1299 cantu

350 1355 459 1437 atque
483 1339 708 1437 symphonia.
729 1339 957 1425 Cleomenes,
984 1359 1203 1434 quamquam
1222 1361 1295 1407 uox
1312 1351 1405 1421 erat,

349 1463 470 1519 tamen
487 1450 527 1518 in
543 1446 692 1546 publico
713 1472 789 1520 esse
808 1472 883 1519 uon
904 1447 1030 1535 audet3
1050 1445 1203 1518 includit
1222 1471 1262 1517 se
1283 1445 1404 1517 domi:

348 1580 468 1652 neque
483 1555 606 1628 aderat
620 1554 753 1645 uxor³‚
766 1581 848 1655 qum
859 1556 1035 1628 consolari
1052 1554 1236 1626 hominem
1252 1557 1292 1626 in
1305 1555 1406 1628 malis

348 1678 481 1763 posset.
496 1666 612 1762 Hujus
628 1682 748 1739 autem
767 1667 927 1764 praeclari
942 1668 1168 1763 imperatoris
1190 1666 1238 1736 ita
1255 1679 1331 1736 erat
1350 1690 1404 1737 se·

325 1854 330 1864 ,
346 1798 432 1845 vera
445 1773 546 1846 domi
559 1776 759 1875 disciplina,
773 1780 863 1847 utin
876 1801 916 1847 re
931 1790 1050 1862 tanta,
1065 1776 1102 1844 in
1112 1789 1186 1845 tam
1199 1775 1300 1871 gravi
1314 1799 1405 1849 nun·

347 1884 398 1953 tio
416 1908 526 1956 nemo
544 1884 809 1973 admitteretur3
827 1907 935 1955 nemo
961 1899 1071 1968 esset,
1093 1885 1158 1979 qui
1174 1881 1325 1955 auderet
1342 1899 1405 1955 aut

345 1989 586 2064 dormientem
596 1998 766 2081 excitare,
784 2006 846 2063 aut
861 1992 1090 2090 interpellare
1099 1991 1402 2088 vigilantemlam

343 2124 449 2185 vero,
471 2125 513 2172 re
529 2099 577 2172 ah
595 2100 765 2173 omuibus
784 2104 947 2197 cognita,
967 2100 1201 2172 concursabat
1218 2099 1308 2173 urbe
1325 2115 1402 2172 tota

345 2210 501 2280 maxima
529 2208 724 2282 multitudo
748 2236 757 2278 ε
780 2235 856 2283 non
877 2211 992 2296 enim,
1010 2211 1103 2280 sicut
1125 2223 1229 2281 autea
1250 2234 1400 2283 consue·

343 2318 435 2390 tudo
454 2333 549 2405 erat,
576 2319 785 2417 praedonum
809 2317 1002 2390 adventum
1023 2316 1245 2415 significahat
1269 2321 1361 2417 ignis
1380 2347 1401 2394 e

342 2425 488 2521 specida
509 2424 711 2514 subtatum,
729 2426 974 2513 auttumu103
1000 2428 1062 2499 sed
1086 2426 1228 2503 flumme
1255 2453 1301 2501 ex
1321 2432 1400 2528 ipso

340 2532 511 2603 incendio
527 2534 688 2621 navium,
710 2548 747 2605 et
762 2534 997 2607 calamitatem
1017 2551 1217 2633 acceptam,
1245 2550 1282 2606 ct
1303 2542 1399 2633 peri·

339 2641 461 2712 culum
483 2641 663 2740 reliquum
684 2644 886 2716 nuntiabat.

387 2755 547 2825 xxxvl
567 2755 691 2844 Quum
707 2768 839 2851 pretor
854 2768 1094 2851 quaereretur,
1115 2768 1151 2826 et
1166 2767 1348 2826 constaret
1363 2759 1396 2829 ei

337 2867 518 2934 neminem
532 2864 730 2949 nuntiasse,
747 2861 790 2934 fit
810 2863 856 2934 ad
873 2863 1024 2933 domum
1045 2865 1122 2959 ejus
1139 2888 1223 2935 cum
1241 2863 1396 2937 clamore

336 2996 537 3045 concursus
558 2987 668 3069 atque
694 2974 860 3070 impetus.
882 2977 974 3043 Tum
993 2974 1060 3045 iste
1081 2976 1277 3049 excitatus¹
1298 2974 1396 3047 audit

334 3102 412 3152 rem
431 3107 575 3152 omnem
595 3107 640 3153 ex
660 3080 885 3154 Timarchide
905 3109 914 3152 ε
932 3106 1057 3178 sagum
1074 3083 1218 3155 sumit².
1237 3082 1396 3157 Lucebat

368 3232 394 3263 a,
409 3214 520 3262 maritmi-
529 3214 567 3262 αδ
572 3215 720 3278 prestariam.
735 3217 840 3265 Donum
918 3219 1040 3266 nm
1051 3232 1075 3264 ι.
1083 3214 1224 3267 Μαίη.
1234 3219 1256 3266 Ε
1265 3233 1394 3267 eomm-

332 3294 439 3355 regim,
459 3307 513 3354 qun
531 3294 593 3355 regis
615 3294 729 3342 flieronis
748 3295 839 3354 luerat,
882 3293 1393 3356 &TimarchideLibertomoetaoeenm

331 3386 378 3435 qna
389 3380 505 3435 pretores
516 3371 551 3417 uti
562 3370 681 3419 solebant.
882 3375 952 3436 cnjus
965 3390 1038 3438 opera
1052 3374 1139 3421 Verres
1152 3362 1292 3422 familiarius
1308 3373 1392 3422 nteha-

365 3450 393 3497 3.
413 3447 499 3513 Neque
514 3446 602 3496 aderat
616 3464 689 3497 uxor.
710 3451 797 3499 Amare
811 3453 837 3499 in
882 3462 931 3502 tur.
942 3455 971 3499 ln
982 3451 1127 3499 enmloomn
1136 3452 1216 3501 edltm
1224 3461 1275 3500 erat
1285 3451 1392 3509 nmini,

265 3580 270 3587 ,
329 3530 495 3581 Quom.
507 3526 565 3576 Vid.
575 3543 724 3592 suprmcqp.
735 3530 777 3578 31.
880 3532 927 3585 ,ἢ
939 3531 1037 3594 quisue
1049 3531 1147 3588 eodm,
1159 3542 1202 3580 ant
1215 3530 1323 3581 minister
1334 3529 1392 3577 tibt-

364 3618 391 3666 t.
407 3606 517 3673 Speculo.
535 3608 614 3654 Locus
627 3607 771 3665 estedime,
785 3609 836 3659 eive
880 3609 944 3657 dinis
967 3623 1018 3655 esee
1042 3620 1133 3671 postet.
1158 3612 1197 3658 De
1219 3607 1388 3667 Timarchide,

328 3703 410 3747 none,
422 3687 473 3734 aive
483 3683 668 3743 nutritionis,
683 3686 750 3733 nu&
763 3686 836 3752 longe
878 3686 922 3736 lib.
932 3688 975 3744 11,
985 3700 1041 3750 etp.
1056 3688 1088 3735 se
1101 3697 1126 3737 et
1137 3689 1180 3745 tt.

327 3763 834 3833 pro-pleemetspeenlmiroleatqnieirel
913 3781 938 3817 a.
962 3768 1064 3831 &gum
1087 3767 1146 3815 Erat
1167 3766 1242 3815 vestis
1262 3764 1392 3828 miliaria,

327 3844 521 3900 mntdeetineti,
538 3854 562 3890 et
577 3843 641 3893 unde
654 3844 747 3894 sublate
765 3844 834 3907 isos,
878 3860 933 3908 qna
954 3845 1063 3895 veetilsm
1086 3844 1140 3895 aliis
1161 3844 1389 3908 superinduemur,

326 3922 357 3969 de
367 3923 475 3969 hoetim
492 3921 599 3971 advntu
614 3933 780 3973 commonent.
797 3925 834 3971 De
877 3923 912 3971 Ee
932 3939 983 3972 non
1002 3934 1051 3975 tam
1069 3924 1171 3987 gregarii
1188 3923 1293 3985 milites,
1315 3939 1388 3988 quam

327 3999 459 4047 tonatim
478 4000 547 4063 apud
564 4003 664 4051 Veteres
684 4000 781 4052 ration
797 4003 833 4049 ni·
876 4001 990 4053 ordinum
1014 4002 1089 4053 duee·
1111 4001 1251 4053 utebantur.
1271 4002 1386 4067 Ejusdem

329 4074 833 4141 vitiandiperlgueunhlatomlassnt
876 4078 1293 4144 nefomoeumpundmentm
1311 4096 1387 4145 qun-e

329 4153 432 4203 studlod
443 4152 534 4214 Polyb,
549 4154 594 4200 Kx.
603 4156 632 4201 L.
641 4157 681 4211 Χ,
692 4156 735 4202 38.
877 4160 1013 4223 promiscue
1022 4174 1087 4223 supe
1098 4169 1235 4211 sumuntur.
