3142 4774
307 436 350 506 72
624 415 671 481 u.
698 415 734 481 r.
763 414 1053 484 cmuuorus

303 537 518 628 expressisse
541 530 587 604 ab
612 532 730 603 invitis
753 530 1007 630 Liparensibus
1033 529 1126 602 banc
1148 537 1364 629 pecuniam?

301 642 370 714 Sed
393 642 482 741 quid
500 667 566 739 ego
585 666 630 712 ex
651 656 687 712 te
707 666 848 738 quaero,
866 639 955 740 quid
974 639 1188 712 defensurus
1208 643 1274 731 sis,
1295 669 1360 742 po-

301 754 390 835 tius,
412 776 520 850 quam
544 774 757 849 cognoscam
777 776 820 822 ex
840 755 916 850 ipsa
935 750 1205 849 civitate‚.quid
1220 768 1361 850 gestum

301 864 368 933 sit?
378 865 499 934 Recita
513 861 755 932 testimonium
767 859 1221 958 publicumliparensium,
1231 859 1363 933 deinde

300 970 604 1068 quemadmodum
630 967 795 1040 Valentio
820 970 961 1039 nummi
984 972 1055 1040 sint
1079 969 1165 1041 dati.
1186 974 1362 1043 Trsrmo·

210 1096 213 1102 '
298 1106 391 1152 ruuu
417 1104 622 1166 Poenicum
651 1102 828 1163 Quouono
859 1103 1024 1150 sonurmr
1052 1102 1128 1167 sir,
1155 1104 1200 1150 rx
1227 1092 1382 1152 uirums‘

297 1213 465 1262 eunucis.
488 1191 651 1260 Etiamne
670 1187 746 1261 haec
762 1203 834 1259 tam
854 1212 963 1286 parva
981 1189 1122 1276 civitas,
1138 1202 1210 1260 tam
1231 1189 1362 1287 procul

297 1328 318 1373 a
333 1298 500 1372 manibus
517 1300 587 1369 tuis
603 1313 712 1397 atque
732 1323 754 1370 a
770 1313 967 1396 conspectu
985 1313 1143 1388 remota,
1163 1299 1361 1394 sejunctas

297 1411 428 1499 Sicilia,
450 1411 489 1479 in
509 1406 651 1480 insula⁶
670 1409 806 1481 inculta
830 1411 1003 1505 tenuique
1024 1409 1161 1506 posita,
1180 1408 1361 1481 cumulata

297 1521 375 1593 aliis
394 1523 465 1592 tuis
482 1517 678 1615 majoribus
697 1516 858 1612 injuriis,
880 1518 919 1587 in
936 1515 1007 1588 hoc
1026 1518 1175 1614 quoque
1197 1515 1360 1589 frumeu-

298 1635 388 1701 tario
405 1652 556 1726 genere,
571 1627 698 1725 praedae
715 1626 781 1698 tibi
798 1641 835 1698 et
849 1627 1003 1725 quaestui
1019 1624 1108 1697 fuit?
1122 1651 1233 1724 quam
1246 1641 1287 1699 tu
1303 1643 1359 1699 to·

298 1754 371 1809 tam
387 1735 702 1808 insulam'cuidam
721 1749 868 1809 tuorum
887 1735 1096 1824 sodaliuml,
1107 1738 1201 1807 sicut
1212 1738 1360 1836 aliquod

298 1851 577 1937 munusculum,
605 1848 849 1938 condonaras;
876 1848 922 1919 ab
952 1847 1018 1920 hae
1045 1849 1152 1919 etiam
1181 1847 1256 1921 haec
1283 1849 1359 1922 fru-

298 1961 471 2031 mentaria
486 1957 604 2044 lucra,
623 1971 804 2054 tamquam
822 1982 843 2028 a
858 1956 1149 2042 mediterrancis,
1166 1959 1358 2057 exigeban-

297 2068 380 2140 tur?
399 2072 525 2165 ltaque
543 2068 608 2164 qui
626 2079 683 2136 tot
697 2066 802 2137 annis
819 2066 950 2164 agellos
969 2091 1053 2139 suos
1075 2081 1158 2141 ante
1178 2083 1213 2139 te
1229 2083 1359 2168 praelo·

297 2204 373 2249 rem
396 2177 571 2250 redimere
594 2200 615 2247 a
635 2176 759 2273 piratis
781 2175 965 2264 solebant,
983 2175 1092 2247 iidem
1110 2202 1149 2249 se
1168 2179 1264 2275 ipsos
1285 2205 1305 2250 a
1323 2196 1360 2251 te

297 2290 416 2384 pretio
435 2287 604 2384 imposito
620 2283 863 2357 redemerunt.

344 2397 538 2467 xxxviii.
560 2392 658 2483 Quid
679 2396 788 2490 ergo?
806 2419 828 2466 a
844 2394 1069 2466 Tissensibus
1081 2407 1107 2484 ¹,
1129 2420 1305 2499 perparva
1323 2415 1360 2471 et

296 2509 397 2579 tenui
427 2505 590 2592 civitate,
616 2504 677 2574 sed
706 2503 909 2576 aratoribus
931 2505 1219 2579 laboriosissimis
1242 2506 1386 2605 surga-'

296 2619 508 2713 lissimisque
537 2612 767 2700 hominibus,
793 2637 917 2685 nonne
944 2614 1047 2712 plus,
1075 2615 1164 2688 lucri
1190 2618 1357 2703 nomine,

296 2728 457 2824 eripitur,
472 2749 582 2821 quam
597 2737 775 2821 quantum
789 2720 961 2793 frumeuti
980 2727 1132 2795 omnino
1153 2728 1359 2797 exararant?

296 2841 340 2913 ad
364 2864 458 2937 quos
486 2838 525 2910 'tu
551 2839 792 2910 decumanum
817 2838 1039 2934 Diognetum
1065 2839 1261 2910 Venerium
1290 2844 1358 2911 mi·

296 2954 388 3037 sisti,
408 2974 543 3021 novum
569 2972 682 3046 genus
704 2945 897 3046 publicani.
920 2948 996 3017 Cur
1016 2947 1088 3018 hoc
1112 2962 1260 3020 auctore
1283 2975 1358 3022 nou

295 3069 416 3135 Romae
433 3083 582 3156 quoque
596 3059 689 3129 servi
703 3056 860 3156 publici²
878 3055 923 3128 ad
943 3057 1126 3157 vectigalia
1143 3057 1359 3133 accedanl³?

296 3247 336 3296 tiis
347 3242 486 3309 quindecim
498 3237 610 3287 udmari
623 3236 736 3299 vidimus,
743 3254 803 3302 quo
884 3254 908 3301 7.
915 3237 1101 3288 SodaliumPcr
1111 3242 1357 3305 mmmmm

297 3342 352 3376 rum
371 3323 423 3371 duo
441 3317 517 3367 millia
532 3317 579 3365 hec
596 3316 755 3366 aumatium
766 3318 803 3364 fa-
847 3318 1001 3382 lmgistntus
1019 3319 1136 3368 dicuntur
1148 3321 1264 3382 cominu,
1283 3321 1359 3369 mini.

296 3407 364 3457 cium
375 3398 509 3450 intertium
521 3395 618 3459 triginta
631 3393 715 3444 millis.
847 3397 898 3445 mi.

332 3486 358 3534 a
376 3472 803 3538 cor.uannu0pomu.,rmmn.
883 3475 1358 3527 summasunmna.
1427 3528 1432 3547 ι
1461 3448 1474 3507 ’.
1503 3472 1509 3485 ·

296 3558 469 3625 Veldeprobst
477 3558 560 3605 Gom.
570 3552 602 3602 ad
612 3552 719 3618 Philipp.
728 3554 767 3614 Σ,
779 3553 803 3601 5.
847 3551 970 3601 siensibus.
986 3552 1013 3600 J.
1022 3555 1056 3602 V.
1066 3555 1094 3602 1..

297 3674 332 3685 ..
346 3643 487 3695 demonem
504 3635 540 3684 sic
552 3631 636 3680 Verris
654 3629 746 3679 invidia
766 3630 805 3680 lo·
883 3645 910 3678 s.
924 3628 1015 3678 Probat
1029 3632 1141 3680 Gravius
1152 3633 1357 3684 ketionunllso.

261 3752 266 3763 .
298 3736 400 3791 quarum
412 3725 496 3768 oenset
506 3709 660 3762 d'om'llein
674 3709 749 3760 Sicul.
761 3711 803 3774 qui
846 3708 913 3757 nisui
925 3708 1032 3768 codicis,
1045 3709 1107 3759 serui
1117 3710 1263 3777 adpublica
1281 3714 1358 3762 vecti-

297 3814 377 3854 mrnt
396 3799 454 3850 estis
471 3810 523 3845 csso
542 3790 645 3842 fertilem
660 3790 723 3839 hanc
738 3789 804 3838 insu·
843 3786 915 3853 golia
928 3787 1055 3838 accedam.
1065 3791 1091 3839 J.
1102 3790 1135 3841 V.
1143 3794 1172 3840 L.

297 3885 357 3943 lm,
383 3876 523 3940 laudarique
543 3873 597 3936 eju·
621 3870 767 3918 lendum
788 3880 803 3913 ι
882 3867 906 3915 3.
921 3867 1058 3917 Accedam.
1067 3867 1201 3933 Vectigalia
1209 3867 1357 3917 conduma.

298 3960 374 4011 Diod.
386 3957 474 4011 mov,
490 3969 516 4016 p.
529 3953 592 4001 338.
608 3952 706 3999 eorem
722 3956 802 3994 numm
845 3945 886 3995 sio
899 3944 966 4009 apud
978 3947 1056 3997 Corn.
1079 3948 1144 4012 Nep.
1157 3947 1184 3995 in
1197 3950 1249 3996 Au.
1265 3947 1357 4004 mnu

294 4037 420 4094 cit-mnis
429 4044 537 4094 temporo
547 4029 639 4078 incula·
647 4041 713 4083 esec,
725 4039 802 4086 φιιωι
844 4025 937 4074 husun
946 4025 1068 4091 publium
1080 4042 1211 4092 numquam
1226 4027 1359 4077 nocerim.

294 4113 426 4194 mrum
440 4108 553 4173 apim
571 4104 655 4171 pinnis
666 4111 801 4151 vexaretur.
844 4102 902 4152 Vim
915 4106 1023 4156 ὓτοιιον.
1039 4107 1071 4157 ad
1083 4105 1167 4156 Seme.
1180 4122 1220 4172 ep.
1235 4119 1294 4156 τοι.
