3186 4772
322 371 392 445 3·ss
667 372 1050 443 ARGUMENTUM.

360 493 446 552 simili
468 489 659 564 versantium,
675 496 718 551 Μ.
741 493 859 554 Catonis
880 507 910 553 ct
929 497 962 552 C.
975 490 1110 553 Gracchi.
1124 495 1211 551 Hunc
1229 494 1329 554 locum
1348 514 1386 554 ex

359 589 454 649 Gellio
467 586 643 665 descriptum
654 586 775 665 hujusce
791 589 932 648 orationis
951 599 1122 666 argumento
1141 586 1333 665 subjecimus,
1354 603 1387 649 ut

359 683 509 765 querendi
522 682 606 743 labor
619 705 718 744 rerum
731 685 851 745 istarum
864 685 1001 744 studiosis
1016 684 1206 745 minueretur.
1252 686 1256 697 “

395 898 1380 962 «FortisacvehemensoratorexistirnaturesseC.Gracchns:nemo

357 998 387 1056 id
393 1011 487 1075 negat.
497 995 553 1057 Sed
562 995 642 1074 quod
655 997 803 1056 nonnullis
814 996 931 1056 videtur
938 998 1078 1066 severior,
1091 997 1197 1068 acrior,
1205 997 1386 1076 ampliorque

356 1116 418 1155 esse
432 1100 473 1154 Μ.
487 1094 599 1167 ΤιιΙΙὶο;
616 1095 685 1153 ferri
698 1095 728 1153 id
743 1096 793 1173 qui
805 1098 919 1175 potest?
931 1095 1111 1175 Legebamus
1124 1094 1196 1153 adeo
1212 1114 1307 1173 nuper
1317 1115 1387 1153 ora-

356 1194 463 1251 tionem
485 1190 608 1249 Gracchi
626 1189 662 1249 de
682 1191 794 1271 legibus
814 1191 1019 1270 promulgatis,
1040 1193 1071 1250 in
1084 1211 1143 1270 qua
1156 1194 1199 1248 Μ.
1215 1189 1339 1248 Manum
1354 1205 1385 1251 et

355 1278 497 1367 quosdam
505 1307 541 1345 ex
551 1287 715 1366 municipiis
722 1287 825 1346 italicis
836 1288 1073 1361 honestosviros,
1085 1287 1174 1364 virgis
1185 1284 1384 1365 perinjurium

354 1405 443 1445 cassos
468 1403 485 1442 a
508 1384 721 1461 magistratibus
737 1385 839 1464 populi
862 1385 990 1459 romani,
1006 1398 1114 1467 quanta
1134 1384 1258 1442 maxima
1273 1382 1383 1442 invidia

352 1492 467 1559 potest,
487 1480 684 1557 conqueritur.
706 1480 804 1539 Verba
820 1480 883 1538 haec
900 1491 984 1553 sunt,
1003 1498 1068 1557 quae
1083 1497 1173 1557 super
1188 1499 1223 1537 ea
1244 1498 1278 1537 re
1297 1479 1380 1537 iecit:

353 1607 365 1629 ι
374 1584 476 1656 Nuper
484 1583 614 1637 Teanum
636 1578 794 1640 sidicinum
808 1578 908 1637 consul
925 1578 1017 1649 venit3
1032 1596 1108 1635 uxor
1120 1574 1212 1641 edixit
1225 1596 1256 1635 se
1269 1576 1300 1634 in
1312 1575 1381 1636 hal·

350 1674 413 1732 neis
428 1674 560 1733 virilibus
573 1674 665 1735 lavari
675 1676 770 1734 velle:
796 1675 936 1754 quaestori
951 1674 1081 1736 Sidicino
1093 1678 1158 1732 aM.
1172 1673 1269 1731 Mario
1283 1673 1382 1733 datum

349 1784 394 1830 cst
404 1771 568 1847 negotium,
581 1771 625 1829 uti
639 1770 750 1831 balneis
760 1773 955 1850 exigerentur,
972 1771 1024 1849 qui
1034 1769 1205 1829 lavabantur
1218 1791 1225 1827 :
1239 1791 1315 1829 uxor
1329 1791 1378 1829 re·

348 1867 463 1925 nuntiat
477 1867 558 1938 viro,
576 1887 680 1944 parum
695 1868 754 1925 cito
775 1867 830 1925 sibi
851 1865 971 1925 balneas
993 1866 1111 1924 traditas
1130 1885 1207 1936 esse,
1229 1879 1259 1924 et
1278 1886 1381 1945 parum

319 1987 323 1995 ⁴
348 1964 441 2023 lautas
452 1963 554 2022 fuisse:
564 1962 673 2021 idcirco
687 1963 771 2041 palus
780 1962 935 2020 destitutus
944 1973 989 2023 est
1002 1962 1032 2019 in
1042 1961 1122 2033 foro,
1132 1981 1225 2039 eoque
1239 1962 1380 2021 adductus

350 2081 410 2121 suae
422 2060 548 2119 civitatis
562 2058 757 2119 nobilissimus
770 2057 863 2117 bomo
875 2062 919 2117 Μ.
933 2059 1053 2121 Marius.
1063 2059 1242 2117 Vestimenta
1252 2059 1380 2119 detracta

347 2169 431 2227 sunt,
445 2158 533 2234 virgis
555 2176 645 2215 caesus
667 2168 719 2214 est.
737 2155 851 2224 Caleni,
868 2154 919 2213 ubi
939 2153 969 2212 id
983 2153 1157 2229 audierunt,
1175 2155 1326 2214 edixerunt
1341 2177 1378 2215 ne

347 2253 413 2331 quis
430 2252 460 2310 in
482 2250 593 2310 balneis
615 2251 718 2309 lavisse
739 2250 841 2322 vellet,
863 2269 953 2327 quum
973 2249 1155 2326 magistratus
1175 2270 1311 2310 romanus
1337 2251 1378 2310 ibi

345 2360 429 2407 esset.
443 2346 589 2405 Ferentini
603 2345 642 2404 ob
660 2344 791 2404 eamdem
806 2365 924 2404 causam
939 2358 1048 2424 praetor
1062 2359 1162 2405 noster
1168 2360 1324 2424 quaestores
1334 2367 1378 2405 ar-

345 2443 403 2519 ripi
420 2441 505 2518 jussit
522 2461 530 2496 :
551 2442 624 2498 alter
639 2439 721 2499 sede
737 2460 822 2499 muro
838 2439 962 2518 dejecit:
976 2442 1048 2499 alter
1064 2442 1225 2518 prehensus
1238 2456 1267 2500 et
1283 2436 1374 2520 virgis

345 2556 435 2597 caesus
445 2548 515 2594 est».
530 2541 566 2594 In
580 2548 639 2594 tam
650 2538 742 2595 atroci
755 2558 802 2609 re,
817 2557 851 2596 ac
864 2552 922 2596 tam
935 2538 1040 2597 misera
1049 2551 1137 2616 atque
1148 2553 1246 2598 moesta
1256 2539 1372 2616 injuriae

342 2632 469 2712 publicae
482 2633 701 2707 contestatione,
709 2633 780 2713 quid
790 2647 833 2694 est
845 2635 925 2713 quod
935 2648 986 2693 aut
996 2636 1131 2713 ampliter
1142 2636 1372 2713 insigniterque,

343 2742 395 2789 aut
411 2731 572 2808 lacrymose
587 2744 673 2810 atque
686 2731 866 2803 miseranter,
886 2744 937 2790 aut
952 2734 1041 2790 multa
1061 2733 1235 2810 copiosaque
1247 2730 1371 2805 invidia,

341 2828 482 2908 gravique
495 2841 524 2886 et
536 2826 711 2907 penetrabili
724 2827 906 2905 querimonia
917 2826 1044 2886 disent?
1061 2829 1192 2887 Brevitas
1203 2847 1272 2886 sane
1284 2841 1314 2887 ct
1327 2848 1375 2886 ve-

342 2939 441 2985 nustas
455 2939 485 2984 et
498 2925 654 2985 mundities
668 2924 809 2984 orationis
824 2936 884 2997 est,
896 2925 989 3001 qualis
1005 2924 1107 2984 haberi
1123 2927 1213 2984 ferme
1225 2926 1255 2984 in
1270 2945 1375 2985 comoe-

342 3021 456 3081 diarum
469 3022 672 3081 festivitatibus
685 3022 769 3081 solet
785 3024 860 3080 Item
872 3022 1021 3081 Gracchus
1036 3023 1093 3082 alio
1106 3023 1136 3080 in
1150 3024 1216 3082 loco
1229 3025 1271 3081 ita
1285 3024 1373 3083 dicit:

340 3144 354 3171 a
364 3125 481 3190 Quanta
489 3118 581 3177 libido
591 3131 755 3197 quantaque
765 3118 986 3197 intemperantia
1000 3121 1035 3178 sit
1049 3120 1199 3178 hominum
1210 3118 1374 3178 adolescen-

342 3214 428 3284 tium,
444 3232 535 3271 unum
549 3214 713 3291 exemplum
725 3213 809 3272 vobis
821 3214 980 3279 ostendam.
993 3216 1046 3274 His
1057 3216 1140 3274 annis
1149 3218 1296 3294 paucisex
1305 3216 1373 3275 Asia
1456 3242 1463 3251 ¹

337 3307 381 3386 [l.
395 3308 426 3364 in
439 3309 558 3388 Asiam]
582 3311 684 3368 missus
698 3300 757 3382 est,
780 3311 832 3387 qui
846 3332 900 3389 per
915 3313 947 3371 iil
969 3325 1082 3391 tempus
1097 3314 1293 3390 magistratum
1312 3332 1372 3370 non

341 3417 472 3483 ceperat,
486 3406 575 3463 hotuo
588 3405 770 3479 adolescens,
784 3425 840 3486 pro
853 3407 957 3487 legato.
969 3414 997 3467 Is
1009 3409 1039 3466 in
1051 3409 1152 3468 lectica
1166 3408 1328 3469 serebatur:
1343 3408 1371 3467 ei
1424 3384 1435 3403 ⁰

338 3502 457 3561 obviarn
478 3502 625 3563 bubulcus
642 3502 679 3561 de
697 3502 783 3583 plebe
805 3508 953 3564 Venusina
973 3504 1115 3564 advenit:
1135 3519 1165 3564 et
1184 3527 1238 3585 per
1251 3506 1370 3583 jocum,

338 3620 428 3679 quum
442 3601 589 3679 ignoraret
602 3601 653 3679 qui
670 3600 810 3674 ferretur,
825 3601 956 3679 rogavit,
978 3620 1048 3658 num
1064 3614 1212 3661 mortuum
1228 3604 1369 3661 ferrent».

336 3697 396 3758 Ubi
406 3697 437 3756 id
450 3698 578 3772 audivit,
599 3698 749 3758 «lecticam
759 3697 845 3776 jussit
855 3698 964 3776 deponi
975 3720 982 3755 ε
994 3699 1136 3777 struppis,
1150 3699 1257 3778 quibus
1268 3699 1369 3759 lectica

335 3793 460 3874 deligata
472 3809 550 3869 erat,
560 3817 653 3875 usque
667 3795 740 3854 adeo
755 3795 905 3853 verberari
913 3795 1011 3873 jussit,
1021 3793 1090 3854 dum
1100 3797 1224 3855 animam
1237 3796 1367 3854 efflavit».

335 3891 405 3947 llaec
425 3892 544 3969 quidem
557 3894 653 3952 orario
671 3912 761 3971 super
777 3903 834 3948 tam
850 3890 978 3951 violento
996 3906 1082 3970 atque
1105 3890 1216 3950 crudeli
1238 3891 1368 3949 facinore

244 3996 249 4003 ’
335 3983 407 4040 nihil
424 3991 556 4061 prolecto
571 3990 652 4048 abest
665 4010 682 4047 a
693 3986 870 4066 quotidianis
881 3988 1070 4047 sermonibus.
1080 3994 1118 4049 tr
1130 4009 1221 4068 quum
1234 3988 1264 4046 in
1280 3986 1366 4046 simili

332 4098 435 4151 causa,
451 4084 529 4159 apud
546 4090 586 4143 tt.
601 4085 730 4143 Tullium
744 4084 821 4142 cives
837 4087 967 4158 romani,
989 4088 1156 4147 innocentes
1172 4084 1247 4159 viri,
1262 4097 1365 4145 contra
