3016 4774
463 402 735 473 EXCURSUS
760 404 803 469 V.
1098 401 1168 476 563

14 556 16 577 ,
100 524 235 605 aetem,
251 520 471 610 indiligentius
478 525 537 609 jur
548 522 636 588 cetu
651 544 712 612 pro
717 522 796 612 jure
806 524 976 611 proeton‘o,
997 522 1064 589 diei
1081 523 1169 591 hies

17 660 20 687 ι
102 632 263 695 Cicerone
279 628 450 718 scripserit.
473 628 560 694 Tum
578 629 808 718 occupatione,
824 652 897 718 quae
912 630 1069 718 sequitur,
1088 631 1170 697 nihil

15 734 16 741 '
101 735 215 825 potuit
227 758 296 801 esse
311 735 416 824 aptius
428 757 436 798 z
446 764 459 790 ι
471 734 615 817 Dixeris,
626 736 749 824 inquit,
759 751 792 800 te
804 751 954 801 acturum
965 734 1171 820 iujuriarum,

20 874 22 887 =
102 859 137 908 at
156 865 217 933 ego
234 842 299 907 hoc
314 840 438 922 dicam,
462 842 560 907 etiam
579 843 606 907 si
621 843 812 923 injuriarum
829 841 946 931 egeris,
966 842 1061 907 etiam
1077 843 1105 907 si
1118 844 1173 909 ille

101 948 340 1015 condemnatus
353 947 412 1012 tibi
425 947 478 1018 sit,
492 947 594 1013 nihilo
604 965 645 1027 ,te
658 948 759 1037 magis
771 969 1027 1037 possessurum».
1035 950 1172 1014 Causam

101 1054 158 1118 hic
180 1052 270 1119 addit
286 1051 451 1135 eamdem,
471 1075 573 1140 quem
591 1054 749 1142 Ulpianus
764 1052 799 1116 in
824 1053 894 1142 lege
915 1075 952 1139 7,
968 1052 1009 1116 de
1024 1053 1169 1133 injuriis:

19 1188 23 1199 ¹
103 1161 166 1224 ‹In
187 1160 314 1225 actione
330 1159 540 1242 injuriarum,
558 1160 683 1247 inquit,
705 1159 821 1248 agitur,
841 1174 878 1222 ut
890 1158 1017 1223 facinus
1033 1158 1175 1224 vindice·

15 1271 22 1335 ζ,
103 1279 177 1348 tur,
198 1286 265 1328 non
283 1279 322 1327 ut
339 1262 496 1327 damnum
520 1264 705 1328 sarriaturn.
733 1263 866 1345 Quaeras
884 1264 1028 1346 sortasse,
1046 1287 1105 1329 cur
1120 1265 1174 1329 hie

102 1369 300 1454 'injuriarum
313 1368 397 1429 aetio
411 1388 519 1453 neque
531 1363 571 1428 ad
577 1365 630 1445 jus
638 1367 745 1450 civile,
758 1365 911 1454 nequead
921 1366 974 1445 jus
985 1367 1174 1455 praetorium

106 1469 286 1559 quidquam
309 1468 471 1558 pertinere
485 1466 631 1549 dicatur,
653 1492 757 1556 quum
771 1469 812 1534 de
826 1492 863 1533 ea
882 1492 918 1533 re
931 1485 1051 1559 praetor
1066 1470 1173 1537 edicto

105 1574 301 1638 nominatim
324 1576 443 1637 careat.
472 1572 544 1636 Hoc
561 1569 601 1635 de
617 1570 689 1650 jure
705 1574 917 1659 possessionis
933 1572 1058 1639 dictum
1073 1576 1175 1664 arripi

106 1681 195 1759 vult,
213 1680 288 1767 quia
303 1679 387 1742 aetio
400 1677 589 1766 injuriarum
601 1676 654 1756 jus
666 1676 877 1763 possessionis
889 1688 961 1743 ‘non
977 1678 1176 1767 adsequitur,

108 1801 147 1849 ut
162 1784 217 1848 hic
238 1784 385 1864 subjicit3
411 1799 444 1848 et
459 1782 616 1872 Ulpianus
633 1783 752 1872 probat
765 1783 800 1847 in
824 1783 874 1848 his
897 1804 970 1872 quse
993 1787 1174 1867 citavimus.

15 1888 18 1977 ,
108 1891 145 1955 P.
160 1889 280 1955 Fusa.

152 1998 224 2061 Aut
239 1995 287 2058 ad
301 1998 418 2059 actoris
436 1997 594 2059 notionem
609 2010 639 2059 et
655 1995 964 2059 ardmacbaersionem.
984 1994 1175 2061 Gulielmius

109 2101 264 2182 conjicit,
286 2130 299 2157 ι
311 2117 367 2165 ant
389 2098 430 2163 ad
447 2100 563 2164 actoris
577 2099 804 2174 notationem,
825 2114 886 2162 ets.
901 2128 914 2154 ι
936 2099 1086 2178 Cujacius
1102 2101 1179 2167 citat

15 2198 17 2213 ²
107 2206 274 2295 vulgatum
291 2204 375 2270 libro
392 2205 421 2267 V
439 2203 576 2269 Emend.
594 2226 663 2291 cap.
685 2225 735 2289 ¹7·
747 2202 849 2267 Gaur.
866 2239 911 2250 —
923 2201 984 2267 Ius
1004 2205 1096 2269 civile
1114 2224 1181 2290 est,

15 2372 16 2385 ,
110 2310 203 2400 quod
221 2310 383 2376 observari
401 2310 550 2375 omnium
566 2300 717 2389 interest3
730 2308 791 2396 jus
806 2307 943 2390 actoris,
961 2307 1053 2395 quod
1077 2311 1179 2398 ipsius

110 2421 226 2483 actoris
250 2415 415 2506 privatim,
441 2415 562 2479 scilicet
572 2415 631 2504 jus
643 2416 844 2502 possessionis
864 2436 973 2502 supra.
992 2414 1178 2492 Clurisiusg

15 2562 17 2601 3
111 2520 189 2583 «lus
208 2519 299 2583 civile
316 2517 357 2582 de
378 2516 511 2604 privatis
531 2515 758 2583 controversiis
774 2530 806 2579 et
817 2513 947 2595 judiciis
955 2545 980 2583 a.
1003 2517 1180 2583 Notionem

15 2614 16 2617 ¹
110 2625 255 2712 accipere
273 2621 430 2687 debemus
455 2643 515 2709 pro
537 2621 723 2710 cognitione
743 2637 776 2685 et
791 2621 1015 2702 jurisdictione
1033 2645 1041 2687 :
1061 2622 1181 2688 dicitur

112 2730 209 2793 etiam
227 2727 268 2793 de
281 2727 468 2817 cognitione
484 2727 658 2791 criminum
669 2727 692 2791 l.
709 2750 739 2811 1,
757 2729 775 2805 §
789 2725 960 2813 quidquid,
969 2727 1008 2793 D.
1017 2724 1058 2790 de
1072 2727 1180 2794 officio
1205 2801 1207 2804 Α

108 2833 255 2921 prefecti
273 2832 390 2897 Urbis:
405 2831 601 2920 «Quidquid
619 2831 705 2896 ultra
723 2831 938 2897 centesimum
960 2832 1001 2895 ab
1022 2832 1110 2897 Urbe
1133 2834 1180 2898 la-

15 2936 16 2939 ’
108 2936 222 3025 pidem
240 2935 441 3019 admittitur,
459 2958 623 3025 egressum
649 2950 698 2999 est
721 2933 863 3023 praefecti
882 2932 963 2997 Urbi
980 2936 1179 3001 notionem».

15 3034 16 3039 ἵ
113 3043 214 3108 Notio
238 3043 328 3107 enim
348 3042 498 3132 generale
518 3042 654 3107 verbum
672 3056 737 3122 est,
754 3041 774 3103 l.
799 3056 859 3104 act.
881 3056 1009 3128 praetor.
1026 3043 1066 3108 D.
1083 3042 1124 3111 de
1144 3066 1180 3115 re

109 3146 261 3237 judicata
272 3147 437 3212 Sententia
451 3161 516 3229 est,
527 3168 630 3235 quum
644 3167 718 3234 ages
731 3143 940 3227 injuriarum,
953 3168 1099 3234 poenam,
1111 3171 1179 3214 non

115 3276 184 3318 rem
199 3252 302 3341 ipsam
319 3268 460 3342 repetes,
482 3267 521 3315 ut
536 3250 739 3340 magistratus
750 3266 783 3315 et
798 3251 950 3338 quaesitor
965 3274 1003 3316 ea
1018 3251 1059 3318 de
1075 3276 1110 3319 re
1125 3276 1180 3321 co·

116 3374 264 3448 gnoscat,
296 3374 329 3423 et
349 3355 580 3425 animadvertat
602 3357 638 3423 in
660 3379 750 3438 eum,
776 3357 834 3445 qui
854 3346 1024 3423 te'affeoit
1051 3360 1179 3440 injuria.
1253 3344 1258 3351 ¹

116 3464 228 3529 Paullo
246 3479 324 3554 post
345 3463 424 3529 dicit
434 3462 562 3552 judicio
573 3485 749 3551 prensaque,
771 3461 861 3550 quod
883 3462 936 3531 hic
957 3466 1126 3537 notionem
1147 3481 1180 3527 et

117 3567 434 3637 animadversionem.
451 3568 584 3633 Pssssn.
1170 3642 1175 3652 1

129 3702 133 3707 ’
160 3670 826 3749 Erfurtcetadanimadversionemidies.
838 3671 1177 3753 [nudarum-em.

15 3776 16 3779 ’
119 3781 208 3860 Aies,
228 3779 324 3845 etiam
339 3778 423 3843 bine
440 3794 563 3845 veteres
577 3778 718 3844 venete.
738 3775 880 3855 Omnes,
903 3778 1041 3863 opinor,
1065 3796 1104 3841 ex
1120 3799 1177 3843 so·

119 3882 218 3949 lemni
230 3884 483 3972 permutatione,
495 3882 536 3951 de
545 3880 655 3972 quaem
661 3882 713 3947 111
724 3881 758 3944 in
768 3881 860 3947 Verr.
869 3880 1177 3969 59,da.·Suprac..p,

120 3988 179 4055 illae
192 3987 521 4079 edd.q1u'dagis?ubi
532 3987 1175 4079 rectelegimus,anilat'r?eonuaquam

122 4094 184 4158 hoc
199 4096 272 4161 loco
286 4098 401 4162 evenit.
414 4096 477 4165 Sed
490 4097 581 4162 locus
597 4110 647 4160 est
656 4094 751 4184 plane
766 4093 960 4174 mendosus,
978 4110 1181 4180 quemsanat

1004 4196 1060 4267 36.
