3148 4780
282 385 354 476 430
602 378 651 449 iu.
676 376 716 447 r.
742 376 1029 449 crcunortrs

282 505 480 608 ejusmodi,
507 525 630 574 nonne
657 498 804 600 publice
831 499 1119 571 vindicaremus?
1145 523 1221 569 nou
1250 497 1347 572 bello

195 682 203 698 s
282 610 607 721 persequeremur?
634 634 822 710 possemus
851 610 946 681 hanc
976 609 1166 705 injuriam,
1192 611 1349 707 ignomi-

281 733 452 825 niamque
471 722 629 795 nominis
650 724 788 792 romani
814 721 968 792 inultam
988 720 1277 818 impunitamque
1294 721 1349 792 di·

280 835 447 912 mittere?
460 836 560 926 Quot
572 829 666 901 bella
681 829 858 925 majores¹
880 844 1043 917 nostrus,
1063 843 1099 901 et
1119 844 1255 926 quanta
1269 855 1348 902 sus

281 949 417 1047 cepisse
430 936 672 1028 arbitramini,
687 940 788 1039 quod
807 942 904 1013 cives
919 940 1061 1012 romani
1072 940 1203 1035 injuria
1216 938 1348 1027 affecti,

280 1057 382 1160 quod
412 1052 619 1126 navicularii
649 1054 803 1140 retenti,
836 1050 937 1149 quod
967 1065 1182 1123 mercatores
1206 1050 1348 1150 spoliati

280 1166 513 1244 dicerentur?
536 1168 583 1235 At
612 1185 679 1260 ego
703 1176 865 1233 retentos
891 1186 965 1233 non
994 1187 1149 1259 quer0r3
1177 1162 1348 1261 spoliatos

280 1277 467 1353 ferendum
488 1286 601 1372 puto:
620 1269 793 1358 navibus,
809 1275 1019 1372 mancipiis,
1037 1273 1220 1344 mercibus
1232 1274 1349 1346 adem·

280 1392 371 1491 ptis,
386 1392 423 1458 in
439 1380 582 1454 nncrrla
599 1381 783 1476 conjectos
801 1406 881 1453 esse
900 1397 1138 1470 mercatores,
1157 1397 1194 1454 et
1213 1385 1251 1455 iu
1272 1385 1349 1455 rin·

281 1499 372 1572 culis
389 1497 483 1565 cives
501 1512 674 1561 romanos
690 1506 838 1563 necatos
852 1516 930 1564 esse
945 1515 1068 1588 arguo.

327 1603 447 1678 Sihaec
460 1601 558 1699 apud
572 1600 722 1698 Scythas
736 1600 910 1688 dicerem,
927 1626 1002 1673 uon
1017 1602 1078 1674 hic
1092 1605 1129 1673 in
1144 1618 1244 1677 tanta
1257 1605 1348 1676 mul·

279 1714 435 1789 titudine
463 1714 595 1783 civium
623 1735 885 1800 romanorum,
914 1736 989 1782 non
1017 1712 1115 1810 apud
1138 1727 1347 1786 senatores²

279 1826 490 1898 lectissimos
510 1822 680 1909 civitatis,
705 1845 780 1891 uon
804 1821 842 1890 in
863 1819 945 1893 loro
967 1823 1095 1920 populi
1117 1827 1278 1915 romani,
1300 1824 1347 1897 de

278 1951 335 2009 tot
355 1948 483 2006 ettam
505 1930 646 2004 acerbis
661 1931 847 2029 suppliciis
865 1934 998 2002 civium
1018 1956 1276 2007 romanorum:
1295 1949 1346 2007 tu·

277 2072 363 2120 men
388 2045 529 2117 animos
555 2044 663 2114 ctiam
684 2039 924 2113 barbarorum
946 2041 1138 2114 hominum
1155 2067 1345 2142 permore-

277 2182 367 2231 rem.
384 2161 496 2228 Tanta
513 2154 610 2224 enim
629 2152 737 2248 hujus
755 2154 897 2250 imperii
916 2149 1263 2251 amplitudo³,tanta
1280 2179 1345 2225 no·

276 2266 383 2339 minis
403 2266 546 2338 romani
566 2261 723 2358 dignitas
747 2277 801 2333 est
822 2260 919 2359 apud
943 2286 1071 2335 omnes
1097 2267 1284 2353 nationes,
1304 2279 1346 2336 ut

279 2381 346 2450 ista
370 2379 408 2447 in
435 2387 579 2444 nostros
606 2371 774 2442 homines
797 2372 989 2445 crudelitas
1016 2376 1154 2445 nemini
1179 2398 1346 2448 concessa

277 2485 451 2558 videatur.
469 2485 564 2553 Num
582 2502 669 2576 ergo
690 2478 758 2551 tibi
776 2481 887 2552 ullam
904 2483 1076 2571 salutem,
1091 2482 1206 2555 ullum
1221 2482 1343 2582 perfu-

277 2600 376 2695 gium
401 2605 545 2691 putem,
569 2613 685 2686 quum
711 2602 747 2661 te
765 2590 1017 2689 implicatuml
1041 2594 1227 2665 serentate
1246 2591 1343 2689 judi·

279 2730 381 2795 cum,
406 2703 689 2776 circumretitum
719 2698 925 2799 frequentia
948 2701 1075 2800 populi
1102 2704 1242 2775 romani
1267 2726 1344 2773 esse

277 2815 443 2890 videam?
470 2814 506 2886 Si
529 2810 773 2898 mehercules,
794 2811 828 2881 id
852 2809 955 2908 quod
976 2810 1055 2882 ficri
1072 2835 1149 2882 non
1161 2835 1274 2908 posse
1293 2810 1346 2881 in-

277 2926 419 3027 telligo,
436 2949 482 2997 cx
499 2922 557 2994 his
576 2916 741 3018 laqueis⁵
759 2935 795 2992 te
809 2923 968 3010 exueris,
987 2945 1028 2991 ac
1041 2934 1078 2992 te
1094 2920 1216 3017 aliqua
1233 2922 1288 2991 via
1305 2944 1348 2992 ac

289 3028 302 3055 ,
1299 3028 1302 3033 Α

310 3101 399 3149 tvm.
414 3113 436 3145 r.
448 3098 513 3160 Quot
521 3094 584 3143 tetta
594 3092 706 3161 majores.
719 3091 787 3141 Ideru
831 3090 967 3141 accusatori
978 3103 1004 3141 ct
1016 3106 1059 3140 reu
1070 3084 1159 3138 licebat
1171 3088 1271 3154 rejicere
1283 3106 1347 3155 quos

276 3194 323 3244 pso
333 3177 386 3240 lege
398 3173 501 3223 Manilia
513 3182 684 3221 commemorat
695 3186 702 3219 ε
714 3191 726 3215 ι
736 3170 789 3220 Ma·
830 3169 936 3232 sellent;
946 3172 1092 3235 rejectorum
1100 3168 1220 3219 inlocum
1230 3169 1272 3219 alii
1280 3180 1346 3219 sorte

272 3258 338 3328 joras
354 3253 443 3311 vestri,
458 3267 523 3316 sepe
538 3248 729 3309 mercatoribus,
745 3261 789 3298 aut
831 3249 998 3301 trahebantur.

275 3329 482 3383 naviculatoribus
501 3328 642 3389 injuriosius
665 3330 787 3392 tractam,
869 3328 892 3379 3.
915 3328 1065 3394 Amplitudo.
1084 3328 1129 3377 Est
1148 3326 1280 3393 potentiae,
1301 3337 1344 3375 aut

275 3405 787 3477 bellaqesseruntn.-lletsntietspoliati.
829 3408 973 3469 majestatis,
996 3418 1020 3456 et
1050 3405 1185 3472 aliquarum
1216 3404 1341 3471 copiarum

274 3486 787 3557 Adaugersslanverrisoulpauaconcessio·
829 3502 915 3550 magna
942 3485 1097 3539 abundantia.
1121 3488 1159 3535 Ile
1180 3487 1340 3545 IuventIone,

273 3571 784 3632 maeste-retentosnonquemnstes
828 3562 872 3615 lib.
884 3566 918 3613 ΙΙ.

308 3669 333 3701 a.
348 3649 426 3716 Apud
435 3658 569 3698 amatores.
587 3645 651 3695 Nan
661 3645 710 3693 boo
725 3655 786 3693 teui-
864 3652 889 3700 t.
904 3645 984 3708 Quum
999 3655 1023 3692 tc
1035 3643 1195 3708 implsbamns.
1206 3642 1344 3694 Trsuslatio

273 3747 334 3795 pore
345 3730 413 3778 solus
430 3728 493 3778 ordo
508 3725 643 3799 senatorius
659 3723 712 3789 lege
726 3724 788 3774 Cor·
829 3734 925 3789 sumpta
942 3723 974 3771 de
989 3722 1128 3773 venatione.
1143 3751 1179 3761 —
1196 3723 1346 3789 frequentia

274 3807 338 3857 uelis
350 3809 379 3855 L.
393 3806 467 3857 Sullas
475 3801 741 3866 dictatorieiudicabat.
751 3831 786 3840 —
829 3801 918 3867 populi
927 3802 1104 3851 dracmam
1112 3838 1119 3861 ‚
1127 3813 1151 3850 et
1159 3803 1215 3865 jura
1225 3801 1346 3851 libermtia

275 3884 431 3937 sumanus.
451 3886 556 3936 Solitum
567 3884 677 3947 judicum
692 3882 787 3948 epitbe·
829 3881 927 3931 violatae
939 3882 1025 3931 ulcisci
1037 3881 1166 3946 cupientis.

275 3976 337 4025 toa,
354 3967 423 4027 quasi
436 3965 503 4014 dicas
512 3962 703 4029 probantum.
722 3963 786 4012 Nara
866 3960 890 4008 5.
907 3963 949 4009 Ea
964 3960 1001 4010 ltt's
1014 3960 1117 4025 laqueis.
1134 3960 1172 4008 Ex
1186 3959 1235 4009 lroc
1247 3958 1344 4022 judicio

276 4051 342 4091 sorte
353 4039 426 4107 dabat
443 4052 535 4103 prastor
547 4041 643 4100 iudioes
655 4056 687 4088 ex
700 4055 728 4087 ea
741 4039 785 4086 ds·
830 4039 861 4087 dc
872 4040 982 4103 pecuniis
991 4036 1134 4102 repetundis
1147 4039 1294 4089 constituto.
1307 4067 1345 4077 -

275 4121 356 4180 curia,
365 4118 435 4184 cujus
443 4116 643 4177 ricesjudiuaudi
651 4116 784 4175 rediersut;
829 4117 923 4183 Aliqua
936 4119 989 4168 νὶα.
1009 4118 1108 4167 Scilicet
1122 4118 1214 4181 judicia
1234 4134 1347 4168 corrum-
