3186 4772
308 372 379 447 316
465 428 472 435 -
642 376 1035 447 ARGUMENTUtt

343 494 498 557 Hortensio
507 493 599 553 virtus
608 493 691 554 istius
702 496 805 555 bellica
812 496 955 575 jactemr3
967 507 997 553 et
1009 486 1202 553 contendatur
1212 494 1250 554 ab
1262 495 1365 555 eodem

342 593 446 664 istum,
461 591 519 650 hoc
531 611 592 655 uno
604 591 736 665 nomine,
752 593 853 671 «quod
866 591 962 651 bonus
975 592 1012 650 sit
1025 591 1219 669 imperatori,
1232 590 1365 669 judicum

341 686 486 747 sententiis
502 687 575 764 eripi
590 701 734 765 oportere.
750 689 884 747 Allictam
897 688 971 746 lianc
985 686 1152 745 adversario
1166 686 1364 751 defensionem

341 781 453 842 Tullius
465 781 572 840 refellit
585 801 645 840 non
659 783 902 861 argumentando,
916 781 966 841 sed
979 783 1093 860 longius
1106 781 1192 840 ducta
1206 778 1319 855 ironia3
1331 804 1365 842 ac

341 879 412 949 nihil
424 882 452 937 ei
466 899 548 957 aeque
560 879 697 956 opponit,
712 900 798 958 quam
811 881 983 941 laetissimam
993 880 1086 953 illam,
1099 892 1128 938 et
1142 878 1322 957 aequabiliter
1334 881 1365 939 in

341 976 420 1037 omui
436 975 600 1039 narratione
618 976 724 1049 lusam,
741 977 832 1039 facete
847 976 964 1039 dicendi
980 988 1176 1048 venustatem,
1198 997 1257 1054 qua
1265 978 1364 1036 Verris

342 1073 391 1141 illa
405 1071 535 1131 defensio
550 1084 611 1130 tota
626 1072 687 1131 risu
700 1072 876 1136 dissolvitur.
979 1128 983 1135 ,
1254 1135 1260 1143 ,

382 1172 450 1231 Haec
468 1180 511 1226 est
525 1168 620 1246 prima
634 1187 701 1246 pars
721 1168 924 1235 contentionis.
944 1174 985 1229 At
1004 1166 1056 1233 ubi
1078 1167 1230 1231 nauarchis
1249 1182 1363 1241 orator,

341 1283 408 1342 quae
422 1283 488 1342 pars
503 1276 547 1322 cst
560 1264 666 1337 altera,
688 1276 717 1322 et
729 1262 842 1332 civibus
856 1263 996 1337 romanis,
1007 1264 1039 1321 in
1055 1283 1129 1341 quos
1142 1265 1286 1322 cruciatus
1300 1284 1364 1323 ser-

342 1361 414 1419 viles
431 1359 539 1421 admoti
555 1373 633 1435 sunt,
652 1380 717 1425 suas
738 1360 878 1439 lacrymas
897 1360 962 1432 dat;
975 1362 1006 1418 in
1026 1380 1062 1419 ea
1080 1361 1246 1419 narratione
1264 1381 1363 1420 omnes

340 1468 437 1516 movet
449 1455 654 1535 indignationis
667 1458 788 1517 allectus
795 1500 804 1531 ,
818 1457 898 1532 odii,
910 1456 1043 1525 invidiae,
1060 1455 1282 1530 misericordie,
1302 1477 1363 1514 non

344 1553 439 1621 solum
446 1552 613 1614 conditione
625 1554 774 1634 ipsorum
797 1554 860 1621 loco
874 1552 1003 1632 injuriae3
1017 1573 1123 1633 genere
1137 1553 1362 1633 suppliciorum

344 1647 396 1717 ted
409 1649 496 1720 enimi
510 1669 627 1728 quoque
641 1649 899 1711 commendatione.

384 1748 436 1813 Est
446 1747 543 1824 itaque
554 1759 616 1806 tota
627 1748 721 1814 oratio
740 1746 960 1826 quadripartita.
973 1746 1101 1821 Primum
1120 1746 1197 1807 enim
1218 1747 1314 1824 agitur
1328 1744 1365 1805 de

344 1839 422 1907 bello
438 1841 624 1921 lugitivorum
640 1864 677 1902 ex
691 1845 823 1923 Spartaci
836 1844 965 1922 reliquiis
980 1844 1122 1915 conflat03
1145 1856 1206 1901 tum
1226 1845 1261 1901 de
1280 1844 1366 1903 mari-

344 1937 416 2005 timo
430 1935 524 2010 bello,
537 1939 617 2017 quod
634 1951 737 2011 contra
749 1938 902 2018 praedones
916 1937 1069 2019 agebatur.
1089 1940 1140 2017 qui
1159 1953 1220 1998 tum
1241 1939 1365 1999 siculum

345 2052 425 2092 mare
436 2034 623 2108 infestabaut3
638 2035 705 2104 dein
718 2034 755 2094 de
766 2035 928 2103 miserrimo
938 2034 1152 2099 navarchorum
1164 2035 1316 2114 supplicio,
1330 2055 1365 2094 ac

344 2129 461 2193 tandem
474 2130 511 2190 de
524 2131 630 2209 injusta
645 2153 678 2192 ac
694 2132 891 2191 crudelissima
903 2132 1010 2197 civium
1030 2151 1218 2198 romanorum
1230 2152 1319 2195 nece:
1335 2144 1366 2191 et

343 2225 381 2286 ab
394 2228 449 2287 hae
462 2229 562 2291 ultima
576 2242 659 2308 parte
673 2230 767 2290 oratio
780 2229 842 2296 liaec
858 2229 944 2308 vtilgo
956 2227 1123 2291 inscribitur
1135 2232 1173 2293 de
1185 2231 1346 2306 Suppliciis.

383 2328 461 2402 Ergo
480 2344 568 2403 genus
584 2326 704 2404 hujusce
719 2326 858 2387 orationis
874 2324 947 2384 illud
962 2338 1019 2398 est,
1037 2325 1118 2404 quod
1131 2326 1256 2393 maxime
1272 2338 1368 2387 teneat

344 2440 395 2481 eos
408 2422 459 2499 qui
472 2422 586 2500 legont3
598 2436 628 2482 et
640 2423 720 2502 quod
733 2425 856 2494 maxime
869 2444 969 2491 sensus
982 2437 1098 2488 nostros
1108 2425 1238 2503 impellat
1249 2437 1278 2482 et
1288 2443 1367 2483 acer·

346 2517 419 2576 rime
435 2531 626 2593 eommoveat3
641 2520 721 2598 quod
734 2541 793 2590 non
806 2523 900 2581 solum
914 2522 1056 2591 delectet,
1079 2520 1129 2580 sed
1143 2521 1229 2583 etiam
1243 2521 1367 2580 horrore

346 2614 512 2693 perfundat.
533 2620 597 2677 Hoc
612 2631 641 2677 et
655 2616 728 2677 illud
748 2619 876 2678 efficiunt
893 2633 953 2678 tuin
968 2619 1142 2678 narrationis
1159 2619 1366 2697 suppliciorum

346 2711 472 2791 gravitas
489 2724 519 2773 et
535 2712 636 2788 dolor;
652 2727 712 2774 tum
732 2717 831 2774 facetoe
849 2728 879 2774 et
893 2716 996 2784 salium
1012 2717 1097 2795 copia
1114 2734 1275 2794 conspersae
1295 2714 1367 2772 irri-

345 2809 435 2869 sionis
449 2810 523 2870 mira
534 2810 712 2890 jucunditas,
727 2832 814 2891 quam
831 2813 969 2891 adjuvant
982 2813 1189 2894 descriptiones
1199 2827 1227 2877 et
1238 2812 1368 2890 hypoty-

346 2927 445 2986 poses,
460 2927 525 2986 quae
539 2909 596 2969 hoc
610 2911 640 2968 in
655 2909 730 2969 libro
751 2908 859 2969 crebrae
873 2923 956 2983 sunt3
972 2924 1002 2969 et
1014 2930 1138 2989 quarum
1154 2930 1189 2968 ea
1201 2910 1245 2968 ris
1262 2922 1321 2983 ast,
1336 2921 1369 2966 ut

346 3021 467 3062 «sensus
480 3003 596 3069 intimos
610 3005 772 3065 acutismne
786 3005 960 3083 percellant,
982 3025 1044 3074 rem
1061 3019 1127 3065 ante
1141 3006 1241 3067 oculos
1254 3023 1369 3082 ponen-

348 3096 403 3169 do;
416 3098 456 3157 ita
467 3109 500 3167 ut
511 3100 573 3176 geri
588 3121 701 3175 eoram,
722 3101 903 3181 spectarique
915 3101 1029 3180 potios,
1044 3121 1130 3180 quam
1142 3101 1255 3175 audiri,
1266 3100 1369 3159 videa-

348 3205 421 3250 tur».
437 3194 593 3261 Enimvero
609 3197 673 3274 quis
687 3211 746 3257 tam
760 3211 890 3260 austerus
899 3212 960 3272 est,
980 3212 1013 3261 ut
1025 3219 1091 3258 eum
1106 3200 1177 3268 mire
1191 3218 1252 3257 non
1264 3197 1370 3256 afficiat

346 3288 535 3366 pulchritudo
549 3294 680 3352 colorum
694 3306 724 3352 et
737 3294 872 3369 varietas,
894 3295 1000 3374 quibus
1020 3295 1167 3355 delicatuli
1186 3293 1369 3374 imperatoris

348 3396 400 3443 aut
419 3385 539 3461 itinera,
554 3400 710 3449 anacastra
724 3391 1053 3472 stativadepingontur?
1080 3398 1215 3470 Capro,
1235 3411 1280 3448 11.
1297 3388 1369 3463 Quis

349 3496 408 3545 tam
421 3483 525 3562 procul
546 3497 589 3543 est
606 3505 623 3544 a
639 3487 836 3566 concipiendis
850 3507 946 3547 rerum
958 3486 1147 3564 imaginibus,
1161 3502 1207 3559 ut,
1220 3507 1308 3566 quum
1320 3486 1370 3544 illa

349 3579 434 3659 legit,
448 3578 547 3640 «stetit
560 3582 685 3647 soleatus
698 3599 806 3662 praetor
824 3585 924 3663 populi
943 3585 1071 3655 romani,
1095 3597 1174 3644 etc.»
1193 3603 1253 3643 non
1276 3583 1371 3643 solum

347 3678 443 3756 ipsum
458 3696 491 3736 os
503 3677 611 3739 intueri
623 3678 767 3754 videatur,
789 3694 818 3740 et
834 3681 947 3752 locum,
961 3692 991 3738 et
1003 3679 1152 3754 hahitum;
1172 3680 1223 3739 sed
1239 3679 1372 3758 quaedam

348 3774 435 3833 etiam
446 3794 483 3833 ex
493 3775 528 3833 iis
542 3795 607 3854 quae
621 3775 698 3837 dicta
710 3796 770 3836 non
783 3789 850 3846 sunt
860 3774 918 3835 sibi
931 3776 993 3855 ipse
1007 3781 1139 3837 astruat?
1154 3776 1275 3851 Quintil.
1283 3778 1356 3835 vul
1361 3817 1371 3847 ,

349 3888 412 3947 cap.
424 3868 451 3927 3.
466 3875 592 3931 Rursum
605 3892 691 3950 quern
708 3893 769 3932 non
784 3885 967 3937 commoveat
980 3887 1087 3952 praetor
1109 3872 1249 3933 «veniens
1263 3871 1292 3928 in
1306 3871 1372 3927 foro

349 3964 542 4027 inflammatus
553 3970 662 4030 scelere
672 3983 702 4029 et
713 3972 830 4043 lurore,
842 3981 916 4027 etc.»
929 3974 1000 4051 Cap.
1012 3973 1060 4030 62.
1073 3977 1166 4047 Quem
1176 3990 1235 4029 non
1248 3969 1373 4027 horrore

348 4060 504 4138 perfundat
515 4065 724 4145 suppliciorum
737 4065 769 4126 in
784 4077 827 4127 tot
837 4065 1004 4128 innocentes
1016 4069 1168 4143 atrocitas,
1181 4079 1232 4126 aut
1239 4064 1371 4149 indigni-
