3186 4772
406 397 460 464 IN
485 397 697 465 VERREM
724 399 829 466 ACT.
851 399 904 482 ll,
928 398 1023 466 LIB.
1047 402 1089 467 V.
1211 399 1282 496 359

269 515 409 589 Deinde
428 541 494 587 cur
522 515 722 614 quidquam
750 532 878 589 contra
899 515 1021 614 leges⁶
1039 523 1193 617 parasti?
1211 528 1283 593 Va-

222 626 333 699 leret⁷
353 627 423 697 hoc
439 629 575 697 crimen
592 631 629 697 in
645 628 705 699 illa
719 630 832 699 veteri
849 630 1036 701 severitate
1055 652 1096 700 ac
1110 630 1284 728 dignitate

222 735 553 835 reipublicae.Nunc
565 761 642 806 non
656 736 765 808 modo
775 750 812 808 te
824 736 895 808 hoc
905 739 1057 809 crimine
1069 764 1144 811 non
1155 766 1282 837 argu03

224 850 288 923 sed
316 874 366 941 ne
394 847 454 920 illa
480 848 629 946 quidem
657 852 842 922 communi
871 855 1136 950 vituperatione
1163 879 1285 952 repre·

221 958 356 1031 hendo.
375 952 585 1030 Postremo8
599 973 641 1030 tu
655 958 721 1030 tibi
739 960 810 1031 hoc
821 984 1021 1056 numquam
1035 975 1160 1059 turpe,
1179 988 1284 1034 num-

222 1093 332 1166 quam
360 1069 611 1156 criminosum,
636 1093 837 1165 numquam
868 1068 1088 1140 invidiosum
1113 1069 1191 1143 fore
1216 1096 1284 1170 pu·

207 1181 323 1268 testi,
338 1176 576 1250 celeberrimo
592 1180 673 1249 loco
688 1179 805 1278 palam
821 1177 886 1249 tibi
901 1176 1067 1249 aedificari
1085 1182 1285 1255 onerariam

220 1313 349 1361 navem
370 1290 408 1359 in
434 1312 476 1359 ea
494 1291 699 1386 provincia,
716 1312 825 1386 quam
851 1303 893 1359 tu
915 1313 998 1360 cum
1016 1290 1169 1387 imperio
1190 1290 1287 1361 obti-

221 1397 359 1489 nebas?
385 1397 483 1488 Quid
513 1421 576 1469 eos
605 1399 725 1495 loqui,
751 1402 815 1495 qui
839 1396 1035 1469 videbant?
1057 1398 1145 1495 quid
1168 1402 1287 1471 existi·

222 1530 320 1577 mare
337 1529 418 1592 eos,
434 1507 499 1602 qui
519 1504 733 1593 audiebant,
752 1505 994 1578 arbitrabare?
1009 1510 1152 1579 inanem
1171 1523 1206 1580 te
1221 1534 1286 1580 na·

222 1639 305 1686 vem
328 1638 405 1685 esse
426 1617 463 1685 in
485 1615 623 1685 ltaliam
643 1613 911 1687 deducturum?
934 1617 1214 1689 naviculariam9
1234 1633 1287 1706 te,

222 1747 337 1820 quum
354 1729 505 1795 Romam
525 1725 703 1808 venisses,
721 1748 798 1795 esse
817 1723 1019 1796 factumm?
1031 1731 1085 1798 Ne
1100 1727 1190 1799 illud
1205 1734 1288 1826 qui·

222 1833 306 1905 dem
317 1844 349 1879 ¹⁰
365 1838 558 1931 quisquam
571 1847 715 1931 poterat
728 1836 919 1932 suspicari,
936 1850 971 1907 te
986 1835 1119 1907 habere
1134 1840 1289 1910 initalia

222 1945 442 2015 maritimum
461 1942 635 2031 fundum,
660 1959 696 2016 et
713 1943 758 2015 ad
778 1944 918 2016 fructus
938 1944 1184 2043 deportandos
1203 1972 1289 2019 one·

223 2056 351 2125 nariam
379 2078 508 2127 navem
543 2078 763 2153 comparare.
794 2054 978 2149 Ejusmodi
1006 2055 1051 2125 de
1078 2068 1115 2124 te
1143 2054 1287 2127 voluisti

222 2189 425 2253 sermonem
452 2189 528 2237 esse
554 2169 742 2250 omnium,
768 2164 886 2261 palam
910 2176 952 2233 ut
976 2164 1227 2259 loquerentur,
1252 2179 1288 2235 te

221 2274 320 2344 illam
347 2298 476 2345 navem
497 2298 642 2372 parare,
666 2296 747 2370 quae
770 2269 929 2371 praedam
953 2294 997 2343 ex
1019 2271 1135 2343 Sicilia
1156 2271 1287 2371 depor·

222 2398 335 2470 taret,
357 2397 394 2455 et
420 2409 501 2482 quae
524 2383 571 2455 ad
598 2408 640 2454 ea
665 2370 916 2479 furta¹¹‚,quae
936 2379 1163 2479 reliquisses,
1188 2407 1287 2454 com-

223 2508 367 2566 mearet.

191 2696 198 2703 ·
271 2607 409 2674 Verum
425 2603 655 2688 haecomnia,
673 2606 704 2674 ei
722 2602 830 2674 doces
848 2626 975 2673 navem
993 2601 1038 2673 de
1054 2616 1118 2673 tua
1133 2607 1288 2700 pecunia
1357 2600 1360 2605 ’

225 2710 451 2800 aedificatam,
475 2716 623 2785 remitto
646 2727 755 2810 atque
780 2711 953 2784 concedo.
975 2711 1045 2783 Sed
1069 2711 1160 2799 hoc,
1178 2712 1289 2783 homo

225 2826 485 2910 amentissime,
515 2848 590 2894 non
623 2823 793 2919 intelligis
821 2823 941 2917 priore
968 2821 1111 2890 actione
1132 2819 1178 2891 ab
1205 2822 1291 2918 ipsis

227 2932 303 3002 istis
337 2934 408 3002 tuis
445 2934 667 3005 Mamertinis
698 2930 948 3005 laudatoribus
980 2951 1055 2998 esse
1071 2927 1292 3015 sublatum?

260 3159 287 3206 6.
303 3157 395 3206 Conna
408 3157 477 3223 leges.
492 3157 584 3214 idest,
599 3158 734 3205 eontrale·
814 3173 839 3218 9.
864 3153 1048 3202 Navicnlariam
1062 3151 1153 3218 facere
1169 3167 1206 3204 eet
1223 3173 1290 3221 quae-

226 3235 426 3302 gemClaudiam.
779 3244 842 3283 num
864 3233 954 3292 faeere,
979 3232 1038 3281 dum
1059 3233 1167 3298 propriis
1186 3236 1292 3285 navibus

212 3374 217 3385 Ι
262 3332 287 3377 7,
315 3315 418 3362 Valent.
447 3313 592 3376 Oeonpatio.
622 3312 735 3377 intelligo
778 3314 889 3362 homines
906 3324 1034 3361 mmemea
1046 3312 1135 3360 alienae
1149 3313 1291 3379 trajicimus.

226 3394 287 3459 quid
299 3408 459 3458 responsurus
473 3392 505 3439 eit
517 3391 671 3440 Hortenalna.
685 3392 736 3438 Va·
779 3393 851 3443 cont
865 3408 937 3456 supra
951 3393 992 3451 11,
1008 3393 1050 3441 55.
1067 3392 1107 3439 ste
1122 3394 1290 3456 argentariam

226 3475 301 3535 leret,
315 3473 418 3535 inquiet.
436 3473 521 3533 Itaque
536 3484 582 3533 ego
601 3484 667 3517 nune
684 3484 736 3517 non
771 3471 879 3534 faeere,
892 3471 956 3519 infra
969 3486 1025 3536 eap.
1042 3471 1088 3533 59,
1102 3469 1128 3517 id
1142 3481 1191 3528 est,
1206 3488 1294 3536 argen-

227 3552 302 3601 modo
314 3562 338 3599 te
349 3552 398 3599 hoe
409 3551 509 3599 erimine
519 3564 570 3596 non
580 3564 682 3607 arouse,
694 3546 737 3596 aed
781 3552 834 3599 rarii
843 3566 933 3598 munus
942 3549 974 3597 ad
984 3560 1103 3613 qoaeatum
1117 3565 1236 3598 exercere.

160 3624 163 3629 ¹
228 3632 296 3697 quod
311 3646 395 3680 omnes
409 3629 569 3678 communiter
582 3628 736 3693 vituperant,
819 3644 858 3678 ro.
872 3630 911 3676 Ne
924 3626 1100 3691 illudqniclem.
1113 3626 1193 3674 Nemo
1207 3640 1293 3691 putare

228 3711 255 3759 id
265 3726 312 3775 ego
323 3725 374 3757 non
387 3706 548 3773 reprehendo.
780 3717 876 3773 poterat
890 3707 955 3754 illam
969 3722 983 3754 a
997 3717 1021 3754 te
1034 3714 1198 3767 comparatam
1213 3706 1293 3758 -fuisse

264 3792 291 3838 8.
312 3791 442 3836 Postremo.
461 3786 539 3833 Abest
556 3801 570 3833 a
592 3784 738 3848 quibusdam
781 3801 867 3834 navem
882 3784 915 3833 ad
929 3786 1022 3831 tunm
1039 3781 1221 3847 deportandos,
1234 3788 1292 3851 quia

228 3868 286 3916 edd.
300 3878 361 3915 vett.
375 3878 400 3915 et
417 3865 473 3914 eod.
490 3865 573 3925 Cujac.
588 3865 685 3914 Gruter.
699 3865 738 3911 in·
782 3882 814 3913 ne
826 3862 888 3911 lllnd
900 3861 999 3926 quidem
1012 3860 1153 3924 quisquam,
1165 3874 1213 3913 ete.

229 3947 422 4013 tapangendmn
439 3943 552 3994 renuebat
567 3945 739 4008 ureprehendo
822 3958 863 3990 ιι.
881 3940 924 3987 Ad
946 3956 976 3987 ea
995 3938 1071 4003 sarto
1086 3940 1225 4003 evehenda,
1242 3962 1296 4008 quae

230 4037 355 4092 postremo
377 4040 384 4074 ε
408 4036 435 4073 tu
463 4024 508 4074 tibi
535 4024 583 4073 hoe
607 4040 738 4088 numquam
784 4021 903 4071 deoedena
921 4019 1057 4083 reliquisses
1074 4020 1099 4066 in
1116 4021 1212 4082 sicum
1227 4041 1296 4073 com.

232 4116 319 4168 turpe,
335 4114 382 4152 ete.
392 4126 406 4145 ι
420 4107 446 4153 J.
457 4105 490 4152 V.
501 4105 528 4152 L.
784 4111 877 4149 mearet
885 4101 965 4147 Roma
978 4098 1005 4147 ln
1017 4094 1131 4149 Sirssiam

381 4268 391 4297 i
