3054 4772
325 447 520 527 oaarto
543 450 642 525 rao
666 453 723 523 Μ’.
749 452 986 528 roureto.
1116 458 1189 563 m9

14 568 18 577 ¹
126 577 321 652 sacerdotis
330 592 454 650 vestrae
467 575 630 673 lacrymis
641 576 838 648 exstinctus
850 602 926 650 esse
937 577 1090 651 dicatur.
1101 584 1191 653 Ten·

126 691 180 761 ‹lit
202 688 247 761 ad
271 713 336 760 vos
361 688 462 785 virgo
486 686 637 758 Vestalis
657 709 786 757 manus
806 688 1004 785 supplices,
1027 688 1191 776 easdem,

127 824 217 899 quas
233 824 300 898 pro
318 795 422 869 robis
438 795 505 867 diis
527 795 790 867 immortalibus
807 796 956 869 tendere
976 802 1163 872 consuevit
1181 828 1190 871 ε
1217 826 1220 832 ·

127 926 269 999 cavete,
296 933 343 979 ne
368 906 612 1005 periculosum
639 905 914 1006 superbumque
935 913 999 997 sit,
1025 911 1104 1006 ejus
1128 934 1193 983 vos

128 1017 413 1090 obsecrationem
431 1014 642 1114 repudiare,
662 1016 765 1112 cujus
779 1042 904 1116 preces
918 1024 948 1093 si
964 1019 1015 1091 dii
1027 1044 1194 1118 asperna-

127 1144 276 1215 rentur,
293 1127 371 1201 haec
389 1124 484 1196 salva
505 1148 581 1196 esse
602 1150 678 1196 non
696 1142 855 1221 possent.

78 1260 82 1265 ·
177 1238 361 1308 Videtisne
391 1232 540 1323 subito,
574 1234 740 1328 judices,
778 1238 894 1309 virum
932 1233 1193 1327 fortissimum,

128 1347 186 1418 Μ’.
215 1347 429 1429 Fonteium,
448 1345 605 1440 parentis
631 1358 667 1415 et
694 1348 827 1418 sororis
850 1352 1194 1422 commemoratione

130 1450 303 1553 lacrymas
329 1452 554 1553 profudisse?
582 1455 654 1543 Qui
680 1481 881 1554 numquam
909 1461 949 1545 iu
978 1461 1052 1532 acie
1081 1462 1193 1558 perti-

130 1567 282 1652 muerit,
298 1565 363 1662 qui
381 1589 419 1636 se
432 1577 590 1635 armatus
605 1587 698 1662 saepe
712 1568 750 1635 iu
766 1564 926 1639 hostium
941 1594 1089 1641 manum
1103 1571 1196 1643 mul·

131 1676 395 1773 titudinemque
412 1673 619 1763 immiserit,
638 1698 752 1770 quum
773 1677 811 1745 in
833 1679 1010 1771 ejusmodi
1027 1682 1196 1780 periculis

132 1786 257 1858 eadem
277 1810 315 1857 se
338 1785 488 1857 solatia⁴
516 1787 590 1854 suis
615 1783 822 1881 relinquere
842 1785 1095 1877 arbitraretur,
1116 1816 1197 1889 quae

7 1924 9 1937 ’
79 1978 84 1991 ι
133 1921 219 1968 suus
246 1891 373 1995 pater⁵
395 1892 463 1966 sibi
487 1893 689 1990 reliquisset
713 1921 721 1963 :
747 1893 845 1965 idem
866 1921 967 1968 nunc
984 1898 1197 1996 perturbato

7 2026 8 2033 ’
132 2010 255 2078 animo
272 2004 510 2105 pertimescit,
528 2027 575 2074 ne
592 2029 668 2073 non
683 2002 794 2074 modo
811 2020 1026 2077 ornamento
1043 2022 1080 2078 et
1095 2007 1197 2105 adju-

133 2132 258 2188 mento
277 2142 354 2187 uon
374 2116 419 2186 sit
434 2115 525 2203 suis,
548 2112 734 2184 sedetiam
753 2137 838 2184 cum
853 2113 1083 2187 acerbissimo
1097 2116 1199 2188 luctu

133 2226 291 2298 dedecus
319 2239 492 2297 aeternum
521 2223 660 2293 miseris
687 2237 796 2320 atque
831 2225 1063 2319 ignominiam
1087 2226 1197 2298 relin-

134 2352 232 2433 quat.
255 2340 287 2406 O
305 2334 490 2408 fortunam
506 2332 613 2430 longe
627 2331 825 2430 disparem,
845 2333 903 2405 M’.
925 2334 1065 2407 Fontei!
1083 2338 1113 2408 si
1134 2335 1199 2408 de-

134 2447 244 2543 ligere
263 2447 462 2544 potuisses,
481 2457 522 2514 ut
539 2446 661 2540 potius
679 2444 759 2515 telis
780 2442 845 2515 tibi
864 2444 1067 2533 Gallorum,
1088 2472 1198 2544 quam

134 2557 299 2652 perjuriis
322 2552 578 2625 intereundum
604 2566 705 2624 esset.
731 2559 821 2624 Tu'm
849 2553 975 2626 enim⁶
1001 2561 1082 2629 vitae
1102 2560 1200 2632 socia

134 2667 268 2753 virtus,
293 2665 418 2735 mortis
441 2686 562 2734 comes
585 2663 699 2760 gloria
724 2662 849 2734 suisset
873 2690 881 2734 ε
905 2690 1006 2738 nunc
1027 2693 1114 2739 vero
1135 2672 1200 2765 qui

135 2790 189 2846 est
206 2775 328 2864 dolor,
348 2775 505 2847 victoriae
519 2788 555 2845 te
571 2788 679 2871 atque
697 2774 839 2872 imperii
858 2799 984 2873 poenas
1002 2775 1048 2848 ad
1072 2803 1200 2850 eorum

136 2889 325 2962 arbitrium
347 2887 518 2977 sufferre,
538 2892 602 2986 qui
627 2904 689 2959 aut
705 2889 791 2960 victi
809 2890 917 2961 armis
934 2907 1036 2979 sunt,
1063 2907 1125 2964 aut
1147 2895 1201 2964 in·

135 3001 298 3071 vitissimi
327 2998 550 3099 paruerunt?
572 3002 603 3069 A
632 3022 707 3095 quo
735 2998 898 3096 periculo
923 2997 1127 3090 defendite,
1144 3002 1202 3098 ju·

137 3110 252 3197 dices,
279 3111 393 3183 civem
420 3107 550 3181 sortem
579 3122 689 3203 atque
717 3108 969 3197 innocentem;
994 3126 1134 3199 curate,
1160 3127 1203 3184 ut

137 3221 270 3292 uostris
293 3219 445 3292 testibus
459 3218 561 3317 plus,
581 3242 693 3316 quam
714 3217 921 3314 alienigenis
941 3218 1135 3292 credidisse
1152 3222 1203 3291 vi·

138 3443 381 3529 consuluisse3
405 3443 606 3538 graviorem
627 3438 770 3511 duxisse
791 3439 870 3533 ejus
895 3438 1203 3530 obsecrationem,

136 3578 220 3649 quae
252 3553 377 3623 vestris
408 3553 516 3622 sacris
543 3552 680 3649 praesit,
707 3574 817 3646 quam
844 3575 970 3621 eorum
999 3551 1203 3642 audaciam,

139 3665 203 3761 qui
220 3688 303 3736 cum
323 3662 488 3734 omnium
506 3661 613 3735 sacris
631 3658 866 3758 delubrisque
880 3659 975 3733 bella
988 3678 1201 3761 gesserunt:

140 3975 240 4023 habent.
253 3977 357 4022 Faernus
369 3973 438 4022 dedit
451 3989 464 4021 e
477 3973 523 4021 MS
535 3971 649 4019 vatican.
732 3970 755 4017 5.
768 3971 915 4033 Snuspater.
928 3970 1010 4031 Quum
1020 3969 1104 4018 Asculi
1112 3987 1158 4037 pro
1165 3988 1207 4037 pa·

142 4054 336 4102 memmenni».
347 4054 449 4118 Recepit
462 4049 561 4102 Sebiitz.
696 4048 740 4095 tria
750 4058 852 4096 mortem
859 4058 995 4112 oppeteret.
1029 4068 1047 4111 ᾗ

178 4140 202 4187 4.
211 4132 275 4179 Eud,
284 4131 383 4181 solatia.
393 4134 476 4180 Decus
483 4130 536 4178 scil.
543 4141 568 4178 et
575 4131 653 4177 hone·
733 4125 757 4178 6.
768 4129 828 4175 Yam
841 4128 913 4176 euim.
924 4129 1030 4179 Faernus
1038 4128 1122 4178 maluit
1132 4130 1206 4178 mac.

142 4224 184 4262 sue
194 4213 278 4261 mortis
287 4211 382 4261 fortiter
394 4210 531 4261 dimicando
541 4210 649 4275 gloriam.
700 4208 723 4255 J.
735 4209 767 4253 V.
779 4208 806 4255 L.
