3186 4772
391 443 445 512 m
468 440 680 535 vannum
705 440 811 509 scr.
832 440 888 525 ιι,
911 440 1003 508 Lm.
1025 442 1084 509 ιν.
1208 464 1278 537 299

217 563 397 651 ditabant,
415 585 530 660 quum
543 559 676 656 judicia
690 559 862 647 fiebantr,
875 583 1000 630 verum
1017 563 1122 630 etiam
1140 584 1278 632 coeme-

217 674 327 761 bant:
356 689 418 744 aut
442 674 511 743 nisi
534 669 778 759 arbitramini,
804 674 844 740 L.
870 675 1016 759 Crasso,
1039 671 1083 758 Q.
1106 671 1278 760 Scaevola,

218 788 259 856 C.
282 782 449 871 Claudio,
469 781 727 878 potentissimis
744 777 973 866 hominibus,
997 802 1154 874 quorum
1172 778 1279 850 aedili·

217 908 310 965 tates
339 894 578 964 ornatissimas
610 888 786 978 vidimus,
817 882 1100 960 commercium⁸
1130 890 1278 959 istarum

217 1027 340 1074 rerum
368 1026 451 1073 curn
480 1001 612 1072 Groecis
638 999 850 1071 hominibus
875 1022 952 1068 non
979 995 1107 1083 fuisse3
1130 998 1194 1083 iis,
1215 1000 1279 1095 qui

216 1127 300 1212 post
311 1110 531 1205 judiciorum
545 1108 798 1181 dissolutiones
811 1107 928 1178 aediles
942 1104 1026 1178 facti
1040 1119 1142 1193 snut,
1156 1103 1276 1177 fuisse.

263 1227 337 1294 LX.
355 1219 588 1292 Acerbiorem
611 1221 718 1290 etiam
739 1220 866 1290 scitote
888 1240 964 1289 esse
988 1213 1191 1287 civitatibus
1212 1213 1279 1286 lal-

216 1356 292 1405 sam
321 1332 425 1402 istam
452 1345 489 1400 et
513 1327 716 1401 simulatam
741 1328 983 1425 emptionem,
1007 1348 1116 1421 quam
1142 1325 1173 1394 si
1197 1325 1279 1420 quis

216 1443 306 1514 clam
329 1440 518 1541 surripiat,
536 1451 599 1509 aut
618 1439 746 1535 eripiat
762 1436 880 1533 palam
897 1449 1006 1531 atque
1021 1430 1178 1504 auferat:
1194 1457 1279 1504 nam

216 1549 478 1647 turpitudinem
505 1556 704 1618 summam¹
729 1569 805 1616 esse
830 1543 1067 1631 arbitrantur,
1092 1540 1219 1614 referri
1240 1544 1278 1612 in

216 1660 336 1732 literas
357 1656 539 1756 publicas,
559 1658 678 1754 pretio
693 1652 883 1726 adductam
898 1653 1095 1739 civitatem,
1112 1666 1148 1723 et
1162 1654 1279 1750 pretio

217 1792 330 1866 parvo
340 1778 368 1856 ²,
391 1792 453 1856 ea,
481 1790 560 1863 quae
583 1764 778 1863 accepisset
801 1788 822 1835 a
845 1760 1059 1858 majoribus,
1077 1761 1279 1835 vendidisse

215 1891 327 1975 atque
345 1877 525 1948 alienasse.
548 1877 689 1946 Etenim
708 1873 916 1945 mirandum
938 1874 977 1943 in
994 1871 1143 1944 modurn
1164 1876 1277 1943 Graeci

214 1986 325 2059 rebus
343 1988 438 2070 istis,
460 2010 550 2083 quas
567 2009 636 2056 nos
655 1986 941 2072 contemnimus,
966 1981 1197 2055 delectantur.
1216 1986 1281 2051 lta-

216 2122 288 2195 que
303 2096 456 2191 majores
476 2097 591 2167 nostri
609 2094 712 2166 facile
729 2093 971 2191 patiebantur,
988 2091 1063 2163 haec
1079 2115 1278 2188 essequam

215 2208 371 2304 plurima
391 2205 490 2305 apud
505 2202 658 2294 soei0s³,
673 2218 715 2274 ut
733 2205 884 2301 imperio
904 2216 1030 2273 nostro
1045 2225 1154 2298 quam
1171 2225 1278 2271 orna·

214 2318 340 2389 tissimi
355 2318 666 2412 florentissimique
680 2329 819 2386 essent:
841 2311 936 2413 apud
952 2337 1013 2383 eos
1027 2326 1168 2399 autem,
1183 2336 1277 2409 quos

213 2426 421 2522 vectigales,
438 2441 500 2497 aut
517 2426 769 2524 stipendiarios
791 2423 968 2509 fecerant,
988 2437 1109 2493 tamen
1129 2421 1207 2492 haec
1221 2445 1276 2492 re·

214 2535 444 2634 linquebant,
459 2552 501 2607 ut
511 2536 562 2606 illi
572 2591 582 2624 ,
594 2535 729 2633 quibus
740 2560 781 2606 ea
791 2534 953 2631 jucunda
963 2549 1065 2622 sunt,
1077 2559 1158 2631 quac
1170 2532 1276 2604 nobis
1364 2530 1372 2551 '

213 2646 305 2719 levia
314 2644 540 2737 videbantur,
555 2644 732 2717 haberent
743 2644 819 2716 baec
832 2645 1095 2716 oblectamenta
1106 2658 1143 2714 et
1153 2642 1276 2714 solatia

214 2758 404 2826 servatutis.

261 2863 357 2955 Quid
379 2863 600 2955 arbitramini
623 2866 824 2964 Rheginos,
847 2866 910 2962 qui
928 2862 1000 2957 jam
1020 2863 1114 2931 cives
1134 2862 1274 2949 romani

250 3090 275 3134 7.
287 3070 493 3138 ludiciafiebaat.
513 3074 596 3134 Quum
612 3085 722 3137 equester
800 3090 826 3121 a.
840 3070 919 3119 Pretio
930 3085 1017 3134 parvo.
1036 3071 1115 3134 Quale
1127 3069 1189 3117 illud
1205 3068 1275 3132 quod

213 3153 277 3200 ordo
285 3152 393 3214 integros
401 3148 532 3213 firmosque
547 3162 671 3215 praestaret
681 3153 722 3211 ja·
764 3150 944 3212 Heiosolntum
954 3152 1041 3197 Verres
1048 3140 1097 3212 pro
1106 3148 1274 3214 quatoorpol·

160 3291 164 3298 ¹
212 3230 288 3290 dice·
763 3229 887 3279 suminis
895 3229 970 3293 signis
980 3226 1150 3276 contendebat.

249 3310 275 3358 8.
291 3307 472 3356 Commium.
486 3308 520 3354 Ea
534 3308 601 3370 signa
615 3306 721 3354 habuere
799 3310 824 3356 3.
835 3310 910 3373 Apud
917 3309 1004 3373 socios.
1011 3309 1066 3356 Tria
1075 3308 1142 3356 luere
1151 3307 1273 3355 sociorum

211 3387 323 3453 quidem,
341 3386 384 3434 sed
398 3397 426 3433 ut
438 3385 591 3434 commodata
610 3395 718 3444 mutum,
764 3402 859 3451 genera.
876 3388 926 3435 Alli
938 3386 998 3435 socii
1014 3387 1075 3434 dieti
1095 3387 1206 3434 foederati
1218 3395 1273 3433 tan-

211 3484 257 3516 nec
268 3485 294 3516 ea
307 3477 441 3532 potueruut
453 3482 546 3523 ρωπος
557 3462 622 3513 uude
633 3464 721 3512 facilli·
756 3454 816 3514 ‘tum
826 3478 850 3515 et
859 3468 986 3517 immunes.
995 3467 1137 3531 Vectigales,
1150 3468 1275 3530 quiterti-

210 3563 249 3595 me
263 3547 340 3610 liquet
353 3546 487 3609 perspicere
504 3560 588 3593 eornm
607 3543 730 3609 dominos*
763 3545 802 3609 gel
813 3548 946 3606 incertum,
965 3545 1036 3610 quale
1048 3546 1131 3594 Sicilia
1147 3545 1274 3603 decumas,

211 3642 262 3674 nou
274 3641 301 3672 ea
315 3640 381 3672 nune
394 3624 530 3671 vendidisse
542 3624 630 3680 Verri,
643 3639 719 3686 quum
763 3624 914 3688 pendebant3
928 3623 1125 3689 ουιψεηᾰίανίἰ,
1134 3626 1175 3686 qui
1186 3633 1275 3669 eertum

210 3706 298 3754 Crasso
307 3714 331 3752 et
339 3703 444 3752 Claudio
452 3704 516 3751 illud
526 3712 683 3751 remeassent.
763 3705 998 3767 pecunioesummem
1006 3703 1100 3768 populo
1108 3716 1209 3749 romeam
1216 3716 1276 3764 qno·

245 3781 720 3846 LX.r.Turpitudinemsummam.Quia
764 3783 844 3830 tannis
867 3782 898 3829 ad
921 3794 1014 3831 certum
1037 3792 1133 3844 tempus
1150 3780 1275 3827 exsolvero

210 3878 286 3927 quum
298 3863 384 3909 Verres
399 3861 508 3909 clamitat
517 3861 608 3924 ubique
617 3874 642 3907 se
651 3860 719 3924 sigua
763 3873 832 3909 aaut
845 3864 932 3910 coacti.
946 3887 979 3898 -
987 3859 1092 3923 Imperio
1104 3870 1186 3907 aosrm
1198 3874 1274 3923 quam

210 3939 429 4003 illaemiese,apud
442 3950 532 3988 ceteras
542 3949 625 4002 gentes
636 3938 720 3987 viden·
764 3940 924 3995 ornatissimi,
955 3950 1002 3986 ete,
1034 3937 1113 3985 Facile
1137 3938 1272 3986 enimam

211 4030 252 4067 tur
276 4020 351 4067 Siculi
369 4034 481 4067 nummos
495 4019 606 4068 babuisse
624 4019 719 4083 aliquot
763 4020 849 4067 ceteris
867 4018 967 4084 populis
989 4032 1120 4081 agnoscere
1132 4017 1178 4065 bro
1190 4029 1272 4069 nostra

211 4098 319 4162 potiores
344 4098 390 4145 dlis
411 4099 486 4162 ipsis,
506 4099 580 4165 longa
601 4100 720 4161 maiorum
763 4099 850 4162 agendi
876 4100 981 4156 rationo,
1010 4106 1100 4161 quauta
1124 4096 1275 4162 benignitate

211 4175 328 4243 religione
339 4179 491 4225 consecratis.
764 4178 848 4225 sociis
862 4175 934 4225 nobis
946 4175 1178 4226 adminlmrentnr.
