3016 4774
317 316 385 390 552
675 316 957 387 excussus
986 316 1012 384 1.
1117 260 1120 269 ¹

313 440 463 530 praesenti
482 440 560 526 (sive
575 462 661 529 ager,
679 441 751 504 sive
762 438 843 528 qnid
858 438 947 503 aliud
963 438 1043 527 cst),
1059 459 1162 526 qurum
1180 437 1395 505 adversarius

313 547 529 615 adversarium
551 547 648 611 simul
671 568 770 611 manu
794 546 1027 636 prehenderet,
1051 546 1086 609 iu
1111 567 1148 609 ea
1165 569 1201 609 re
1225 547 1392 611 omnihus

312 651 417 717 verbis
433 651 612 734 vindicare,
627 650 662 714 id
675 668 738 733 est,
750 650 888 715 vindicis
902 667 1050 739 correpta
1070 649 1261 738 (virrdr'er'am
1272 668 1388 715 autem

312 759 365 823 hic
387 759 571 840 surculum,
595 758 662 822 sive
676 758 852 839 festucam,
870 757 999 846 opinor,
1017 758 1174 844 appellat:
1196 779 1271 843 quae
1292 756 1389 821 aliter

312 863 454 931 stadim
466 865 596 940 dicitur,
612 880 649 927 ut
659 885 763 951 quum
777 863 860 927 servi
867 863 1028 942 vindicta,
1039 860 1073 925 id
1085 878 1149 944 est,
1165 862 1255 951 virga
1264 884 1387 926 manu·

310 965 395 1029 mitti
406 964 579 1047 ‹licuntur3
593 965 727 1053 propius
739 966 827 1028 enim
843 962 884 1027 ad
900 963 1035 1027 vindr'eri‘
1048 985 1186 1044 nomen,
1204 962 1295 1028 unde
1308 966 1386 1027 vair·

310 1065 398 1131 dicta
411 1064 552 1137 deducta
570 1082 637 1147 est,
651 1064 786 1153 secedit)
804 1086 921 1128 manus
943 1065 1026 1143 inre
1043 1081 1141 1153 atquc
1155 1063 1191 1127 in
1206 1064 1283 1127 loco
1297 1086 1384 1153 prie-

312 1170 394 1245 senti
412 1188 581 1240 conserere
598 1192 606 1234 ε
626 1167 716 1256 quod
730 1166 820 1255 apud
835 1184 1006 1258 proetorem
1025 1166 1072 1255 (id
1084 1183 1152 1249 est,
1169 1183 1334 1255 prmsente
1348 1169 1384 1232 iu

313 1297 391 1363 agro
408 1275 559 1363 praetore)
572 1297 611 1339 ex
629 1275 693 1339 XII
709 1272 826 1345 tabulis
843 1271 957 1354 fiebam
972 1273 1008 1337 in
1028 1272 1148 1360 quibus
1162 1272 1208 1338 ita
1221 1273 1384 1362 seriptum

313 1395 376 1447 cst:
389 1380 423 1447 Si
434 1382 491 1467 qui
503 1381 535 1444 in
545 1381 620 1459 jure
628 1401 760 1443 manum
771 1396 959 1444 conserunt,
971 1379 1034 1444 Sed
1044 1396 1219 1468 postquam
1228 1374 1382 1467 punitores

311 1486 494 1574 propagatis
510 1485 608 1549 Italiae
622 1483 760 1567 linibus,
776 1485 847 1550 latis
857 1485 1154 1566 jurisdictionibus,
1174 1485 1315 1573 negotiis
1328 1509 1384 1551 oo·

310 1590 436 1678 cupati,
455 1588 614 1675 proficisci
629 1589 848 1658 vindiciarum,
857 1590 1068 1656 dicendarum
1081 1612 1177 1654 causa
1185 1591 1384 1680 longinquas

309 1696 344 1759 in
358 1717 409 1759 res
425 1696 650 1785 gravabantur,
664 1698 848 1763 institutum
868 1715 917 1762 est
932 1715 1047 1763 contra
1064 1698 1128 1761 XII
1144 1697 1270 1761 tabulas
1284 1700 1385 1762 tacito

310 1823 489 1884 consensu,
505 1819 543 1868 ut
560 1803 719 1892 litigantes
737 1826 805 1867 non
818 1803 852 1865 in
868 1803 941 1882 jure
958 1802 1046 1892 apud
1058 1819 1230 1895 praetorem
1243 1826 1384 1868 manum
1467 1870 1468 1879 ,

200 1996 203 2003 Δ
309 1924 529 1991 consererent,
545 1907 602 1972 sed
613 1930 652 1973 ex
661 1909 735 1988 jure
751 1930 853 1972 mauu
869 1926 1056 1973 consertum
1074 1926 1246 1992 vocarent,
1263 1908 1298 1973 id
1316 1927 1382 1992 est,

310 2013 391 2078 alter
407 2014 544 2079 alterum
562 2037 601 2078 cx
614 2015 688 2095 jure
702 2012 745 2078 ad
765 2014 1000 2086 conserendam
1025 2037 1157 2080 manum
1180 2016 1215 2078 in
1233 2038 1320 2096 rem,
1338 2016 1382 2082 de

311 2142 376 2206 qua
394 2134 551 2206 ageretur,
571 2138 720 2202 vocarer,
741 2134 839 2208 atque
857 2121 996 2207 profecti
1013 2121 1111 2184 simul
1131 2121 1165 2184 in
1188 2144 1319 2209 agrum,
1338 2120 1382 2185 de

302 2238 378 2313 'quo
394 2226 589 2316 litigabatur,
607 2242 698 2292 tsmae
721 2227 844 2313 aliquid
863 2250 901 2291 ex
917 2250 976 2309 eo,
996 2228 1098 2293 veluti
1112 2252 1213 2293 unam
1233 2229 1380 2318 glebam,

309 2331 344 2397 in
364 2332 419 2411 jus
435 2332 471 2397 in
489 2333 611 2396 Urbem
628 2331 670 2395 ad
689 2348 860 2419 praetorem
885 2331 1050 2398 deferrent
1066 2357 1075 2397 t
1090 2349 1124 2398 et
1147 2335 1243 2399 inea
1265 2335 1380 2425 gleba,

310 2452 477 2523 tamqnam
489 2436 524 2499 in
540 2452 610 2500 toto
619 2457 715 2523 agro,
729 2436 959 2502 rindicamntn.
971 2432 1050 2503 Haec
1061 2439 1194 2505 Gellius.
1206 2443 1246 2505 In
1257 2442 1382 2529 quibus

308 2540 390 2604 illud
404 2540 642 2608 observandum
661 2557 726 2618 cst,
743 2542 831 2613 hanc
846 2566 1003 2609 manuum
1022 2548 1261 2612 consertionem
1279 2550 1380 2613 etiam

308 2660 381 2709 tum
400 2642 473 2709 lieri
489 2645 615 2710 solitam
634 2668 739 2734 quum
760 2646 802 2710 tle
822 2670 1009 2737 possessore
1030 2666 1220 2718 constaret:
1241 2670 1274 2717 et
1289 2669 1382 2718 actor
1467 2654 1468 2727 ᾖ

310 2747 540 2831 vmdt'cntiorse,
560 2749 675 2832 idest,
694 2752 729 2815 in
744 2776 813 2817 rem
830 2755 959 2834 notione
978 2756 1028 2818 uti
1043 2756 1155 2837 rellet3
1175 2757 1263 2845 quod
1280 2758 1381 2822 enam

309 2856 424 2925 Cicero
443 2857 644 2923 demonstrat
658 2860 692 2922 in
706 2876 787 2944 orat.
805 2861 1037 2947 prolllurscna,
1056 2879 1089 2926 st
1103 2863 1158 2927 lib.
1176 2864 1218 2928 de
1233 2866 1323 2928 Orat.
1338 2867 1355 2927 1
1370 2889 1379 2927 :

308 2995 321 3020 ι
334 2964 532 3051 Multisque,
550 2966 675 3052 inquit,
696 2988 885 3052 preessent,
912 2968 970 3055 qui
991 2984 1048 3031 aut
1073 2968 1247 3034 interdicto
1267 2986 1382 3034 tecum

307 3068 791 3149 contenderent,autteexjune
802 3092 900 3134 mauu
909 3089 1095 3136 consertum
1104 3091 1276 3155 vocarent,
1287 3074 1381 3162 quod

307 3174 341 3239 in
358 3174 475 3239 alienos
493 3175 710 3260 possessiones
729 3192 796 3240 tam
811 3192 933 3240 temere
946 3179 1095 3242 irruisses
1114 3201 1122 3242 ε
1140 3196 1273 3267 agerent
1288 3181 1381 3243 enim

306 3295 416 3342 tecum
429 3277 499 3365 lege
515 3279 712 3367 Pythagorei
726 3303 856 3361 omnes,
870 3281 1153 3371 vindicarentque,
1172 3301 1233 3349 etc.
1246 3317 1259 3340 ι
1275 3285 1381 3348 Inter-

307 3384 425 3449 dictum
438 3398 548 3449 autem
564 3406 604 3446 eo
620 3384 653 3446 in
668 3384 742 3448 loco
759 3407 825 3449 non
842 3386 906 3451 hoc
925 3385 965 3451 dc
976 3388 1008 3450 vi
1021 3388 1209 3475 quotidiana
1225 3404 1257 3453 et
1272 3389 1379 3455 festu·

306 3491 389 3569 carin
405 3487 564 3581 significat
581 3512 589 3552 ι
606 3489 663 3553 secl
680 3489 721 3552 de
733 3491 764 3552 vi
779 3490 970 3556 hominibus
980 3486 1110 3557 armatis
1124 3495 1327 3581 coactisque,
1340 3497 1377 3558 in

307 3618 371 3682 qua
391 3594 513 3669 scilicet
527 3616 594 3660 nnn
612 3617 651 3658 ex
665 3594 738 3674 jure
756 3618 857 3659 mauu
871 3611 1059 3661 consortum
1075 3599 1183 3662 vocari
1200 3600 1304 3663 solet:
1319 3600 1379 3663 sed

306 3701 354 3765 ris
366 3722 477 3774 revera
490 3697 635 3767 adhibita
647 3716 705 3764 est.
722 3701 832 3781 Quare
844 3700 971 3764 duabus
989 3700 1030 3765 de
1042 3705 1147 3773 censis
1160 3732 1175 3759 ι
1184 3720 1284 3766 manu
1298 3724 1382 3767 con-

307 3823 450 3872 sertum»
463 3807 649 3888 vocabatur,
665 3807 808 3895 primum
825 3830 929 3894 quum
940 3808 981 3875 de
997 3804 1200 3896 possessione
1211 3809 1379 3898 agendum

234 3926 237 3936 ·
254 3936 259 3943 ·
307 3924 404 3990 esset,
419 3926 453 3973 et
467 3910 676 3977 interdictum
695 3943 709 3969 s
720 3910 808 3976 unde
824 3910 856 3972 vi
869 3912 1006 4000 simplici
1020 3929 1053 3977 et
1064 3913 1148 3991 civili
1160 3944 1188 3994 ν,
1207 3912 1380 4001 postulan-

305 4011 385 4095 plum
404 4034 412 4079 t
432 4010 549 4076 deinde
562 4036 665 4100 quum
683 4016 718 4078 in
730 4037 799 4079 rem
817 4014 962 4097 actione,
975 4018 1042 4081 sire
1050 4015 1266 4083 vindicatione
1276 4034 1378 4087 uteu-
