3148 4780
335 371 408 460 [μθ
658 373 706 440 Μ.
731 354 1076 443 remeamus

334 497 372 566 in
397 492 524 565 ceteris
549 492 752 565 civitatibus
776 492 928 590 grandes
955 508 1043 564 natu
1068 505 1222 580 matres,
1247 506 1284 564 et
1311 495 1398 564 item

332 602 473 703 parvuli
484 599 587 672 liberi
602 599 843 673 miserorum⁶
859 630 867 671 :
888 625 1046 699 quorum
1061 616 1301 698 utrorumque
1313 618 1398 709 aetae

333 713 494 786 laborem
507 726 543 783 et
556 711 769 783 industriam
789 736 905 783 meam
918 766 928 799 ,
940 712 1050 783 fidem
1068 727 1104 783 et
1117 712 1395 783 misericordiam

332 840 487 896 vestram
503 821 723 919 requirebat.

378 939 505 1032 Itaque
524 933 568 1003 ad
593 957 669 1021 me,
684 932 846 1028 judices,
864 947 991 1031 praeter
1013 943 1169 1002 ceteras⁷
1192 930 1286 1001 hanc
1305 955 1394 1027 que·

330 1046 521 1116 rimoniam
549 1035 681 1112 sicilia'
693 1041 831 1113 detulit.
854 1041 1035 1137 Lacrymis
1054 1063 1121 1136 ego
1137 1038 1183 1109 ad
1201 1038 1292 1127 hoc,
1316 1064 1392 1109 non

330 1155 442 1253 gloria
459 1150 628 1223 inductus
644 1155 795 1222 accessi:
812 1176 859 1222 ne
881 1149 967 1221 salsa
983 1150 1184 1237 damuatio,
1198 1174 1246 1221 ne
1259 1173 1391 1235 carcer,

330 1290 377 1336 ne
394 1277 544 1348 catenae,
566 1286 613 1333 ne
636 1261 801 1345 verbera,
822 1286 868 1332 ne
890 1283 1049 1347 secures,
1072 1284 1117 1329 ne
1136 1263 1314 1331 cruciatus
1333 1284 1394 1330 so·

329 1376 488 1461 ciorum,
511 1395 558 1440 ne
580 1372 727 1467 sanguis
746 1371 1014 1457 innocentium,
1035 1393 1082 1438 ne
1105 1369 1265 1465 denique
1287 1370 1391 1440 etiam

330 1483 564 1578 exsanguium
593 1503 745 1577 corpora
766 1495 1017 1565 mortuorum,
1041 1503 1088 1549 nc
1108 1502 1244 1550 moeror
1266 1504 1393 1577 paren·

328 1606 404 1662 tum
423 1615 463 1662 ac
479 1594 788 1690 propinquomm,
810 1588 1078 1688 magistratibus
1096 1591 1229 1667 nostris
1243 1591 1393 1687 quaestui

328 1715 451 1798 posset
470 1724 558 1772 esse.
582 1705 688 1771 Hunc
705 1725 772 1797 ego
791 1701 821 1770 si
842 1715 979 1771 metum
998 1698 1141 1785 Siciliae,
1164 1698 1394 1771 damnatione

326 1814 449 1894 istius,
476 1835 542 1908 per
570 1825 724 1882 vestram
751 1808 860 1881 fidem
889 1824 925 1881 et
950 1813 1177 1880 severitatem
1207 1806 1392 1903 dejecero‚

322 1920 477 2017 judices,
494 1924 577 1991 satis
596 1917 717 1990 officio
736 1943 837 2008 meo,
854 1921 938 1991 satis
956 1919 1101 1990 iliorum
1118 1917 1314 2006 voluntati,
1328 1921 1393 2016 qui

326 2054 346 2100 a
370 2056 427 2102 me
444 2030 514 2100 hoc
532 2029 760 2127 petiverunt,
778 2027 912 2101 factum
930 2053 1008 2101 esse
1026 2028 1241 2100 arbitrabor.

374 2146 414 2213 L.
435 2144 689 2239 Quapropter¹
711 2140 740 2210 si
763 2164 872 2237 quem
898 2138 989 2210 forte
1016 2140 1215 2227 inveneris,
1238 2140 1300 2235 qui
1322 2137 1393 2210 hoc

262 2295 267 2304 ·
326 2252 452 2323 navaie
481 2252 616 2323 crimen
649 2266 803 2337 conetur
830 2248 1046 2337 defendere,
1073 2251 1103 2319 is
1131 2252 1180 2320 ita
1202 2247 1389 2321 defendat:

325 2360 384 2431 iila
401 2365 642 2443 communia²‚
660 2384 739 2455 quae
756 2358 803 2430 ad
821 2384 964 2432 causam
980 2359 1071 2430 nihil
1085 2363 1285 2458 pertinent,
1305 2383 1391 2457 prae-

326 2469 521 2554 termittat3
543 2491 601 2538 me
615 2467 759 2565 culpam
776 2468 929 2541 fortunae
943 2473 1141 2567 assignare,
1154 2470 1391 2540 calamitatem

324 2576 465 2646 crimini
486 2574 590 2663 dare;
612 2600 671 2648 me
694 2580 925 2652 amissionem
943 2581 1064 2652 classis
1083 2579 1254 2676 objicere,
1271 2603 1389 2675 quum

324 2684 429 2755 multi
458 2688 526 2756 viri
552 2683 663 2760 fortes
689 2689 728 2759 in
757 2687 968 2761 communi³
992 2694 1205 2788 incertoque
1225 2687 1389 2788 periculo

358 2905 384 2952 6.
400 2904 480 2952 liberi
494 2905 645 2956 miserorum.
665 2906 772 2956 Subeud.
791 2924 833 2957 ue·
876 2926 926 2969 cue,
941 2910 984 2958 eed
997 2926 1108 2975 maguam
1122 2910 1172 2958 vim
1189 2910 1261 2958 effert
1274 2910 1387 2958 orationi.

322 2982 469 3032 nechoram
482 3000 546 3048 quoe
558 2996 586 3033 tu
603 2984 707 3035 iuterfici
716 2988 831 3048 jueeeree.
877 3016 912 3026 -
927 2989 1038 3054 Corpora
1051 3002 1208 3037 mortuorum.
1224 2992 1338 3053 Quorum
1357 2989 1389 3037 ed

320 3087 355 3097 -
368 3062 494 3110 laborm
514 3065 543 3110 Iu
565 3066 738 3128 conquirendis
749 3067 833 3116 Verris
877 3069 1025 3133 cepulturtm
1038 3084 1130 3118 merces
1139 3068 1336 3132 extorquebatur.

321 3138 473 3189 criminibus.
482 3141 678 3193 -Induetriam
687 3148 716 3193 In
726 3146 757 3194 iic
767 3146 833 3211 apud
912 3150 939 3197 L.
957 3164 981 3199 1.
1002 3148 1165 3213 Quapropter.
1176 3148 1292 3196 Occurrit
1307 3147 1387 3195 desen-

320 3232 365 3264 νου
376 3219 539 3281 exponendie.
876 3227 941 3276 sicui
952 3244 1026 3291 quem
1040 3244 1074 3276 ex
1087 3228 1154 3275 omui
1167 3237 1237 3291 parte
1250 3226 1387 3274 ademit.-

356 3311 382 3362 7.
401 3298 493 3345 Preeter
506 3311 607 3350 ceteras.
626 3301 721 3366 Nempe
735 3301 766 3350 dc
778 3303 831 3351 libi·
875 3306 903 3353 Si
911 3305 1063 3371 quemforte.
1081 3305 1176 3355 Acerba
1191 3306 1318 3354 dubitatio.
1332 3302 1387 3352 Cri·

319 3374 427 3433 dinibus,
438 3375 469 3424 de
478 3378 587 3440 avaritie,
598 3389 644 3428 etc.
652 3381 764 3427 -Hanc
773 3399 831 3446 que·
874 3402 929 3434 men
942 3386 1025 3433 Verris
1038 3385 1069 3433 dc
1082 3384 1156 3432 clauc
1167 3385 1252 3432 emim
1266 3384 1297 3430 ite
1307 3382 1384 3429 meni·

319 3455 600 3507 rr'ruoniamAEeVerrie
614 3458 758 3508 crudelitate
766 3461 831 3511 etde
874 3465 941 3511 fectis
963 3463 1092 3527 probatum
1115 3474 1152 3512 eet
1174 3461 1334 3527 urgumeude,
1354 3470 1383 3507 ut

320 3536 448 3601 mppliciie
462 3537 494 3586 eb
514 3554 544 3585 eo
566 3539 591 3585 in
611 3539 713 3587 mieeroe
730 3540 785 3589 ilict
806 3552 831 3589 et
873 3557 946 3591 nemo
965 3540 1085 3602 fortmee,
1104 3543 1197 3605 neipee
1211 3540 1308 3605 quidem
1318 3541 1384 3587 Hor·

319 3617 462 3664 innocentee
480 3618 614 3666 meamhoc
637 3620 785 3668 constitutis.
799 3647 830 3655 -
873 3621 979 3681 tensius,
990 3620 1040 3681 jam
1053 3635 1156 3670 ausurus
1178 3619 1283 3669 titillud
1302 3620 1384 3669 defeu-

320 3694 450 3759 Lacow's.
465 3696 572 3745 Subeud.
587 3697 731 3747 Siculorum.
741 3726 778 3735 -
788 3697 832 3746 Ad
872 3699 937 3748 dere.

318 3771 372 3821 doe.
386 3774 427 3821 Ad
444 3775 508 3824 benc
527 3794 624 3826 cauum
638 3777 669 3827 de
686 3776 829 3827 cmdelitate
908 3794 936 3828 a.
946 3778 995 3827 tua
1003 3779 1149 3828 eommunia.
1162 3778 1192 3828 Id
1201 3791 1247 3841 eet,
1257 3794 1312 3843 quie
1323 3794 1383 3826 ceu·

319 3851 478 3903 tractandum.
499 3885 534 3895 -
551 3860 609 3908 Non
628 3856 717 3924 gioria.
735 3857 765 3905 Id
778 3868 827 3916 eet,
872 3859 904 3906 eie
923 3857 1038 3908 omnibus
1056 3859 1207 3907 commodari
1224 3869 1337 3923 poenum.
1347 3885 1385 3895 -

317 3925 401 3988 gloriae
410 3932 502 3983 etudio.
516 3963 553 3974 -
561 3936 677 4002 Nefalsa
691 3936 827 3985 δαηιηοτίο.
870 3963 905 3973 -
916 3941 956 3986 Me
963 3937 1068 4003 cuipiam·
1076 3939 1138 4000 Quae
1147 3939 1253 3987 fortune
1264 3937 1382 3995 “averti

318 4000 524 4061 Nouembrem
539 4026 563 4062 et
573 4015 657 4064 vivide
669 4015 823 4079 repetitio.-
870 4014 1000 4080 migmre.

317 4082 496 4147 exsanguium.
504 4093 572 4139 Voce
584 4093 629 4141 itte
639 4108 693 4140 uon
704 4102 759 4154 eget
771 4107 827 4139 eeu-
907 4095 934 4143 3.
950 4097 980 4142 Iu
997 4094 1127 4144 communi.
1141 4095 1181 4143 Sic
1201 4112 1248 4159 pro
1266 4094 1361 4145 Milone
1374 4111 1382 4143 .'
