3054 4772
329 441 402 525 644
650 437 699 505 Μ.
725 438 764 506 Τ.
791 435 1070 507 CICERONIS

330 577 382 635 est
396 559 501 634 data?
520 561 697 630 imovero
716 581 889 629 nummus
907 556 1029 630 nullus
1046 560 1124 629 sine
1141 556 1255 630 literis
1273 556 1405 632 mttltie

331 665 577 743 commotus¹⁶
600 682 663 740 est.
686 670 775 759 Quae
797 681 851 739 est
872 667 981 764 igitur
1001 668 1078 738 ista·
1091 671 1289 756 accusatio,
1314 695 1403 768 quae

328 780 467 852 facilius
495 779 610 878 possit
636 777 762 875 Alpes,
783 800 894 873 quam
918 799 1053 873 paucos
1076 778 1192 847 aerarii
1217 776 1349 875 gradus
1365 788 1398 835 ¹⁷

329 891 540 981 ascendere3
572 889 777 986 diligentius
802 893 1030 958 Rutenorum
1046 882 1101 973 ¹⁸,
1131 912 1241 984 quam
1267 887 1400 985 populi

328 1002 469 1074 romani
494 996 662 1071 defendat
691 996 875 1085 aerarium3
904 995 1077 1067 libentius
1101 998 1252 1094 ignotis,
1283 1022 1400 1095 quam

328 1115 425 1185 uotis
440 1123 580 1199 utatur,
593 1108 802 1205 alienigenis
813 1115 863 1192 ¹⁹,
879 1130 989 1203 quarn
1004 1105 1208 1177 domesticis
1223 1105 1398 1196 testibus;

327 1223 470 1323 planius
498 1245 536 1292 se
567 1216 781 1291 confirmare
804 1218 940 1288 crimen
963 1213 1114 1286 libidine
1137 1214 1399 1306 barbarorum,

328 1357 439 1430 quam
459 1345 665 1401 nostrorum
683 1327 874 1397 hominum
893 1325 1006 1397 literis
1024 1324 1242 1399 arbitretur?

375 1447 438 1514 ΙΙΙ.
470 1444 636 1510 Duorum
663 1440 959 1533 magistratuum,
988 1458 1146 1532 quorum
1171 1450 1327 1533 uterque
1353 1436 1396 1507 in

326 1552 481 1650 pecnnia
511 1547 665 1617 maxima
691 1545 877 1617 tractanda
904 1543 1207 1643 procurandaque
1231 1558 1396 1619 versatus

326 1675 400 1743 est,
422 1657 691 1728 triumviratus¹
720 1669 986 1752 etquaesturae,
1010 1657 1103 1726 ratio
1128 1655 1178 1726 sic
1207 1655 1395 1746 redditur,

325 1767 480 1864 judices,
502 1779 543 1835 ut
560 1769 599 1835 in
615 1765 658 1836 iis
679 1762 803 1852 rebus,
822 1789 903 1861 quae
918 1778 1003 1835 ante
1020 1764 1146 1835 oculos
1163 1781 1270 1862 gestae
1290 1781 1394 1857 sunt,

326 1875 371 1948 ad
385 1877 519 1947 multos
535 1876 809 1973 pertinuerunt,
824 1871 998 1945 confectae
1012 1873 1166 1970 publicis
1176 1878 1396 1974 privatisque

326 1987 459 2059 tabulis
487 1999 590 2070 sunt,
616 1983 714 2054 nulla
744 1982 956 2079 significatio
983 1981 1091 2074 furti,
1116 1985 1217 2057 nulla
1243 1986 1395 2083 alicujus

328 2098 448 2170 delicti
467 2094 624 2192 suspicio
643 2091 830 2164 referatur.

375 2206 643 2305 Hispaniensis²
669 2204 801 2302 legatio
822 2200 1049 2307 consequuta
1065 2219 1138 2294 est,
1160 2205 1395 2280 turbulentis·

325 2426 407 2476 abrec
419 2425 481 2473 elem
489 2435 562 2487 atque
570 2432 638 2471 extre
648 2421 760 2470 ordinem
768 2436 836 2469 eece·
879 2436 949 2486 egere
957 2443 987 2482 a,
999 2421 1031 2471 de
1044 2420 1153 2482 Officiis,
1164 2425 1214 2482 111,
1225 2438 1247 2470 e.
1260 2422 1304 2471 et.
1315 2424 1396 2475 Nm.

260 2497 265 2509 ⁵
326 2503 519 2571 pieee,)··iditu
527 2499 710 2563 intelligendum
722 2512 836 2559 eet,eum
917 2502 957 2549 18.
970 2502 1127 2552 Rutenorum.
1137 2505 1246 2567 Apparet
1256 2502 1314 2551 iude
1326 2506 1397 2553 Fou-

325 2583 369 2646 qni
389 2583 471 2639 deret,
488 2578 562 2627 fiscos
575 2579 650 2627 domo
668 2594 711 2626 ena
729 2579 836 2638 misisse,
879 2579 921 2627 teii
935 2579 1133 2640 jurisdictionem
1150 2581 1259 2645 edueqne
1279 2584 1395 2632 Rutenos

325 2678 376 2709 non
386 2676 430 2725 per
440 2661 603 2723 argentarium
612 2658 720 2707 eolvieee.
730 2657 807 2706 Nm.
881 2659 1016 2723 pertinere3
1023 2676 1078 2724 quse
1085 2662 1271 2723 geueeuuotiad
1278 2662 1396 2711 attent-

364 2742 403 2789 16.
417 2739 561 2788 Commotus.
576 2740 625 2787 Pro
639 2738 753 2795 Fonteio,
763 2753 786 2785 c.
805 2751 837 2787 1:
880 2739 923 2786 vio
934 2738 1021 2786 Flacco
1033 2740 1057 2786 et
1069 2739 1123 2787 aliie
1136 2739 1240 2788 duribus
1251 2754 1303 2787 non
1317 2741 1395 2789 semel

325 2842 338 2862 ι
344 2821 464 2869 Nummus
473 2820 499 2866 in
506 2818 585 2867 Gallie
594 2816 675 2865 nullus
685 2817 737 2865 eine
744 2816 835 2864 civium
877 2817 956 2877 ricta,
964 2817 1100 2867 libertatem
1111 2830 1228 2868 tamenne
1237 2819 1302 2882 lege·
1311 2835 1394 2867 eerra-

325 2914 481 2948 romanorum
489 2895 578 2945 tubulis
585 2906 777 2944 commovetur».
787 2896 835 2942 Pro
878 2896 923 2943 rit.
933 2900 1043 2960 Apparet
1050 2898 1138 2957 etiam,
1147 2909 1248 2946 auctore
1257 2898 1351 2946 Cure
1361 2898 1396 2947 de

324 2980 411 3027 Flacco
419 2978 434 3027 l.
444 2994 466 3025 c.
476 2999 489 3019 ι
497 2976 548 3025 Ubi
558 2990 671 3022 nummus
680 2973 761 3022 nullus
771 2988 836 3021 corn·
878 2974 940 3023 Bell.
949 2975 1012 3026 Gall.
1025 2980 1052 3036 1,
1066 2978 1100 3033 45
1106 3013 1113 3037 ,
1127 2984 1170 3037 47,
1180 2976 1219 3024 hie
1227 2977 1328 3041 populis
1337 2977 1396 3027 lon·

324 3067 437 3106 movetur
446 3055 498 3103 eine
509 3052 668 3119 praeton'bue,
678 3064 725 3101 etc.
734 3074 747 3094 ι
759 3053 833 3102 Nm.
879 3056 932 3119 gius
941 3071 956 3102 r
967 3056 1084 3105 Narbone
1095 3057 1205 3115 Martio,
1216 3072 1324 3105 romanae
1335 3073 1397 3122 pru·

362 3151 402 3196 ¹7·
418 3136 510 3181 Paucos
526 3132 611 3179 ceratii
623 3130 726 3196 ,gradun
736 3132 835 3180 Nemini
879 3133 965 3182 vincite
983 3136 1079 3199 eapite,
1097 3135 1258 3195 distantibus,
1277 3152 1291 3183 e
1308 3148 1397 3185 mur

324 3212 424 3277 quidem
443 3213 486 3275 qui
505 3214 591 3259 Romu
609 3221 716 3258 vereatur
734 3209 835 3260 dubium
879 3229 1021 3262 conoessum
1034 3225 1062 3263 ut
1076 3216 1178 3279 proprio
1187 3217 1244 3276 jure
1257 3226 1396 3266 uterentur.

324 3307 376 3339 esee
402 3300 497 3355 potest,
521 3289 631 3337 mnrium
654 3305 727 3354 snpra
753 3291 836 3339 iorum
877 3292 1000 3342 Nonnulli
1014 3295 1185 3343 tantummodo
1202 3296 1296 3345 Ruteni
1311 3295 1337 3343 iu
1353 3311 1396 3344 ro·

324 3368 471 3428 eminuisse,
484 3376 557 3429 etque
567 3364 593 3413 id
604 3382 648 3431 pet·
658 3367 746 3430 gradus
756 3384 836 3417 aecen-
878 3387 948 3420 mana
959 3374 1086 3438 provincie
1099 3385 1169 3422 erant
1179 3373 1191 3440 (
1200 3375 1262 3424 Cu.
1275 3376 1337 3433 vn,
1347 3372 1396 3439 7),

325 3466 380 3499 eum
397 3448 490 3496 fuisse:
512 3446 601 3495 horum
618 3457 699 3495 umen
717 3428 836 3512 gradudm
878 3454 1132 3519 etiieeueeuntquoe
1139 3455 1166 3503 b.
1177 3454 1195 3502 l.
1206 3457 1396 3503 reniterentur.

325 3528 457 3581 Nardinine
478 3536 542 3574 oerte
565 3525 655 3574 nullum
674 3543 706 3575 ex
728 3529 835 3591 antiquie
916 3548 959 3596 ¹9·
970 3531 1130 3598 Alienigenis.
1142 3533 1183 3580 Sic
1192 3532 1256 3580 infra
1267 3533 1397 3592 17:⁸0²·

326 3608 472 3657 mentionem
504 3605 581 3652 affert.
612 3604 699 3653 Obiter
724 3622 835 3666 moneo,
877 3613 1066 3660 rateutnoetrir
1077 3611 1180 3659 testibus
1192 3611 1321 3675 plusquam
1330 3610 1399 3660 elie·

325 3697 424 3753 cryptae
446 3699 501 3748 quae
523 3695 572 3731 tun
589 3693 662 3731 veetoe
683 3685 729 3733 eub
750 3697 835 3734 monte
877 3690 1114 3754 nigeniecredidisee
1125 3689 1255 3739 videamini
1267 3711 1287 3736 ι.

324 3764 463 3832 Capitolino
476 3772 536 3810 eotae
548 3773 617 3820 eunt,
630 3765 718 3826 partim
731 3764 763 3813 ad
776 3776 835 3813 tem·
913 3769 959 3815 111.
980 3784 1005 3816 1.
1026 3769 1209 3817 Triumviretus.
1227 3771 1284 3831 Quo
1303 3783 1397 3832 genere

321 3846 390 3910 plum
410 3843 481 3893 Jovie
502 3841 646 3906 pertinuisse
668 3842 761 3905 rideri,
778 3861 834 3908 quae
877 3846 989 3895 triumvir
1001 3847 1074 3895 fuerit
1085 3848 1211 3905 Fonteius,
1224 3845 1282 3894 vide
1292 3846 1355 3911 qnid
1365 3849 1397 3897 in

319 3924 413 3971 faviesae
425 3930 510 3969 erant:
523 3920 611 3984 pertim
625 3919 658 3968 ed
671 3920 832 3984 tabularium,
877 3936 1020 3991 argumento
1030 3926 1061 3976 cl.
1074 3925 1195 3977 Niebuhr.
1205 3926 1331 3987 conjiciat.

318 4001 408 4065 partim
425 3999 458 4048 ed
477 4000 602 4059 erarium,
621 3999 666 4048 ubi
683 4000 775 4051 infiniti
793 4002 830 4051 illi
912 4020 938 4053 a.
957 4004 1133 4069 Hispaniensis.
1151 4008 1182 4053 In
1198 4004 1315 4053 ulteriore
1331 4020 1397 4068 pro·

317 4077 422 4127 thesauri
433 4089 617 4140 reponerentur.
630 4079 672 4128 Sic
685 4080 830 4145 intelligitur
872 4084 968 4141 vincia,
981 4082 1155 4148 qna‘mtcicero
1168 4082 1289 4133 orationis
1302 4098 1326 4132 e.
1344 4084 1396 4146 ιδ,

313 4157 376 4224 quid
384 4153 506 4220 rigmlicet
517 4176 529 4198 ι
537 4156 664 4208 contento·
672 4157 705 4207 ed
716 4160 827 4210 erarium
880 4173 936 4213 uter
946 4165 1041 4213 Fonteii
1051 4162 1193 4215 Mensores
1202 4162 1342 4213 constituit.
