3148 4780
388 383 443 452 ΙΝ
468 381 680 451 VERREM
705 381 806 450 act.
826 383 883 465 ll,
907 383 1001 451 LlB.
1028 385 1072 452 V.
1191 385 1262 471 415

199 521 308 603 atque
325 517 439 590 reste,
458 501 568 574 domo
586 526 651 575 sua
665 516 741 573 tota
759 502 931 601 expilata,
944 505 1167 579 mentionem
1184 520 1263 580 tuu-

197 641 279 687 rum
303 613 483 685 furtorum
505 636 581 683 non
606 612 710 699 lacit3
735 636 812 683 sese
833 613 951 710 ipsum
971 612 1035 686 abs
1056 630 1094 687 te
1113 622 1263 716 repetit,

199 724 289 796 nihil
312 723 487 822 amphus:
508 736 624 792 tutum
650 724 746 793 enim
766 736 828 793 tua
845 721 996 795 libidine
1014 740 1052 796 et
1069 727 1201 800 scelere
1219 755 1264 802 ex

200 859 264 907 sua
283 838 398 932 patria
416 833 564 929 (inqua
579 831 701 902 multis
721 830 914 902 virtutibus
934 846 971 903 et
991 832 1176 908 beneficiis
1193 836 1259 909 flo-

198 946 296 1015 ruit²
321 941 512 1042 princeps)
538 940 723 1013 sustulisti.
750 943 866 1012 Dexiu
891 942 969 1032 hic,
992 967 1103 1040 quam
1120 947 1264 1034 videtis,

198 1080 274 1129 nou
289 1080 369 1151 quae
384 1052 530 1151 publice
545 1051 720 1147 Tyndari,
736 1076 811 1122 nun
830 1076 910 1148 quae
930 1056 1095 1149 privatim
1114 1055 1183 1127 sibi
1195 1063 1264 1129 eri-

144 1200 149 1211 1
198 1165 327 1263 palati,
344 1162 408 1235 sed
422 1167 572 1235 unicum
588 1162 696 1232 miser
711 1159 775 1231 abs
788 1175 824 1232 te
837 1160 951 1233 filium
966 1164 1145 1261 optimum
1158 1180 1268 1264 atque

197 1274 533 1347 innocentissimum
560 1270 718 1367 flagitat3
742 1296 818 1349 uon
845 1295 891 1340 ex
917 1269 1063 1345 litibus³
1087 1278 1268 1348 aestimatis

198 1386 268 1456 tuis
287 1385 477 1483 pecuniam
500 1380 671 1466 domum,
696 1378 759 1453 sed
785 1405 831 1455 ex
850 1395 912 1453 tua
934 1375 1133 1457 calamitate
1152 1391 1264 1459 cineri

197 1508 308 1589 atque
323 1493 466 1563 ossibus
484 1488 550 1561 filii
564 1491 619 1561 sui
633 1489 800 1563 solatium
815 1491 893 1563 vult
904 1490 1053 1588 aliquod
1069 1512 1264 1592 reportare.

197 1606 263 1674 Hic
281 1617 354 1673 tam
374 1599 519 1698 grandis
535 1613 624 1671 natu
641 1597 851 1671 Eubulidal
868 1598 940 1670 huc
959 1613 1121 1691 tantum,
1143 1621 1266 1678 exacta

198 1725 322 1799 atate,
341 1710 474 1782 laboris
493 1708 705 1805 itinerisque
719 1694 897 1803 suscepit,
915 1732 990 1779 nou
1011 1726 1052 1783 ut
1067 1712 1203 1811 aliquid
1222 1740 1266 1787 ex

198 1823 271 1895 suis
286 1820 394 1895 bonis
406 1832 656 1917 recuperaret,
670 1816 733 1891 sed
747 1831 806 1902 ut,
823 1815 960 1914 quibus
973 1821 1086 1895 acuis
1099 1840 1266 1899 cruentas

198 1933 353 2004 cervices
370 1929 435 2001 lilii
453 1930 509 2001 sui
530 1927 684 2015 viderat,
705 1924 831 2001 iisdem
855 1942 890 2000 te
911 1930 1191 2005 condemnatum
1210 1938 1264 2005 vi-

197 2040 312 2112 deret.
530 2102 534 2109 .

244 2152 279 2225 Si
300 2174 365 2249 per
381 2153 421 2225 L.
440 2142 655 2221 Metellum⁵
675 2146 814 2219 licitum
836 2163 947 2233 esset,
959 2147 1119 2243 judices,
1133 2167 1262 2223 matres

91 2252 95 2259 ’
196 2260 360 2348 illorum,
373 2282 522 2343 uxores,
537 2280 755 2352 sororesque
771 2253 965 2327 veniebant
980 2282 1157 2354 :quarum
1170 2285 1261 2343 una,

196 2397 311 2469 quum
329 2394 396 2468 ego
415 2368 460 2440 ad
480 2367 677 2439 Heracliam
699 2352 813 2437 nacti
831 2364 1058 2452 accederem,
1080 2392 1165 2439 cum
1185 2386 1264 2440 om:

197 2479 305 2554 nibus
328 2478 503 2555 matronis
527 2477 605 2572 ejus
625 2475 795 2567 civitatis,
814 2488 851 2545 et
872 2498 956 2547 cum
982 2478 1105 2549 multis
1126 2477 1264 2577 lacibus

197 2590 286 2663 mibi
311 2590 454 2662 obviam
479 2588 597 2675 venit,
617 2600 652 2656 et
673 2587 742 2675 ita,
761 2609 819 2659 me
838 2610 940 2656 suam
962 2587 1116 2661 salutem
1138 2591 1262 2689 appel·

197 2701 294 2788 lans,
314 2716 348 2775 te
371 2723 477 2771 suum
499 2694 702 2769 carnificem
722 2694 936 2782 nominans,
958 2694 1022 2769 filii
1039 2725 1175 2777 riumeu
1193 2706 1262 2772 im·

197 2808 364 2907 plorans,
380 2808 469 2879 mihi
483 2806 527 2878 ad
544 2805 654 2904 pedes
672 2806 799 2876 misera
815 2807 949 2901 jacuit,
968 2810 1071 2903 quasi
1085 2833 1153 2905 ego
1168 2814 1259 2880 exci-

196 2933 273 2990 tare
286 2916 402 2988 lilium
416 2918 495 3012 ejus
509 2915 555 2988 ab
569 2913 695 2987 inieris
707 2937 862 3011 possem.
878 2913 1068 2987 Faciebaut
1081 2916 1153 2988 hoc
1164 2916 1260 2989 idem

196 3069 285 3119 Petita
300 3079 324 3119 ta
339 3078 367 3116 nt
380 3084 431 3117 aare
449 3069 529 3133 ipsum
541 3066 603 3128 cibi,
614 3066 640 3115 id
651 3076 703 3125 eut,
746 3089 777 3125 η
795 3083 836 3125 ιω
854 3071 1023 3132 domatione,
1041 3074 1104 3127 Μ
1117 3075 1178 3127 ἕως
1191 3079 1259 3142 mpii

194 3149 335 3214 patriaauae
348 3148 467 3205 mittun,
477 3162 490 3193 ο
500 3161 547 3209 qut
555 3145 623 3192 illum
631 3143 703 3191 boni·
746 3161 773 3199 ut
785 3151 863 3216 putuit
880 3150 974 3217 aliquot
987 3151 1033 3203 filii
1046 3155 1157 3205 manibus
1172 3156 1258 3207 notaria

193 3244 207 3275 a
219 3224 479 3293 teupuliatum‚ejeciuti
487 3234 527 3271 tua
539 3221 702 3284 injurian-
748 3229 867 3277 tribuere,

197 3309 250 3363 Tua
262 3306 369 3359 libidine.
378 3310 433 3357 Huc
447 3303 505 3351 dicit
518 3313 619 3368 propter
628 3301 703 3352 Calli·
783 3318 806 3367 4.
813 3308 945 3359 Eubulida.
955 3310 1032 3379 Supra
1045 3328 1100 3376 cap.
1111 3316 1257 3371 tae-Tan-

194 3388 289 3436 damam
296 3384 412 3451 Agathini
423 3382 507 3440 filiam,
515 3378 634 3430 Dorothei
642 3397 704 3429 ¹1¹0·
746 3398 797 3435 uim
815 3388 915 3439 labaris.
931 3392 991 3439 Tam
1005 3391 1105 3459 longum
1127 3395 1191 3456 iter,
1208 3407 1258 3444 tam

194 3483 253 3517 rem.
276 3465 331 3515 Lib.
350 3468 387 3524 11,
405 3479 459 3529 cap.
482 3463 524 3513 36.
549 3489 584 3499 -
603 3461 702 3509 Scelere·
745 3464 895 3517 laboriosum
905 3468 955 3519 lanc
968 3472 1098 3523 astutia
1114 3475 1256 3534 -Scdue,

193 3545 288 3595 Ibidem
297 3560 350 3609 cap.
361 3544 442 3594 38.—
455 3539 588 3607 Beneficii).
602 3542 631 3588 ln
645 3556 702 3588 aaut
746 3544 832 3609 quibus
842 3547 925 3595 oculis.
937 3549 1037 3599 labano
1047 3553 1192 3601 renuntiem
1201 3569 1257 3601 νοω

193 3623 373 3675 caucanam.
745 3623 1257 3693 ethniumdixitr.85rua‚·1aodotoa

229 3720 254 3751 a.
280 3701 381 3750 rtonue.
405 3700 471 3747 Olim
492 3698 616 3763 lugebatur
628 3696 701 3763 fuit,
745 3701 921 3753 :inremedium
932 3704 1024 3753 inimici
1038 3705 1110 3753 dolor
1121 3728 1143 3755 ι.

193 3782 271 3833 multu
281 3783 362 3833 minus
373 3778 521 3843 exquisitum
532 3793 560 3824 ac
573 3777 677 3845 elegans.
782 3780 806 3826 5.
818 3781 846 3829 Si
856 3799 904 3846 per
916 3786 945 3830 L.
959 3784 1162 3836 Metellum.1ain
1175 3787 1256 3839 sieut.

229 3861 253 3907 3.
268 3861 325 3909 Nou
341 3875 373 3907 ex
389 3858 484 3915 litibus,
503 3867 551 3905 etc.
564 3856 623 3905 Nun
640 3857 703 3921 petit
745 3859 819 3905 Verri
826 3862 957 3921 inacescit,
968 3873 993 3910 et
1003 3873 1075 3911 testea
1087 3863 1144 3913 iuda
1153 3866 1256 3917 Rumam

193 3947 220 3989 nt
232 3938 279 3987 ribi
290 3939 394 4000 damna,
406 3953 461 4003 quae
473 3951 518 4003 per
529 3946 554 3984 ta
570 3936 597 3987 in
615 3951 641 3985 rc
659 3951 701 3983 aaa
746 3949 832 3987 eontra
851 3942 952 3991 Verrem
970 3942 1052 3993 varim
1069 3943 1204 4013 probibuit.
1220 3974 1255 3985 -

194 4015 304 4063 familiari
325 4032 409 4080 pium
432 4025 484 4073 cat,
501 4030 531 4064 ex
556 4014 604 4063 tuit
629 4014 702 4062 bonis
748 4016 888 4071 Viniciana.
924 4020 1026 4083 Iamiam
1057 4033 1123 4073 certo
1150 4037 1258 4081 venturu

194 4095 349 4145 reatituantur
365 4095 417 4157 lega
434 4095 465 4143 da
486 4093 641 4161 repcmndi03
658 4093 700 4143 aed
746 4107 825 4155 amnt.
