3116 4774
403 400 594 470 onrrro
617 402 717 470 rno
741 401 1027 473 t-cnclnt.
1175 399 1241 497 507

186 549 231 595 ex
248 519 365 593 verbis
379 535 504 618 aptum
522 520 681 618 pendere
695 522 756 618 jus
766 531 810 611 ¹⁰,
829 520 892 593 sed
908 520 1017 595 verba
1032 523 1164 599 servire
1179 523 1244 597 ho·

87 660 89 663 ·
187 633 327 705 minum
354 630 510 703 consiliis
537 644 575 702 et
600 628 937 721 auctoritatibus¹¹?
960 634 1094 702 Ornate
1121 646 1157 703 et
1181 658 1243 706 co·

187 744 288 838 pinse
300 744 339 811 L.
356 743 501 811 Crassus
511 792 522 828 ‚
533 738 645 811 horno
657 739 765 839 longe
777 739 1109 837 eloquentissimus,
1121 743 1245 839 paullo

186 864 288 938 ante,
307 874 417 947 quam
440 874 506 925 nos
526 851 565 921 in
587 847 706 921 forum
725 851 911 937 venimus,
926 848 1062 946 judicio
1082 865 1245 925 centum·

186 959 287 1033 virali
304 959 398 1031 hanc
412 962 627 1031 sententiam
645 957 825 1048 defendit,
840 973 875 1033 et
891 956 1010 1048 facile,
1028 983 1143 1055 quum
1156 983 1245 1033 con·

186 1084 241 1140 tra
259 1093 341 1141 enm
365 1068 665 1166 prudentissimus
686 1068 816 1154 homo,
840 1071 883 1160 Q.
906 1069 1067 1157 Mucius,
1091 1068 1244 1159 diceret,

186 1177 354 1275 probavit
374 1177 563 1267 omnibus,
586 1176 634 1249 M'
658 1181 827 1267 Curium,
850 1182 915 1277 qui
939 1178 1044 1252 heres
1061 1180 1244 1255 institutus

186 1302 279 1361 esset
303 1290 374 1375 ita,
397 1301 544 1360 mortuo
573 1304 744 1386 postumo
764 1288 867 1378 filio,
900 1314 1014 1387 quum
1044 1287 1140 1363 filius
1170 1314 1245 1363 non

186 1398 297 1468 modo
319 1421 394 1467 non
416 1410 601 1485 mortuus,
621 1397 683 1470 sed
702 1424 748 1469 ne
766 1415 872 1472 natus
889 1399 1039 1498 quidem
1059 1415 1168 1489 esset,
1187 1400 1246 1473 he·

185 1507 308 1579 redem
327 1532 403 1579 esse
422 1522 600 1604 oportere.
622 1508 744 1598 Quid?
761 1510 879 1583 verbis
901 1514 986 1582 satis
1004 1510 1075 1582 hoc
1098 1526 1245 1582 cautum

187 1616 285 1685 erat?
301 1617 460 1686 minime.
475 1617 562 1705 Quae
578 1640 635 1687 res
649 1619 758 1714 igitur
770 1618 905 1690 valuit?
916 1620 1081 1692 voluntas
1093 1629 1124 1664 ¹²
1141 1646 1148 1688 :
1164 1646 1244 1720 quae

185 1726 215 1796 si
235 1726 350 1796 tacitis
374 1724 481 1797 nobis
506 1726 656 1825 intelligi
680 1742 822 1824 posset,
849 1728 968 1800 verbis
993 1732 1145 1802 omnino
1169 1755 1245 1801 non

186 1849 388 1918 uteremur;
406 1836 491 1931 quia
512 1860 586 1905 non
607 1849 742 1933 potest,
760 1836 869 1910 verba
889 1851 1032 1934 reperta
1050 1852 1151 1924 sunt,
1169 1862 1246 1909 non

186 1969 267 2043 quae
285 1943 519 2042 impedirent,
541 1944 602 2017 sed
624 1971 704 2044 quae
724 1945 923 2020 indicarent
940 1949 1174 2020 voluntatem.

233 2057 328 2126 XIX.
337 2059 412 2126 Lex
421 2079 528 2127 unum
536 2057 827 2128 etauctoritatem
835 2056 1053 2152 fundijubet
1062 2081 1137 2128 esse
1147 2055 1246 2129 bien·

186 2166 286 2235 nium
299 2176 323 2235 ¹.
338 2169 384 2237 At
402 2167 541 2236 utimur
555 2165 684 2237 eodem
696 2166 777 2262 jure
793 2167 831 2235 in
849 2165 1006 2253 nedibus,
1021 2191 1100 2264 quae
1114 2171 1151 2236 in
1169 2166 1246 2263 lege

185 2298 260 2345 non
272 2273 506 2373 appellantur.
516 2279 553 2349 Si
567 2278 623 2348 via
630 2279 677 2347 sit
690 2276 915 2363 immunita²‚
922 2273 1046 2369 jubet,
1059 2300 1133 2373 qua
1146 2276 1246 2364 velit,

185 2408 289 2482 agere
300 2386 526 2491 jumentum.⁸
534 2390 656 2458 Potest
671 2386 742 2459 hoe
756 2412 799 2458 ex
814 2384 929 2458 verbis
942 2386 1107 2486 intelligi,
1120 2389 1247 2470 licere.

184 2578 265 2665 peine,
280 2598 318 2646 vel
331 2614 344 2646 ι
357 2598 430 2647 nobie
443 2600 519 2665 iptio,
532 2598 572 2647 vel
584 2599 615 2647 ab
628 2598 693 2659 eliis,
738 2598 851 2649 Obtinuit
867 2598 933 2649 illem
948 2615 1045 2649 eausam
1064 2600 1249 2665 percussum,

185 2678 696 2744 dumverbureprehenduntnr.ProCluen·
738 2694 813 2743 quum
835 2677 917 2727 habita
939 2679 1001 2727 ratio
1026 2679 1100 2727 fuerit
1121 2679 1246 2729 sententie

186 2757 238 2804 tio:
249 2756 318 2805 «Vix
328 2756 410 2805 diserti
420 2757 580 2809 adolescentie
589 2754 694 2809 coltoen't·
736 2759 838 2822 portus,
856 2773 929 2821 quam
943 2759 1036 2822 scripti.
1052 2759 1153 2808 Ρωιι.

186 2832 227 2881 brt
237 2834 315 2883 oratio
325 2856 346 2884 ι.
355 2837 458 2887 Pmn.
772 2838 843 2885 m.
856 2850 878 2885 ι.
889 2839 943 2884 Lex
955 2852 1025 2883 usum
1039 2847 1062 2882 et
1077 2835 1248 2887 auctoritatem

224 2926 263 2960 ιο.
281 2912 338 2960 Non
352 2929 385 2961 ex
397 2914 477 2963 variis
490 2926 575 2980 aptnqn
585 2917 695 2983 pendero
729 2911 810 2979 fundi
818 2914 891 2980 jubet
905 2929 955 2961 esse
966 2912 1097 2962 biemrium.
1111 2913 1174 2981 Vide
1184 2915 1246 2963 Exn.

180 2988 230 3054 jun
247 2990 306 3037 Haee
324 3003 361 3039 eut
373 2992 492 3057 scripture
505 2994 565 3044 ran.
578 2994 631 3045 hee
644 2998 694 3045 Tu-
737 2995 775 3042 11
787 2993 819 3040 nd
834 2991 924 3039 calcem
932 2992 1006 3052 hujus
1015 2993 1140 3041 orationis.

186 3070 247 3132 ring.
262 3080 287 3116 et
296 3070 400 3118 veritatis
410 3072 461 3131 ejus
472 3073 598 3136 vestigium
610 3074 695 3122 etium.
775 3088 798 3121 Β.
810 3071 838 3118 Sl'
849 3071 895 3118 ‘vla
906 3070 938 3118 sii
951 3071 1085 3121 immunita·
1100 3071 1146 3119 Vl!
1160 3080 1195 3119 eli
1206 3071 1248 3133 ju!

185 3162 245 3194 num
261 3146 335 3197 lraeret
352 3148 377 3194 in
395 3148 543 3210 olimcusit3
561 3151 694 3215 inquibus
738 3149 825 3207 eundi,
842 3149 942 3214 agendi,
961 3149 1115 3208 ambulandi,
1131 3149 1150 3198 l.
1174 3165 1196 3211 1,
1215 3150 1247 3198 dc

185 3232 282 3273 actum.-
291 3225 387 3289 vulgata
394 3226 517 3275 substituit
524 3239 613 3286 totum,
623 3231 695 3294 igno·
737 3228 815 3276 servit.
822 3228 901 3292 prad.
912 3228 994 3290 rustic.
1004 3230 1033 3276 In
1042 3237 1180 3293 porrectum
1190 3239 1248 3278 orto

184 3304 279 3351 ratione
288 3304 353 3351 vocis
365 3305 476 3365 alterius,
487 3322 537 3370 quo
548 3317 628 3355 tamen
637 3325 694 3357 usus
738 3307 827 3371 pedes,
839 3308 866 3357 in
875 3308 983 3355 anfractu
995 3340 1002 3365 ,
1020 3316 1045 3356 et
1055 3304 1120 3355 flexu
1129 3306 1249 3367 sedecim,

183 3381 228 3430 lib.
243 3384 254 3428 1
274 3380 444 3439 Oifleiorum:
470 3385 647 3446 «Honestum,
663 3403 695 3435 ex
736 3385 754 3435 l.
771 3388 805 3448 8,
818 3386 871 3434 ibid
884 3397 909 3434 et
920 3388 1000 3435 Varro
1014 3385 1044 3433 de
1057 3387 1085 3433 t.
1100 3387 1126 3434 L.
1142 3386 1191 3444 vt,
1205 3386 1249 3435 ubi

184 3476 235 3526 quo
244 3472 327 3526 aptum
338 3472 374 3509 est
382 3461 491 3511 officinm
501 3486 522 3513 u.
534 3466 608 3513 lnu.
737 3465 796 3530 legis
808 3482 847 3514 ιιι
860 3464 926 3514 nbh.
940 3465 1057 3514 meminit.
1071 3465 1169 3512 Mnnire
1177 3465 1249 3513 viam

223 3540 349 3589 11.Verba
355 3540 444 3589 servire
450 3541 572 3592 hominnm
580 3543 693 3603 consiliis,
737 3544 800 3592 dixit
813 3544 911 3593 Paullus
929 3542 947 3590 l.
961 3544 1004 3608 qui
1017 3545 1067 3592 viat
1078 3543 1109 3589 D.
1123 3542 1152 3591 de
1166 3541 1247 3591 damn.

185 3630 210 3665 et
221 3619 415 3679 auctoritatibus.
426 3622 507 3670 Verba
515 3604 638 3688 'tamquam
648 3623 692 3670 nri-
735 3612 780 3671 'tut
791 3644 803 3665 α
812 3623 861 3686 Qui
874 3624 924 3673 vies
933 3624 1043 3689 publicas
1056 3621 1183 3677 muniunt,
1192 3622 1248 3671 tine
1355 3628 1358 3639 ¹

184 3697 273 3745 nistros
286 3699 393 3747 indicare
404 3700 511 3749 hominii
524 3701 692 3763 voluntatem,
737 3701 825 3751 damno
840 3703 974 3751 vicinorum
990 3702 1017 3751 id
1030 3702 1107 3750 faeere
1122 3699 1211 3750 debent
1226 3723 1248 3757 ι,

184 3786 209 3823 et
227 3780 378 3825 sententiam.
397 3778 476 3826 Verba
495 3779 572 3842 enirn,
588 3793 617 3829 ut
630 3781 692 3828 inira
737 3780 838 3829 Pmn.
850 3806 885 3817 -n
897 3782 951 3842 Qua
962 3780 1032 3828 vetit.
1047 3783 1085 3839 1⁸,
1097 3778 1137 3826 eui
1146 3782 1249 3829 territus

185 3853 255 3911 dicit,
269 3869 363 3920 reperta
377 3869 448 3917 sunt,
461 3874 511 3907 nen
524 3875 579 3923 quae
590 3859 696 3925 impedi·
739 3858 849 3908 debetur.
870 3860 993 3907 Ηοποκ.
1013 3885 1047 3895 ·-
1069 3857 1097 3905 si
1114 3858 1159 3906 vin
1177 3860 1209 3909 sit
1222 3861 1250 3909 in

185 3944 255 3991 rent,
266 3935 309 3982 ted
320 3952 374 4000 quae
387 3937 522 3985 indicarent
535 3937 693 3987 voluntatem.
739 3936 838 3985 Bruttiis
847 3936 984 3985 immunita.
997 3936 1100 3999 Bmttr't',
1115 3936 1189 3989 italie
1205 3955 1251 4007 po·

184 4014 271 4061 θην.
739 4015 806 4083 puli,
820 4016 851 4065 td
865 4017 952 4064 fretum
966 4015 1073 4065 Siculum
1088 4015 1140 4077 titi,
1158 4019 1248 4067 Tuscu·

224 4092 694 4159 12.Qnoeresigienrvaluin'voluntas.
739 4096 789 4144 tum
807 4112 865 4146 vero
883 4095 1003 4161 oppidum
1020 4095 1131 4163 proxime
1145 4096 1248 4156 urbem,
