3186 4772
217 455 1271 503 mmmmm-mmmmm

454 636 1024 753 ARGUMENTUM.

212 864 269 925 Hic
294 861 370 922 liber
392 859 510 939 quintus
531 852 729 916 Accusationis
752 853 783 911 in
811 854 844 910 C.
860 853 999 913 Verrem,
1024 854 1054 901 ct
1074 839 1206 909 ultimus,
1228 852 1272 898 est

251 959 397 1029 omnium,
416 974 480 1013 mea
497 951 615 1031 quidem
630 949 788 1021 sententia,
810 946 895 1024 longe
913 939 1133 1022 pulcherrimus.
1152 935 1272 1008 Quoties

252 1055 350 1113 animo
373 1070 485 1110 mecum
505 1058 632 1107 retracto
655 1058 699 1104 tot
720 1044 864 1122 elegantes
885 1038 954 1099 libri
974 1035 1071 1115 quarti
1095 1032 1274 1091 narrationes

251 1150 288 1210 da
305 1150 392 1227 signis
416 1145 533 1219 ablatis3
553 1144 591 1203 de
613 1142 732 1222 pollutis
753 1132 957 1218 religionibus,
979 1130 1153 1206 violatisque
1169 1126 1273 1187 Siciliae

250 1245 465 1317 monumentis3
480 1241 594 1320 quoties
612 1240 692 1297 venit
712 1237 743 1296 in
767 1248 894 1295 mentem
917 1240 1025 1310 quanto
1047 1226 1135 1286 animi
1154 1224 1276 1293 dolore,
1368 1232 1370 1238 “

250 1356 361 1422 quanto
379 1341 489 1418 impetu
510 1336 650 1397 orationis
675 1335 857 1414 explicentur
880 1329 963 1389 libris
989 1321 1204 1404 superioribus,
1228 1319 1276 1378 rel

251 1436 365 1499 Sthenii
386 1436 534 1494 calamitas
551 1446 581 1492 et
600 1433 682 1510 fuga,
703 1432 750 1490 v‘el
762 1428 1000 1488 Philodamorum
1016 1439 1099 1482 casus
1118 1431 1147 1478 et
1165 1415 1277 1495 suppli-

253 1534 348 1605 cium;
362 1529 433 1588 nihil
449 1528 516 1588 addi
528 1528 587 1605 jam
601 1545 687 1604 posse
695 1524 813 1583 videtur
824 1523 862 1582 ad
875 1523 952 1581 illam
966 1516 1082 1578 dicendi
1095 1514 1274 1593 elegantiam,

254 1641 284 1687 et
304 1627 481 1698 ubertatem,
504 1634 554 1682 aut
575 1623 610 1682 ad
629 1621 706 1681 banc
722 1619 892 1698 eloquentiae
910 1618 983 1689 rim,
1004 1628 1033 1673 et
1046 1613 1224 1693 gravitatem.
1238 1613 1277 1667 At

253 1723 305 1784 ubi
326 1721 414 1800 rejeci
434 1722 534 1779 oculos
555 1719 592 1777 ad
615 1718 693 1776 hunc
714 1717 838 1790 librum,
855 1734 924 1774 vere
944 1713 1053 1784 dicam,
1075 1723 1142 1767 tunc
1160 1706 1277 1764 ridetur

252 1819 325 1879 mihi
336 1817 449 1878 Tullius
464 1815 596 1875 consulto
617 1824 647 1873 et
663 1814 790 1893 cogitato
809 1826 906 1870 cetera
919 1808 1019 1869 Verris
1038 1805 1143 1882 flagitia
1165 1814 1275 1861 tantum

252 1914 396 1993 attigisse,
410 1924 443 1970 ut
456 1911 492 1970 ad
507 1911 583 1969 lianc
598 1908 659 1988 ejus
673 1910 703 1968 in
719 1910 797 1969 cives
810 1925 945 1967 romanos
959 1902 1155 1963 crudelitatem
1174 1897 1279 1956 fortior

252 2009 415 2083 accederet,
431 2021 460 2068 et
474 2028 538 2069 eam
550 2006 663 2071 viribus
675 2026 762 2085 quam
779 2003 971 2085 integerrimis
986 2000 1115 2079 agitaret.
1129 1992 1276 2054 Audacius

252 2108 356 2167 dicam.
365 2113 450 2165 Paene
462 2104 636 2164 crediderim
643 2103 770 2163 Tullium
784 2104 815 2160 in
829 2102 885 2159 illis
894 2094 1076 2177 exponendis
1082 2105 1112 2150 et
1126 2090 1279 2167 deploran-

251 2202 297 2264 dis
310 2203 463 2282 sumpsisse
482 2201 519 2260 de
532 2201 644 2271 rivulo,
658 2211 691 2257 ut
708 2198 738 2257 in
754 2197 829 2256 hanc
842 2208 954 2274 partem
970 2191 1007 2250 de
1025 2185 1236 2247 navarchorum
1248 2196 1279 2242 et

253 2301 340 2362 Gavii
353 2299 503 2379 suppliciis
516 2296 689 2376 eloquentiae
701 2314 760 2353 suae
772 2294 880 2352 flumen
896 2302 988 2348 totum
1002 2281 1210 2364 profunderet,
1231 2295 1278 2339 at-

252 2399 351 2477 quein
364 2417 425 2455 rem
442 2410 498 2455 tam
511 2408 638 2454 atrocem
649 2391 790 2472 quidquid
805 2391 837 2449 in
850 2389 945 2467 seipso
959 2397 1033 2445 esset
1043 2380 1179 2441 oratoriar
1191 2378 1279 2437 facul·

253 2495 336 2568 tatis,
355 2504 553 2565 consumeret3
579 2490 603 2549 si
624 2509 684 2548 non
709 2488 865 2568 cogitarem
889 2503 981 2543 novas
1000 2497 1117 2558 semper
1138 2475 1277 2535 orationis

254 2591 394 2649 «rimatos
407 2608 445 2647 ex
459 2588 554 2666 seipso
573 2587 678 2645 efferre
694 2584 863 2644 immortalis
878 2579 984 2663 ingenii
1001 2575 1165 2636 beatissima
1186 2570 1276 2631 uber-
1334 2596 1337 2604 ·

254 2698 329 2745 tate»
343 2686 446 2757 virum,
462 2683 563 2742 «dono
575 2681 703 2761 quodam
717 2680 906 2761 providentia
921 2677 1063 2757 genitum,
1083 2672 1113 2731 in
1129 2688 1188 2748 quo
1201 2681 1276 2727 totas

254 2781 330 2839 vires
343 2801 408 2839 suas
419 2780 583 2859 eloquentia
597 2780 811 2858 experiretur».

293 2878 407 2936 Nemini
421 2877 542 2936 dubium
556 2889 637 2950 erat,
658 2877 729 2955 quin
744 2880 850 2934 Verres
871 2872 1049 2951 apertissime
1061 2880 1191 2929 versatus
1205 2861 1278 2924 esset
1323 2904 1324 2907 η

252 2973 284 3031 in
296 2973 375 3030 omni
389 2993 493 3050 genere
507 2973 625 3032 furandi
638 2986 724 3052 atque
738 2969 903 3053 praedandi3
917 2979 947 3027 et
961 2969 1031 3047 quin
1046 2971 1136 3025 homo
1149 2963 1276 3041 flagitio-

254 3068 381 3127 sissimus
395 3081 424 3127 et
437 3068 688 3128 libidinosissimus
704 3069 734 3127 in
751 3066 910 3128 manifestis
926 3062 1093 3123 criminibus
1107 3063 1146 3121 ita
1163 3075 1277 3120 tenere-

255 3178 312 3238 tur,
322 3178 355 3223 ut
361 3165 423 3244 jam
432 3166 473 3224 illi
485 3165 580 3223 nullus
591 3164 769 3238 defensioni,
783 3164 880 3224 nullus
892 3163 977 3222 etiam
989 3159 1186 3241 deprecationi
1197 3158 1278 3216 locus

254 3262 372 3324 relicuas
384 3281 445 3321 esse
456 3261 612 3320 videretur.
622 3267 663 3320 At
674 3262 742 3340 quia
755 3262 932 3341 provinciale
946 3280 1051 3319 munus
1061 3258 1278 3337 magistratuum

256 3359 448 3439 eratduplex,
459 3378 564 3437 nempe
568 3356 751 3436 jurisdictio,
765 3371 793 3417 et
806 3357 876 3417 belli
889 3355 1107 3417 administrandi
1120 3352 1279 3425 rati03huc

255 3470 372 3536 poterat
387 3457 560 3515 Hortensius
582 3455 777 3515 defensionem
798 3475 879 3515 suam
898 3468 1082 3528 convertere,
1103 3464 1133 3512 et
1153 3449 1280 3510 avaritiae

253 3553 376 3612 crimina
396 3552 511 3612 virtutis
535 3552 728 3631 imperatoriae
751 3551 884 3611 laudibus
907 3551 1065 3632 deprecari.
1102 3552 1180 3626 Ergo
1205 3546 1281 3603 hanc

254 3650 367 3710 Tullius
389 3668 485 3708 arcem
502 3648 679 3721 adversarii,
699 3646 826 3726 disjectis
840 3649 942 3707 ceteris
959 3661 988 3706 et
1000 3645 1122 3716 cversis,
1137 3644 1195 3700 hoc
1205 3636 1282 3698 libro

251 3745 312 3824 jam
327 3745 508 3825 aggreditur:
521 3760 550 3803 et
562 3759 596 3805 ut
611 3745 693 3804 libris
707 3744 905 3824 superioribus
919 3743 1030 3803 affinxit
1037 3741 1122 3799 Verri
1136 3738 1282 3797 defensio-

253 3865 321 3918 nes,
338 3845 444 3919 «Quod
458 3864 562 3923 nempe
573 3844 741 3923 reipublicae
755 3843 885 3903 utilitatis
900 3843 991 3921 gratia
1003 3853 1061 3899 tam
1072 3855 1177 3917 magno
1188 3835 1279 3893 decu-

254 3961 316 4000 mas
336 3942 526 4015 vendidisset3
548 3939 627 4021 quod
647 3943 744 4021 signa,
764 3940 876 4000 tabulas
900 3951 929 3997 et
949 3951 1044 3996 cetera
1057 3935 1162 3996 Siciliae
1178 3952 1280 3992 monu-

255 4052 353 4099 menta
373 4040 503 4113 emisset,
527 4058 587 4097 non
602 4039 788 4117 eripuisset»,
808 4058 880 4117 quas
900 4034 996 4096 statim
1019 4033 1178 4093 convellit:
1196 4030 1281 4089 istum

256 4134 359 4195 eodem
372 4136 494 4194 artificio
508 4132 556 4194 hic
571 4136 730 4215 impugnat.
745 4134 841 4214 Fingit
853 4153 967 4193 causam
980 4129 1167 4191 itaconstitul
1179 4168 1188 4204 ,
1200 4141 1233 4187 nt
1246 4125 1284 4185 ab
