3186 4772
316 407 388 481 350
578 464 582 471 .
635 409 683 476 M.
709 409 749 476 T.
779 409 1055 478 CICERONIS

316 555 400 617 suo,
419 530 676 624 communique
691 529 1012 626 populiromani¹²
1031 544 1293 626 nuncupasset,
1307 556 1375 602 no·

317 655 399 727 ctu,
418 640 534 735 stupri
551 661 676 725 causa,
693 638 820 709 lectica
837 641 875 708 in
894 637 1029 710 Urbem
1046 637 1230 711 introferri
1250 640 1377 713 solitus

316 749 429 821 estad
445 748 656 833 mulierem,
675 762 827 844 nuptam
846 748 931 835 uni,
951 751 1173 845 propositam
1187 749 1377 838 omnibus,
1436 774 1438 777 ’

316 858 441 932 contra
468 856 574 945 fas¹³‚
602 873 728 931 contra
744 858 918 955 auspicia,
942 874 1070 931 contra
1093 883 1219 931 omncs
1239 859 1376 932 divinas

313 985 424 1067 atque
445 969 620 1040 humanas
640 968 844 1065 religiones.

362 1083 456 1152 XIV.
479 1075 572 1148 Od'ii
582 1075 818 1149 immortales!
837 1077 925 1173 quid
938 1080 1110 1150 interest¹
1129 1081 1374 1153 intermontes
1461 1102 1464 1113 ’

314 1190 505 1263 hominum
519 1202 555 1258 et
565 1186 824 1283 cogitationes?
838 1191 891 1256 lta
907 1186 995 1257 mibi
1007 1213 1122 1260 meam
1136 1188 1374 1279 voluntatem,

314 1322 488 1396 spemque
505 1297 653 1393 reliquae
668 1298 766 1384 vitae,
785 1309 903 1369 vestra
928 1298 1129 1394 populique
1150 1301 1289 1369 romani
1304 1302 1374 1371 exi·

313 1408 469 1479 stimatio
489 1403 722 1507 comprobet,
744 1418 785 1474 ut
802 1428 888 1501 ego,
910 1429 1003 1501 quos
1022 1406 1140 1479 adhuc
1157 1407 1249 1478 mibi
1268 1414 1376 1507 magi·

314 1531 445 1588 stratus
460 1515 617 1613 populus
635 1540 806 1585 romanus
818 1514 1014 1602 mandavit,
1033 1520 1084 1587 sic
1101 1542 1164 1589 eos
1182 1522 1320 1616 accepi,
1334 1534 1375 1591 ut

307 1652 372 1707 ,me
387 1629 550 1698 omnium
565 1623 769 1697 officiorum
782 1626 958 1722 obstringi
975 1626 1149 1725 religione
1164 1628 1372 1702 arbitrarer!

313 1742 367 1809 Ita
385 1750 542 1834 quaestor
559 1761 639 1809 sum
660 1735 794 1823 factus,
813 1750 854 1806 ut
874 1736 962 1806 mibi
982 1735 1159 1809 honorem
1178 1738 1279 1809 illum
1298 1764 1374 1811 nou

314 1863 387 1919 tam
403 1846 564 1933 datum2,
580 1869 688 1943 qnam
705 1845 883 1916 creditum
895 1869 936 1916 ac
951 1848 1181 1919 commissum
1196 1863 1372 1945 putarem.

312 1955 768 2054 Sicobtiuui³quaesturam
780 1958 818 2024 in
826 1956 1150 2052 provinciaSicilia,
1160 1974 1202 2029 ut
1210 1960 1373 2030 omnium

312 2163 343 2211 eb
356 2162 411 2228 ipso
421 2165 498 2220 Jove,
511 2176 624 2210 concessu
637 2159 821 2225 imperantibus.
865 2176 949 2209 seusus
961 2161 1113 2227 profitentur,
1125 2177 1149 2214 et
1162 2184 1210 2231 qus
1222 2167 1314 2214 rationo
1323 2164 1371 2214 sibi

312 2270 347 2280 -
356 2246 404 2290 Pro
412 2241 512 2306 imperio
522 2258 574 2297 suo,
587 2240 612 2288 id
626 2251 675 2300 est,
686 2250 713 2288 ut
723 2238 770 2288 sibi
778 2242 823 2286 im·
864 2239 952 2303 pupuli
967 2255 1030 2289 rom.
1046 2242 1146 2305 gretiam
1163 2244 1287 2293 conciliari
1299 2243 1370 2303 velit,

311 2324 406 2387 persuti
420 2321 455 2369 dii
467 2323 584 2369 faverent.
865 2329 947 2381 aperte
960 2318 1072 2369 declaret.
1085 2323 1170 2385 Neque
1180 2337 1238 2371 seue
1250 2325 1302 2370 sine
1314 2336 1374 2387 quo·

350 2416 390 2448 ta.
403 2400 446 2448 Al.
458 2400 589 2462 republe'cu.
602 2400 626 2445 J.
634 2398 667 2443 V.
678 2400 706 2446 L.
865 2396 920 2445 dem
926 2398 1060 2464 voluptatis
1067 2416 1139 2448 seusu
1146 2411 1194 2448 tam
1201 2402 1296 2450 nobiles
1303 2417 1373 2450 vocet

348 2480 388 2526 13.
412 2478 501 2524 Contra
513 2474 569 2540 fas.
591 2476 744 2536 Mugistmtni
765 2489 822 2539 post
864 2478 981 2542 spopulo
990 2490 1059 2526 erant
1070 2480 1232 2543 excipienda,
1245 2482 1287 2543 qui
1296 2480 1373 2528 inille

310 2567 368 2604 vote
382 2566 536 2618 nuncupate,
549 2570 581 2601 ex
598 2552 665 2601 Urbe
677 2555 704 2601 iu
717 2557 820 2617 provin·
864 2570 933 2618 piene
946 2558 1054 2604 omnium
1068 2558 1181 2605 ordinum
1201 2575 1229 2605 ec
1247 2559 1371 2620 magistre·

243 2644 246 2647 ·
310 2635 372 2683 ciam
387 2648 498 2696 egresso,
517 2633 551 2680 lus
568 2647 621 2679 uun
638 2642 689 2679 eret
706 2633 733 2679 iu
752 2649 821 2693 eum,
864 2645 933 2682 tuum
965 2637 1120 2700 corruptele,
1149 2637 1230 2684 saltem
1265 2637 1370 2683 eminere

310 2714 357 2762 uisi
367 2714 477 2762 conferte
487 2712 613 2778 provincis
620 2745 628 2770 ,
636 2710 740 2775 regredi.
753 2713 821 2761 Alio·
863 2713 955 2762 videret
964 2730 1077 2778 magnum
1086 2718 1163 2764 virum
1171 2715 1214 2779 qui
1223 2714 1371 2763 conscientie

310 2794 371 2856 quin
389 2794 496 2858 suspicis
515 2808 570 2856 quse
588 2802 684 2855 ceperat
703 2792 730 2839 iu
748 2792 821 2856 Capi·
847 2792 1371 2860 ,fretumdbouorespervirtutemttntuur

309 2874 388 2936 tolio,
400 2884 425 2922 et
435 2874 578 2938 imperium,
591 2872 672 2920 statim
685 2870 817 2920 amittebat.
862 2874 1056 2937 progrederetur.

309 2955 374 3002 Hinc
393 2953 510 3018 estquod
526 2952 596 3001 addit
613 2952 716 3012 Cicero,
732 2961 819 2999 eontra
899 2967 922 3000 a.
930 2953 988 3000 Non
998 2954 1147 3012 rumdatura,
1159 2970 1234 3019 quum
1243 2953 1370 3003 creditum.

309 3033 433 3095 auspicia,
445 3033 472 3080 id
484 3044 532 3090 est,
545 3042 630 3079 contre
641 3030 816 3095 auspiciorum,
860 3022 901 3078 sio
914 3031 1006 3095 optime
1022 3032 1121 3089 Henric,
1135 3032 1165 3080 de
1180 3034 1293 3081 Mesmes.
1306 3033 1372 3080 Olim

307 3128 351 3159 seu
359 3112 455 3175 imperii
467 3109 589 3159 retinendi
601 3111 728 3158 rationem.
860 3130 873 3150 ι
883 3120 935 3157 tum
953 3126 1004 3159 non
1021 3113 1102 3159 solum
1123 3112 1221 3168 datum,
1238 3113 1281 3159 sed
1300 3113 1371 3160 etiem

344 3193 416 3239 XIV.
438 3204 461 3238 t.
484 3189 550 3251 Quid
566 3187 671 3235 rueret
692 3191 774 3251 Quum
790 3189 817 3236 in
860 3188 978 3237 creditum
988 3212 1009 3239 u.
1024 3190 1100 3253 Quod
1114 3191 1222 3239 defendit
1236 3193 1330 3239 Ernest.
1343 3203 1371 3239 ut

309 3269 357 3317 buc
368 3267 425 3315 loco
437 3278 460 3315 et
474 3267 512 3315 sui
524 3277 549 3314 et
560 3267 643 3313 Verris
655 3269 816 3329 comparutio-
860 3268 954 3317 acutius
961 3268 1129 3333 etelegantius.
1140 3271 1234 3316 Horum
1241 3269 1370 3317 verborum

307 3363 363 3396 uem
373 3353 627 3410 proponutorutor,et
635 3360 725 3407 eaque
733 3345 816 3395 lecerit
859 3346 912 3396 buc
926 3359 962 3396 est
975 3349 1127 3411 differentia,
1142 3348 1211 3413 quod
1227 3349 1288 3397 datis
1298 3348 1370 3395 rebus

220 3484 225 3493 Ι
308 3437 427 3491 quattor,
447 3434 543 3486 etquis
560 3423 667 3470 facturus
685 3424 717 3470 sit
739 3425 817 3474 edilis
860 3427 974 3475 malenti
991 3427 1063 3486 licet,
1080 3428 1213 3475 commissis
1231 3439 1255 3476 et
1273 3426 1368 3475 creditis

270 3508 277 3519 '
308 3505 437 3571 praedicet,
450 3502 595 3567 quibusdum
608 3500 674 3548 visus
686 3514 723 3550 est
732 3520 817 3569 super·
859 3520 912 3553 non
931 3505 1002 3561 licet,
1018 3505 1075 3566 quie
1091 3522 1172 3553 esrum
1192 3517 1229 3554 est
1247 3504 1369 3554 reddendo

307 3602 383 3634 vacue
390 3595 457 3633 extru
466 3599 517 3630 rem
525 3581 676 3646 propositum
685 3583 815 3645 excedere,
858 3585 929 3633 ratio.
940 3583 980 3630 Sic
987 3599 1035 3630 unu
1042 3596 1067 3631 et
1074 3583 1218 3633 beneficium
1226 3598 1251 3633 et
1260 3584 1370 3634 officium

307 3667 425 3730 istamque
439 3662 510 3711 toties
523 3661 642 3722 objectam
655 3662 711 3707 vani
725 3662 815 3726 ingenii
859 3661 1075 3725 complectitur.-
1081 3664 1293 3712 entraordinariis
1301 3664 1368 3729 cupi·

306 3745 469 3809 suspicionem
478 3741 628 3791 confirmare.
636 3743 727 3789 Verum
736 3744 816 3793 minor
859 3741 982 3799 diraeitus,
994 3742 1020 3789 id
1033 3753 1081 3799 est,
1089 3759 1143 3806 quas
1156 3754 1304 3792 suntcoutre
1317 3759 1370 3792 mu·

305 3822 347 3870 hic
357 3823 433 3887 glorie
443 3838 516 3887 quam
525 3820 626 3871 ambitio
636 3835 643 3869 :
653 3822 742 3870 etenim
750 3857 757 3881 ,
764 3824 815 3884 jum
858 3820 927 3882 dum,
945 3831 971 3869 et
983 3820 1095 3870 ordinem
1108 3822 1164 3870 vitae
1178 3824 1332 3886 temperantis
1344 3832 1370 3871 et

306 3901 473 3964 megistretus,
492 3903 593 3960 Cicero,
609 3919 636 3950 ee
651 3903 728 3951 utitur
741 3918 813 3952 occa-
857 3901 1001 3963 moderatu,
1011 3904 1182 3965 utquumquis
1192 3901 1370 3966 vinoetepulis

305 3979 390 4039 sione,
402 3996 457 4044 quer
469 3996 499 4028 ex
511 3992 550 4028 tot
561 3992 586 4029 et
598 3985 670 4030 tentis
681 3983 814 4047 propositis
857 3981 942 4038 utitur,
956 3996 1007 4029 non
1021 3992 1049 4029 ut
1064 3981 1201 4029 necessitati
1214 3993 1311 4046 parem
1325 3980 1369 4027 sed

305 4056 401 4120 flagitiis
413 4074 441 4105 sc
453 4059 601 4106 facinoribus
610 4060 681 4108 facile
694 4059 810 4122 erumpit,
856 4060 928 4109 iubis
933 4060 1005 4107 rebus
1011 4059 1213 4123 uovasexcogitat
1221 4062 1366 4126 vuluptates.

305 4149 333 4186 ut
349 4136 402 4202 ipse
420 4135 601 4200 quodammodo
630 4152 687 4184 suos
712 4137 812 4185 intimos
892 4139 916 4187 3.
927 4138 967 4186 Sic
977 4136 1076 4186 obtutui.
1091 4140 1169 4187 Sorte.
