3186 4772
339 373 408 446 αφ
638 326 708 431 'u
733 363 770 431 T.
798 366 1073 446 cressonis

337 487 433 543 terea
450 470 591 571 tabulas
608 479 850 575 pulcherrime
872 491 985 585 pictas
1008 517 1054 564 ex
1072 496 1198 572 eadem
1217 504 1293 580 aede
1314 535 1394 588 sus·

337 580 444 653 tulit:
462 585 499 654 in
516 584 650 682 quibus
667 608 771 664 erant
789 598 961 695 imagines
984 604 1109 678 Siciiiae
1130 634 1256 711 regum
1278 644 1320 693 ac
1335 639 1393 723 ty.

332 706 550 784 munorum,
577 722 658 794 quae
688 725 764 773 non
793 705 911 780 solum
941 712 1123 810 pictorum
1146 724 1301 802 artificio
1327 735 1390 807 de.

331 799 531 893 lectabant,
547 806 610 878 sed
629 810 735 881 etiam
751 826 1094 899 commemoratione
1110 829 1302 919 hominum
1314 855 1340 934 ⁷,
1355 862 1391 918 et

330 913 535 1013 cognitione
560 912 767 1019 formarum.
791 928 842 996 Ac
862 929 1000 1017 videte,
1022 954 1158 1032 quanto
1180 950 1307 1020 tetrior
1330 952 1391 1027 hic

327 1031 499 1116 tyrannus
519 1027 762 1119 Syracusanus
786 1030 912 1125 fuerit,
936 1066 1045 1136 quam
1069 1050 1261 1149 quisquam
1280 1083 1388 1160 supe·

326 1131 493 1202 riorum:
522 1157 638 1229 quum
663 1139 715 1210 iili
737 1155 857 1214 tamen
884 1153 1048 1226 ornarint
1072 1162 1207 1259 templa
1236 1166 1389 1245 deorum

325 1239 601 1334 immortalium
622 1245 681 1318 hic
706 1251 813 1322 etiam
840 1253 991 1330 deorum
1017 1288 1254 1349 monumenta
1278 1295 1387 1378 atque

325 1365 537 1422 ornamenta
558 1356 753 1431 sustulerit.
796 1378 801 1387 ·

369 1460 457 1526 LVI.
486 1465 564 1531 Jam
593 1483 680 1537 vero
708 1470 798 1566 quid
819 1498 886 1572 ego
913 1479 959 1552 de
983 1483 1115 1559 valvis¹
1143 1491 1238 1568 illius
1258 1504 1385 1601 templi

321 1569 627 1644 commemorem?
649 1580 803 1670 Vereor,
828 1607 895 1675 ne,
919 1588 997 1664 haec
1017 1598 1081 1691 qui
1101 1623 1177 1672 non
1194 1606 1384 1703 viderunt,

319 1674 442 1744 omnia
468 1701 527 1749 me
554 1683 659 1755 nimis
686 1711 816 1784 augere
843 1708 956 1791 atque
984 1724 1114 1778 ornare
1141 1712 1381 1795 arbinentur:

319 1781 419 1877 quod
438 1798 558 1858 tamen
578 1815 686 1865 nemo
710 1800 885 1894 suspicari
901 1804 1025 1897 debet,
1047 1829 1120 1887 tam
1144 1846 1221 1895 esse
1242 1852 1300 1902 me
1321 1856 1382 1904 cu·

320 1890 483 1987 pidum²‚
509 1912 551 1968 ut
576 1913 630 1971 tot
653 1903 750 1976 viros
773 1909 961 2003 primarios
977 1920 1102 2011 veiim,
1123 1938 1321 2026 praesertim
1337 1967 1382 2014 ex

315 2001 481 2095 judicum
500 2030 673 2098 numero,
695 2016 760 2110 qui
780 2020 960 2115 Syracusis
978 2025 1131 2123 fuerint,
1153 2044 1216 2135 qui
1235 2043 1312 2119 haec
1326 2051 1381 2119 vi-

316 2109 456 2199 derint,
486 2141 562 2189 esse
591 2126 784 2196 temeritati
813 2144 850 2200 et
877 2137 1067 2213 mendacio
1092 2170 1176 2219 meo
1204 2159 1378 2231 conscios.

316 2221 537 2297 confirmare
569 2228 640 2301 hoc
671 2233 833 2330 liquido,
863 2242 1025 2338 judices,
1047 2278 1203 2352 possum
1217 2318 1227 2348 ,
1243 2302 1247 2323 ι
1262 2270 1379 2343 valvas

314 2329 662 2426 magnificentiores,
690 2365 734 2411 ex
756 2369 846 2419 auro
872 2367 983 2450 atque
1010 2360 1120 2437 ebore
1142 2371 1378 2466 perfectiores

313 2436 430 2506 nullas
448 2460 623 2537 umquam
645 2446 721 2519 ullo
743 2458 880 2554 templo
900 2460 1023 2540 fuisse.
1045 2474 1260 2555 Incredibile
1278 2485 1378 2562 dictu

313 2560 384 2633 est,
406 2572 517 2644 quam
538 2553 643 2624 multi
662 2562 775 2633 Graeci
796 2565 841 2637 de
866 2572 1048 2650 valvarum
1067 2583 1197 2660 harum
1215 2594 1374 2690 pulchri-

311 2654 437 2727 tudine
453 2663 627 2757 scriptum
646 2668 867 2766 reliquerint.
885 2684 1046 2759 Nimium
1064 2690 1215 2772 forsitan
1233 2702 1307 2778 haec
1322 2708 1375 2781 illi

236 2756 241 2765 ’
303 2764 486 2837 mirentur
503 2784 612 2867 atque
629 2774 797 2852 efferant:
812 2801 906 2877 esto;
923 2812 1172 2879 verumtamen
1186 2810 1374 2891 honestius

307 2888 362 2944 ost
384 2876 590 2972 reipublice
611 2900 762 2976 nostrae,
775 2891 935 2990 judices,
955 2928 1016 2993 ea,
1034 2932 1117 3008 qnae
1136 2918 1204 2992 illis
1220 2926 1373 3021 pulchra

308 3008 385 3054 esse
411 2986 613 3081 videantur,
634 2997 888 3096 imperatorem
916 3031 1080 3094 nostrum
1107 3025 1145 3096 in
1169 3029 1268 3107 bello
1288 3039 1372 3110 reli·

307 3093 427 3186 quisse
437 3147 453 3180 ,.
470 3121 580 3191 quam
597 3120 789 3199 praetorem
807 3118 844 3186 in
862 3143 951 3218 pace
971 3126 1170 3209 abstulisse.
1189 3145 1244 3215 Ex
1259 3144 1370 3221 ebore

344 3313 817 3396 7.commemorationelrominum.Qnin
861 3343 908 3394 hac
931 3353 1076 3416 templorum
1093 3368 1162 3421 parte
1185 3373 1292 3427 vetera,
1311 3383 1367 3418 on·

306 3391 422 3456 imagines
443 3395 493 3444 111ae
514 3402 621 3450 omniurn
644 3420 699 3469 qnoe
720 3416 818 3472 qnnni
861 3437 918 3472 nem
934 3428 1005 3479 lnxm
1021 3445 1046 3482 et
1068 3435 1204 3487 divitiam
1223 3458 1366 3508 apparatum

307 3482 428 3534 gaserant
436 3476 576 3565 memoriam
586 3479 613 3527 in
624 3484 732 3533 animum
744 3504 816 3541 revo·
861 3503 1034 3571 explicabant,·
1051 3524 1075 3563 et
1099 3515 1203 3568 artificio
1221 3526 1366 3591 mteriaqus

856 3749 919 3800 opus
932 3740 1026 3794 Daedali
1041 3748 1159 3817 depingit.
1310 3830 1313 3835 ἢ

890 3832 915 3866 r.
950 3822 1009 3871 Tam
1033 3842 1083 3875 esse
1107 3847 1146 3879 me
1176 3838 1299 3901 cupidum.
1332 3843 1364 3894 Id

853 3905 903 3949 eet,
927 3898 990 3950 adeo
1014 3906 1085 3956 Verri
1102 3910 1216 3962 insenum
1233 3929 1260 3965 et
1282 3921 1362 3969 inimi-

338 3952 401 3998 Lvr.
417 3959 633 4025 1.Jamveroqn'
659 3966 809 4030 egedoval-
852 3988 921 4033 cnm,
951 3984 1091 4037 nteoelm
1113 3992 1240 4055 ungendo,
1260 3998 1362 4049 modum

299 4024 334 4073 vis
355 4025 420 4074 illiue
441 4036 524 4096 tempii
552 4050 757 4093 commemorem?
779 4050 808 4097 In
853 4068 1004 4120 exsuperem.

304 3788 371 3847 poris
380 3790 489 3840 habitum
501 3792 598 3856 videre,
609 3798 653 3862 qui
657 3799 708 3861 jam
715 3803 812 3867 pridem

304 3862 463 3919 decesserant.
