3054 4772
344 404 538 478 enarro
561 398 662 475 ruo
686 401 745 472 u.
771 400 1013 477 rourum.
1137 407 1208 506 667

145 545 183 603 et
198 530 311 601 amica
327 529 466 627 populo
486 551 638 601 romano
652 527 840 625 provincia
856 553 864 597 ε
884 552 964 625 quae
980 553 1095 627 quum
1113 554 1151 602 se
1169 557 1210 604 ac

145 665 227 713 suas
243 637 353 710 urbes
371 664 447 710 non
467 638 584 711 solum
597 636 766 726 consilio,
785 636 850 737 sed
864 639 971 709 etiam
989 664 1100 712 manu
1114 647 1210 713 Fon-

144 752 209 823 teii
227 763 472 823 conservatam
491 772 568 821 esse
589 747 700 835 dieat,
722 762 763 820 ut
781 747 842 819 illa
862 772 928 846 per
943 747 1043 821 hunc
1060 774 1082 820 a
1098 749 1210 822 Thra·

143 885 229 933 cum
250 859 408 932 adventu
432 882 473 931 ac
495 857 778 959 depopulatione
802 855 951 931 defensa
977 857 1063 949 fuit,
1088 861 1139 933 sic
1161 859 1208 932 ab

144 973 255 1069 hujus
273 999 372 1047 nunc
391 974 509 1072 eapite
526 973 712 1044 Gallorum
729 975 887 1071 impetus
902 986 1132 1071 terroresque
1148 973 1209 1046 de-

143 1084 247 1184 pellit
256 1095 282 1156 ².
305 1086 547 1156 Constituitur
559 1109 604 1156 ex
618 1083 729 1156 altera
739 1097 842 1181 parte
856 1084 1009 1156 ulterior
1020 1086 1208 1183 Hispania,

141 1218 225 1291 quae
242 1192 407 1292 profecto
425 1217 501 1264 non
518 1192 631 1265 modo
652 1192 828 1290 religione
848 1217 914 1266 sua
936 1199 1101 1267 resistere
1120 1198 1209 1267 isto-

140 1328 225 1375 rum
248 1302 437 1401 cupiditati
456 1315 591 1400 potest,
611 1301 676 1374 sed
693 1304 802 1374 etiam
818 1304 1073 1376 sceleratorum
1092 1304 1208 1377 homi-

140 1437 234 1485 num
258 1413 416 1510 perjuria
433 1414 646 1483 testimoniis
667 1438 708 1485 ec
731 1413 999 1486 laudationibus
1014 1417 1087 1487 suis
1108 1413 1208 1491 refu·

140 1536 227 1594 tare.
237 1524 356 1620 Atque
368 1546 413 1593 ex
420 1522 612 1619 ipsaetiam
623 1521 738 1592 Gallia
746 1521 995 1595 fidelissimaet
1003 1525 1208 1622 gravissima

142 1631 272 1704 auxilia
290 1647 495 1703 sumuntur.
516 1632 626 1704 Venit
643 1630 730 1702 huic
748 1630 927 1719 subsidio,
948 1636 1080 1705 misero
1097 1648 1207 1731 atque

140 1743 345 1829 innocenti,
361 1741 639 1813 Massiliensium
656 1755 787 1812 cuncta
805 1742 942 1830 civitas,
960 1768 1040 1839 quae
1057 1770 1134 1816 non
1151 1768 1208 1815 so·

142 1851 219 1925 lum
237 1850 383 1924 obeam
402 1875 544 1923 causam
564 1849 722 1938 laborat,
744 1864 786 1921 ut
803 1848 906 1939 huic,
923 1874 1031 1947 aquo
1044 1854 1121 1950 ipsa
1135 1876 1208 1924 ser·

139 1976 222 2033 vata
235 1976 290 2034 est
300 1958 328 2051 ³,
347 1984 472 2059 parem
490 1964 639 2059 gratiam
655 1958 790 2033 referre
805 1958 988 2047 videatur3
1005 1959 1207 2049 sedetiam,

139 2071 243 2169 quod
259 2096 302 2144 ea
321 2070 532 2143 conditione
554 2083 664 2168 atque
675 2096 722 2142 eo
737 2067 810 2140 feto
828 2093 866 2141 se
882 2067 992 2140 inhia
1009 2071 1116 2143 terris
1131 2069 1205 2141 col-

140 2180 294 2252 locatam
312 2205 390 2252 esse
407 2178 620 2266 arbitratur,
644 2204 692 2250 ne
712 2177 802 2277 quid
819 2179 977 2251 nostrisl
997 2178 1207 2252 hominibus

138 2289 208 2361 illae
230 2305 354 2388 gentes
376 2313 510 2361 nocere
525 2291 676 2387 possint.
695 2293 832 2384 Pugnat
853 2289 988 2386 pariter
1006 2312 1073 2386 pro
1090 2287 1206 2362 salute

138 2400 200 2485 M!
217 2403 356 2472 Fonteii
377 2397 624 2472 Narbonensis
646 2398 807 2487 colonia,
826 2422 907 2496 quae
924 2422 991 2497 per
1011 2396 1110 2469 hunc
1129 2400 1207 2495 ipsa

136 2533 256 2608 nuper
271 2507 460 2581 obsidione
481 2508 641 2580 hostium
661 2506 831 2597 liberata,
849 2532 948 2581 nunc
961 2507 1125 2604 ejusdem
1139 2511 1205 2579 mi·

136 2620 240 2690 seriis
257 2643 299 2690 ae
315 2617 487 2717 periculis
507 2634 768 2691 commovetur.
787 2622 975 2717 Denique,
996 2634 1040 2690 ut
1058 2634 1206 2716 oportet

136 2725 236 2799 bello
263 2727 402 2800 Gallico
410 2725 440 2817 ⁵,
461 2742 503 2799 ut
523 2728 703 2823 majorum
720 2729 803 2825 jura
826 2752 1020 2827 moresque
1043 2731 1205 2826 praescri·

137 2833 250 2926 bunt,
274 2860 384 2910 nemo
398 2852 457 2910 est
476 2841 563 2911 civis
579 2862 774 2929 romanus,
792 2841 858 2938 qui
877 2838 945 2911 sibi
963 2837 1037 2910 ulla
1056 2862 1204 2911 exeusa-

137 3027 200 3077 teias
209 3027 237 3075 in
244 3027 389 3077 Maosdoah
398 3039 423 3077 st
431 3028 548 3093 Hispania
555 3029 649 3094 legatus
728 3037 754 3086 4.
769 3027 865 3077 Nostn‘s
876 3027 1022 3077 dominibus.
1034 3029 1129 3093 Saepius
1139 3029 1204 3078 enim

137 3106 377 3173 [aiass3aaaasapra
386 3108 649 3174 dsbgatiembaseius
691 3106 845 3159 acidissimo
854 3107 1204 3161 mmfflaakomaiaooaus

137 3185 649 3256 dicitnrmsasissotsninpmtispa·
691 3199 786 3239 saluos
800 3187 886 3237 Gallie
897 3187 1087 3252 popularem„

138 3275 174 3313 tet
183 3266 358 3330 inllispaaiam
370 3278 427 3333 post
436 3268 610 3317 maurinum
618 3284 648 3319 so
727 3269 752 3317 6.
764 3267 834 3317 Bello
847 3267 954 3317 Galliae.
972 3268 1056 3332 Usque
1066 3282 1110 3326 so,
1121 3267 1203 3332 inquit

137 3354 281 3407 quum
300 3346 407 3412 hatum
420 3349 534 3405 mmm,
547 3363 578 3396 so
592 3348 649 3414 ipso
690 3346 837 3411 Appianas,
858 3345 923 3395 Galli
943 3346 1063 3397 Romanis
1084 3347 1203 3399 terribiles

137 3436 268 3487 ausoque
281 3423 362 3486 Sulla,
374 3425 520 3475 Mithridate
532 3424 647 3489 viot0,'m
689 3435 762 3487 sant,
773 3434 802 3473 ut
813 3425 841 3473 ia
852 3424 906 3489 legs
914 3424 945 3474 ds
955 3427 1081 3475 vuettinus
1091 3426 1203 3488 militias,

135 3499 230 3550 ltaliam
241 3502 327 3566 rediit,
339 3520 398 3552 aaa.
412 3505 443 3554 U.
457 3504 485 3553 0
495 3505 557 3566 672.
691 3520 746 3569 qaas
755 3502 924 3559 umrdatibas
937 3515 962 3553 et
973 3504 1072 3555 ssnffias
1080 3507 1202 3569 permitti·

172 3593 200 3628 a.
209 3581 648 3648 Tmumqasdspsllffliuspssnb·
690 3579 1073 3648 tar,llladadseripsusasit,aisi
1082 3585 1202 3637 Gellium

134 3656 649 3728 nulsgsuomsmqmsonuimpubum
690 3663 782 3713 bellam
792 3662 1137 3715 nemausus-diamant,
1148 3665 1203 3717 Lis.

135 3735 273 3788 landus-r.
691 3744 888 3795 waltrano
899 3742 1007 3793 muta
1017 3742 1129 3806 samso,
1145 3745 1201 3797 lla·

172 3817 647 3892 alp-amasamrtpmrouuiu
686 3838 799 3872 measa
825 3823 989 3885 oas.inssaaa
1007 3823 1114 3875 sau'bsra
1132 3840 1235 3877 saar-1

136 3909 194 3943 aun
207 3896 284 3945 Galo
297 3915 417 3963 pugnasse
426 3916 499 3966 sapsa
510 3901 646 3961 dictassem
691 3902 828 3955 strumam
838 3902 888 3953 alla
900 3903 1034 3955 suessionis
1045 3902 1130 3963 sorsin
1141 3904 1202 3967 quia

136 3974 226 4038 etipsa
240 3979 384 4042 comprobas
398 3979 562 4029 Narbonensis
577 3980 649 4029 eolo-
691 3979 807 4046 opiiieam
825 3997 924 4045 quoqne
934 3982 1021 4047 vulgas
1033 3982 1199 4038 stssllslsffi,

137 4052 296 4113 ninmsntio,
309 4072 381 4119 qum
391 4058 432 4107 ille
444 4059 476 4109 ab
484 4059 591 4109 Mum
604 4059 648 4108 ob·
690 4060 790 4109 miram
799 4061 893 4111 militias
899 4061 1015 4113 idoneam
1027 4077 1114 4125 genas.
1126 4062 1202 4111 asciti

136 4130 232 4180 sidione
240 4148 319 4197 anper
331 4135 451 4189 liberavit.
692 4138 808 4189 dicuntur
817 4163 839 4189 ι.
864 4140 932 4191 [deu
952 4141 995 4191 lib·
1014 4143 1056 4190 X:
1077 4164 1090 4184 ι
1099 4142 1201 4193 Sanam
