3148 4780
328 396 398 472 368
641 396 689 464 Μ.
715 396 754 464 Τ.
781 397 1077 470 CICERONIS

327 546 369 591 ea
386 516 597 590 conditione
614 512 722 586 vities
739 513 907 605 lu'erunt,
924 534 965 591 ut
982 521 1120 619 populo
1134 544 1288 597 romano
1301 525 1392 599 nihil

327 630 469 717 darent,
491 630 596 699 Verri
618 625 709 697 nihil
730 627 961 726 denegarent.

374 746 502 814 XXIII.
526 746 684 825 Verum,
705 755 748 811 ut
771 742 815 812 ad
839 743 1007 832 classem,
1034 769 1110 842 quo
1136 771 1180 818 ex
1207 750 1392 822 iocosum

325 855 532 952 degressus,
556 865 735 937 revertar,
767 855 935 951 accepisti
964 879 984 925 a
1014 858 1237 930 Mamertinis
1262 884 1390 932 navem

325 979 452 1037 contra
474 963 592 1057 leges3
617 963 808 1032 remisisti¹
839 978 965 1034 contra
990 963 1156 1038 foedera:
1183 968 1233 1038 ita
1258 970 1296 1041 in
1318 996 1390 1042 una

323 1078 464 1148 civitate
483 1070 540 1142 bis
558 1069 746 1168 improbus
766 1069 884 1157 fuisti;
904 1098 1021 1169 quum
1035 1090 1072 1145 et
1086 1077 1270 1166 remisisti,
1289 1079 1390 1176 quod

323 1210 400 1257 non
423 1178 633 1280 oportebat,
658 1194 695 1251 et
714 1181 903 1279 accepisti,
926 1183 1029 1279 quod
1050 1210 1126 1255 non
1146 1185 1287 1259 licebat.
1308 1192 1391 1259 Exi-

322 1318 407 1392 gere
423 1307 458 1362 te
477 1293 641 1388 oportuit
662 1313 811 1375 navem,
834 1316 914 1387 quae
939 1307 1065 1364 contra
1084 1293 1292 1393 praedones,
1310 1322 1388 1369 non

324 1428 404 1501 quae
426 1424 508 1471 cum
532 1397 650 1497 prada
669 1402 871 1495 navigaret3
890 1426 972 1497 quae
989 1400 1218 1495 defenderet,
1237 1431 1282 1477 ne
1300 1431 1388 1505 pro·

323 1515 438 1582 vincia
453 1508 680 1607 spoliaretur,
698 1533 774 1579 non
788 1534 869 1605 quae
884 1514 1077 1608 provinciae
1090 1513 1205 1612 spolia
1220 1528 1390 1613 portaret.

324 1619 529 1690 Mamertini
551 1615 617 1688 tibi
640 1631 676 1689 et
694 1617 846 1707 urbem,
869 1645 945 1716 qno
964 1620 1059 1694 furta
1081 1622 1245 1721 undique
1263 1625 1391 1724 depor-

324 1745 437 1817 tares,
458 1740 495 1798 et
511 1751 659 1814 navem,
683 1752 755 1823 qua
776 1743 1005 1826 exportares,
1030 1732 1276 1829 praebuerunt.
1296 1736 1390 1807 Illud

324 1840 390 1912 tibi
415 1835 591 1936 oppidum
616 1836 886 1934 receptaculum
904 1840 1034 1935 praedae
1054 1841 1140 1932 fuit3
1159 1844 1211 1914 illi
1225 1844 1391 1918 homines

324 1965 432 2023 testes
450 1946 690 2042 custodesque
709 1943 909 2034 furtorum;
925 1948 978 2019 illi
997 1936 1062 2021 tibi
1075 1966 1112 2022 et
1128 1953 1250 2023 locum
1263 1952 1389 2026 furtis²

325 2079 362 2134 ct
373 2060 553 2133 furtorum
564 2055 769 2127 vehiculum
783 2076 1094 2155 comparaverunt.
1109 2066 1238 2159 Itaque
1251 2079 1389 2136 netum

325 2172 494 2270 quidem,
513 2190 628 2265 quum
645 2165 793 2239 classem
812 2170 958 2239 avaritia
974 2193 1014 2240 ac
1033 2168 1216 2269 nequitia³
1236 2188 1297 2244 tua
1311 2197 1392 2271 per-

325 2282 467 2367 didisti,
492 2302 622 2350 navem
649 2278 870 2348 Mamertinis
895 2280 1074 2377 imperare
1096 2304 1204 2352 ausus
1227 2307 1292 2353 es:
1315 2308 1411 2379 quo.

323 2410 488 2489 tempore
506 2391 544 2457 in
562 2402 661 2458 tanta
679 2388 802 2484 inopia
820 2389 982 2475 navium,
1001 2404 1172 2488 tantaque
1190 2394 1390 2465 calamitate

324 2498 532 2600 provincia,
560 2496 698 2565 etiamsi
723 2497 910 2591 precariot
936 2515 1056 2572 essent
1079 2500 1247 2596 rogandi,
1268 2517 1390 2574 tamen

324 2610 370 2682 ab
392 2608 447 2678 his
471 2609 736 2702 impetraretur.
760 2609 995 2703 Reprimebat
1013 2614 1110 2682 enim
1129 2609 1195 2681 tibi
1216 2626 1252 2681 et
1271 2613 1387 2709 impe·

323 2718 426 2793 randi
458 2717 549 2804 vim,
572 2729 609 2786 et
633 2711 784 2811 rogandi
811 2732 981 2789 conatum
1009 2720 1178 2817 praeclara
1201 2721 1283 2809 illa,
1309 2746 1389 2791 non

324 2829 462 2934 populo
482 2850 635 2898 romano
654 2823 794 2896 reddita
818 2824 983 2916 biremis,
1005 2830 1068 2901 sed
1091 2837 1236 2929 praetori
1256 2831 1390 2904 donata

358 3006 605 3081 9.yVitce.Schiitaiua
613 3007 775 3055 hancrocem
788 3005 830 3054 de·
878 3018 903 3056 et
920 3009 1073 3077 nequitiam,
1094 3028 1148 3076 qne
1166 3024 1246 3063 tamen
1266 3016 1294 3062 in
1313 3018 1388 3063 Verre

322 3098 364 3146 let.
383 3093 448 3153 alit,
468 3106 500 3137 ea
517 3087 654 3137 conditione
668 3084 707 3135 nai
715 3085 832 3151 frenarat.
878 3092 1388 3158 consentiuutblilitibnsenimremigibns
1494 3150 1497 3159 ι

323 3177 350 3222 J.
360 3176 392 3219 V.
403 3174 430 3219 Ι..
877 3186 925 3234 que
934 3172 1034 3234 pecunia
1046 3171 1162 3231 dimissis,
1176 3172 1276 3221 classem
1287 3172 1386 3221 avaritia

358 3242 622 3297 uniames.
629 3244 749 3291 biremem
759 3261 832 3307 qoam
876 3264 919 3299 sna
932 3250 1047 3315 perdidit.
1065 3253 1096 3300 In
1114 3251 1201 3316 populi
1215 3268 1275 3300 vero
1295 3251 1388 3301 romani
1438 3248 1442 3256 '

1546 2244 1567 2395 >t

323 3347 355 3379 ex
373 3326 464 3376 loedere
478 3323 607 3371 debebant.
625 3321 730 3370 Notabis
746 3323 774 3370 in
791 3340 830 3371 ee·
876 3328 948 3377 rebus
974 3330 1254 3396 administrandis,un
1282 3331 1387 3379 dimin.
1564 3300 1565 3331 t

322 3406 454 3476 quentibns
466 3402 574 3452 eamdem
588 3401 732 3448 sententiam
743 3400 832 3449 verbo·
874 3417 926 3455 tum
943 3426 969 3456 se
982 3419 1007 3456 et
1024 3411 1185 3475 negligentem
1201 3411 1328 3471 ostendit,
1351 3411 1385 3459 ai·
1466 3400 1492 3437 '¹

322 3506 376 3540 mm
388 3485 553 3547 varietateper
565 3479 741 3544 expolitionem
750 3491 775 3529 et
786 3496 831 3528 an-
874 3486 973 3548 mulque
986 3487 1013 3534 in
1025 3490 1121 3536 Venere
1137 3489 1270 3538 exeroenda
1291 3502 1388 3554 tempus

321 3562 538 3619 euhemerum,
553 3574 607 3623 qnae
616 3559 666 3607 vim
679 3559 769 3607 habent
776 3575 831 3607 tm·
874 3568 1037 3628 eomumpais,
1050 3567 1151 3616 classem
1161 3568 1270 3616 eamdem
1279 3569 1389 3633 nequitia

322 3644 460 3716 pufieandte
477 3639 587 3696 invidie,
601 3647 652 3685 tum
670 3640 696 3685 in
714 3639 830 3697 Verrem,
874 3643 991 3709 perdidit.
1009 3645 1149 3710 Nequitiam
1166 3646 1196 3695 de
1212 3647 1317 3695 libidine
1337 3648 1388 3695 Ve-

324 3741 374 3778 tnm
387 3728 415 3774 in
427 3720 594 3774 Mamertinos.
874 3739 978 3788 uereque
988 3727 1088 3789 proprie
1101 3726 1151 3775 dici
1159 3741 1232 3774 nemo
1245 3727 1331 3775 nescit.

358 3825 382 3856 a.
398 3809 486 3854 Locum
491 3800 578 3867 fiatis.
590 3797 714 3855 Subaudi,
727 3811 831 3861 compo·
910 3809 937 3857 t.
945 3803 1068 3852 Precatio.
1077 3808 1173 3852 Frustra
1181 3806 1278 3854 Ernest.
1287 3804 1386 3852 uncinis

321 3884 510 3934 mdia-Ne
519 3894 570 3930 tum
578 3878 685 3944 quidem.
692 3876 756 3924 Vide
767 3877 831 3924 infru
874 3880 987 3942 inclusit;
1009 3884 1058 3931 vim
1076 3885 1141 3931 enim
1157 3883 1227 3933 addit
1243 3883 1388 3946 smmtiae,

322 3980 376 4027 cap.
392 3960 434 4012 ³5.
875 3962 1274 4026 necobinsolentiamsspernanda
1283 3962 1387 4010 formula

276 4066 279 4071 ·
358 4043 384 4087 3.
402 4037 513 4086 Avaritia
528 4048 552 4083 et
569 4034 687 4099 nequitia.
702 4034 765 4080 Mira
780 4030 831 4078 duo
875 4042 1003 4105 «precario
1016 4056 1131 4105 rogare»,
1150 4058 1198 4106 qua
1211 4042 1250 4090 usi
1268 4050 1325 4090 sunt
1338 4040 1387 4090 Ul·

321 4115 440 4166 contraria
454 4114 581 4174 conjungit
593 4121 688 4169 orator,
700 4105 831 4157 avaritiam
874 4118 960 4184 pinu,
972 4118 1060 4183 ,mque
1071 4119 1137 4169 Jeu,
1149 4122 1176 4169 1,
1185 4122 1216 4168 v,
1229 4124 1256 4168 1„
