3176 4770
367 479 421 547 IN
446 474 658 544 VERREM
684 477 789 544 ACT.
815 476 871 557 ll,
897 476 990 541 LlB.
1017 477 1086 542 lll.
1206 473 1252 544 83

199 601 288 687 bus,
314 597 358 669 de
384 601 456 668 suis
488 595 592 666 sociis
620 609 730 691 atque
755 596 877 665 amicis
903 593 1033 666 audiat.
1062 599 1091 666 L
1116 620 1255 667 unusu-

148 792 153 797 ,
200 737 301 795 unu,
323 736 343 779 s
361 733 418 779 us
436 729 562 776 susus
574 715 598 773 ¹.
620 709 687 775 Per
703 701 789 775 deos
805 702 1041 776 immortales!
1063 730 1156 777 unus
1174 731 1258 803 ages

199 845 275 892 uno
289 843 383 890 anno
397 841 459 888 ccc
474 815 581 885 millia
598 813 780 884 modium²
798 814 922 901 tritici,
931 828 967 884 et
979 829 1148 911 praeteree
1159 821 1257 888 H·Sn

201 929 328 1015 millia,
348 928 436 999 lucri
456 925 517 996 dat
538 924 721 1022 Apronio?
741 937 889 995 tantone
906 920 1078 995 minoris³
1100 922 1258 997 decumae

201 1040 404 1118 venierunt,
419 1058 528 1133 quam
543 1032 715 1104 fuerunt?
735 1057 799 1120 an,
819 1057 934 1129 quum
951 1034 1034 1103 satis
1052 1057 1184 1129 magno
1198 1060 1257 1106 ve·

201 1150 355 1229 nissent,
380 1146 438 1216 hic
457 1158 578 1215 tantus
597 1156 718 1214 temen
742 1141 914 1215 frumenti
936 1144 1170 1241 pecuniaeque
1195 1170 1261 1216 nu·

200 1281 320 1327 merus
333 1254 380 1327 ab
396 1252 596 1325 aratoribus
614 1277 678 1350 per
692 1254 763 1323 vim
778 1251 918 1325 ablatus
933 1255 1011 1324 est?
1024 1268 1148 1331 utrum
1163 1258 1262 1325 enim

202 1367 332 1437 horum
358 1365 509 1450 dixeris,
535 1367 573 1432 in
592 1387 637 1434 eo
656 1362 762 1459 culpa
780 1376 818 1432 et
835 1364 971 1433 crimen
990 1362 1148 1434 haerebit.
1171 1369 1260 1435 Nam

202 1473 290 1545 illud
315 1472 463 1570 quidem
497 1497 571 1542 uon
606 1470 721 1558 diceS,
755 1469 855 1568 quod
885 1473 1023 1542 utinam
1054 1473 1185 1562 dicasl,
1216 1475 1263 1545 ad

203 1585 405 1679 Apronium
434 1606 510 1651 non
533 1582 735 1678 pervenisse
760 1594 911 1651 tautum.
938 1587 991 1653 lta
1007 1598 1041 1652 te
1059 1606 1135 1654 non
1154 1586 1263 1656 modo

204 1692 359 1789 publicis
377 1689 527 1773 tenebo,
549 1688 738 1760 sedetiam
760 1691 907 1787 privatis
928 1706 1110 1764 aratorum
1127 1699 1262 1792 pactio·

204 1799 313 1871 nibus
326 1825 367 1871 ac
382 1801 512 1887 literis;
530 1814 571 1869 ut
590 1800 786 1895 intelligas,
802 1825 877 1871 non
898 1814 934 1871 te
949 1799 1210 1897 diligentiorem
1226 1807 1263 1874 iu

204 1909 374 1982 faciendis
400 1907 505 1979 furtis
528 1907 653 1995 luisse,
671 1932 780 2005 quam
804 1933 862 1980 me
886 1911 925 1980 in
943 1908 1264 2008 deprehendendis.

205 2025 280 2090 Hoc
293 2034 335 2090 tu
348 2014 476 2089 feres⁵?
485 2018 555 2088 hoc
568 2019 761 2114 quisquam
771 2015 965 2090 defendet?
975 2019 1045 2091 hoc
1058 2020 1094 2090 hi
1104 2074 1113 2108 ,
1123 2026 1152 2091 si
1164 2021 1267 2091 aliter

48 2114 69 2193 'f‘
95 2114 99 2120 ⁵
203 2129 249 2200 de
262 2144 297 2199 te
312 2143 468 2199 statuere
485 2129 681 2214 voluerint,
699 2126 978 2199 sustinebunt⁶i
992 2134 1074 2199 Uno
1091 2129 1267 2213 adventu,

204 2266 248 2310 ex
267 2265 342 2311 uuo
365 2264 472 2335 agr0,
492 2244 535 2329 Q.
557 2242 775 2337 Apronium,
793 2252 923 2337 praeter
939 2263 1037 2327 eam,
1054 2265 1164 2336 quam
1178 2240 1268 2327 dixi,

206 2350 394 2445 pecuniam
420 2363 662 2432 numeratam,
680 2373 742 2419 ccc
762 2348 872 2419 millia
895 2348 1057 2420 modium
1083 2352 1192 2421 tritici
1212 2352 1266 2423 lu·

206 2461 255 2529 cri
282 2461 430 2529 nomine
455 2459 662 2530 sustulisse?
680 2457 802 2548 Quid?
825 2459 895 2530 hoc
916 2462 1101 2533 AEtnenses
1125 2463 1192 2533 soli
1215 2463 1269 2533 di·

207 2571 319 2641 cunt?
330 2572 403 2640 imo
416 2573 523 2640 etiam
535 2571 781 2667 Centuripini,
798 2571 862 2665 qui
876 2574 952 2667 agri
963 2574 1142 2643 AEtuensis
1154 2574 1270 2642 multo

208 2682 398 2750 maximam
422 2693 561 2776 partem
585 2678 780 2775 possident.
805 2682 970 2769 Quorum
994 2678 1134 2777 legatis,
1156 2680 1272 2750 homi·

209 2788 314 2860 nibus
330 2788 579 2875 nobilissimis,
598 2787 764 2860 Androni
780 2804 817 2859 et
835 2790 1043 2873 Artemoni,
1065 2803 1209 2859 senatus
1229 2813 1270 2858 ea

210 2896 372 2969 mandata
387 2896 504 2982 dedit,
517 2923 596 2996 quae
610 2897 753 2995 publice
767 2896 810 2968 ad
826 2898 1005 2969 civitatem
1019 2899 1181 2994 ipsorum
1197 2923 1272 2996 per·

211 3004 392 3095 tinebant3
412 3008 458 3079 de
476 3010 518 3078 iis
537 3009 696 3101 injuriis,
721 3032 811 3103 ques
838 3009 931 3078 cives
949 3010 1174 3106 Centuripini
1197 3033 1270 3079 nou

210 3119 248 3187 in
266 3117 361 3200 suis,
375 3115 439 3187 sed
457 3119 494 3187 in
510 3117 661 3217 aliorum
679 3115 813 3188 finibus
830 3132 1065 3213 acceperunt,
1078 3132 1223 3188 senatus
1237 3132 1273 3187 et

210 3225 369 3323 populus
399 3229 657 3321 Centuripinus
686 3226 821 3323 legatos
855 3227 973 3299 noluit
999 3229 1171 3299 mittere:
1203 3230 1271 3325 ipsi

245 3410 324 3457 XLV.
346 3425 370 3457 1.
392 3413 409 3456 L
430 3410 484 3458 Μ
495 3408 581 3458 millia.
594 3411 721 3473 Quinque·
764 3410 871 3460 millibus
894 3412 1013 3469 minoris,
1034 3429 1107 3475 quesn
1135 3413 1271 3461 valuerunt.

211 3491 276 3553 ginta
290 3489 469 3537 sestertmillis
483 3488 613 3554 (κομῶ).
627 3488 721 3536 Etsiin
802 3501 825 3548 4.
850 3490 949 3537 Utinam
969 3489 1046 3538 dicas.
1060 3491 1123 3538 Nem
1137 3493 1156 3538 si
1171 3492 1275 3549 dixeris,

214 3569 343 3631 pecuniam
352 3568 443 3626 50,ooo
449 3568 585 3616 medimnos
593 3568 721 3633 redegeris,
766 3570 847 3618 susim
857 3568 962 3617 fatebere
979 3568 1009 3616 sd
1024 3580 1048 3617 te
1059 3570 1277 3633 pervenisse‚quis

167 3646 312 3721 *habebis
322 3646 370 3693 hoe
388 3648 486 3694 nomine
502 3648 663 3708 153‚750fr.
768 3648 1277 3713 decumani,procnmtorestuiqutestuset
1378 3662 1381 3665 ·

248 3742 272 3773 s.
283 3725 341 3773 CCC
347 3725 425 3773 millia
434 3725 548 3774 modium.
562 3728 620 3773 Huc
632 3742 724 3774 summe
768 3726 873 3775 ministri
886 3728 1023 3790 rspinsrnm
1034 3739 1129 3775 tuarum
1144 3727 1251 3783 fuerunt.

214 3805 295 3853 eedem
309 3816 344 3852 est
353 3821 409 3852 eum
417 3806 583 3869 superioribus
596 3805 724 3851 Lmedim·
805 3807 829 3854 5.
857 3806 909 3851 Hoc
923 3805 1047 3870 cufim?
1071 3808 1172 3853 Hoetu
1191 3806 1280 3853 crimen

214 3900 273 3931 num
287 3882 409 3937 millibus,
420 3900 504 3931 vesum
516 3886 563 3932 hoo
577 3899 675 3931 numero
690 3883 727 3930 nti
771 3883 917 3942 sustinebis,
927 3900 970 3931 seu
982 3883 1111 3932 defendere
1121 3885 1220 3946 poteris.
1239 3920 1242 3929 .

219 3964 304 4011 maluit
326 3974 424 4019 orator,
443 3962 607 4027 smplificsndi
629 3974 651 4009 et
673 3978 727 4010 mu·
808 3966 834 4013 6.
849 3962 1011 4011 Sustinebant.
1024 3964 1056 4010 lii
1066 3963 1175 4023 judiees,
1186 3965 1285 4013 sialiter

227 4042 292 4089 tandi
303 4044 386 4105 gratis.
774 4058 846 4107 qnsns
860 4052 967 4106 oportet,
986 4042 1007 4088 si
1020 4054 1105 4090 contra
1118 4043 1154 4091 t'ss
1163 4056 1187 4093 te
1205 4044 1285 4093 absol-

257 4119 279 4166 3.
294 4124 402 4169 Tantone
417 4120 525 4170 minores.
539 4124 579 4169 An
594 4131 661 4169 tento
675 4137 731 4183 pre·
776 4138 831 4169 vere
856 4123 990 4181 voluerint,
1013 4135 1129 4188 poterunt
1149 4137 1192 4175 sut
1212 4124 1287 4173 sude-

228 4199 284 4247 tio?
296 4216 326 4246 sn
346 4212 383 4248 tot
402 4202 538 4248 modiorum
558 4212 581 4247 et
600 4201 733 4249 sestertium
777 4200 859 4248 bunt?

1134 4291 1169 4359 6.
