3116 4774
309 411 382 509 476
628 414 677 481 u.
703 415 742 493 Τ.
769 415 1045 485 crcuuotus

308 534 379 606 illis
416 528 660 603 difficillimis⁵
697 534 897 607 solutionis.
930 538 1055 627 Quum
1089 547 1257 605 uteretur
1290 533 1380 607 dote

309 645 434 715 uxoris
456 657 663 734 numerata3
682 669 757 741 quo
773 647 916 717 mulieri
934 659 1027 718 esset
1043 667 1100 716 res
1117 641 1296 731 cautior⁶‚
1313 670 1382 716 cu-

309 756 420 840 ravit,
449 766 492 822 ut
519 753 555 823 in
586 778 630 824 eo
660 752 774 825 luudo
805 754 873 826 dos
903 754 1150 826 collocaretur.
1180 753 1380 849 Aliquanto

306 876 409 961 post,
428 861 503 957 jam
523 864 723 960 argentaria
743 863 936 951 dissoluta,
951 863 1136 935 Fulcinius
1157 861 1244 934 huie
1264 860 1381 934 fundo

305 974 430 1043 uxoris
458 972 681 1044 continentia
704 972 870 1069 quaedam
894 972 1025 1070 praedia
1049 962 1158 1068 alque
1182 969 1377 1067 adjuncta?

308 1095 500 1167 mercatur.
524 1083 681 1151 Moritur
698 1082 880 1153 Fulcinius
899 1082 1042 1177 (multa
1059 1084 1176 1167 enim,
1196 1105 1277 1177 qnae
1293 1096 1380 1151 sunt

310 1193 348 1260 in
367 1215 425 1279 re,
443 1193 528 1287 quia
546 1204 684 1260 remota
703 1204 788 1261 sunt
804 1216 824 1262 a
838 1215 964 1277 causa,
978 1183 1313 1289 praetermittam⁸):
1329 1205 1379 1261 te·

280 1310 486 1371 'stamento
515 1299 599 1371 iacit
626 1300 819 1389 heredem,
846 1314 956 1399 quem
976 1299 1134 1372 hahebat
1155 1323 1184 1370 e·
1197 1302 1378 1371 Caeseunia

306 1409 444 1498 filium3
464 1408 732 1482 usumfructum
751 1414 916 1482 omnium
937 1411 1121 1482 honorum
1139 1433 1293 1480 suorum
1308 1413 1379 1479 Car·

306 1524 441 1590 seuuiae
459 1520 576 1615 legat,
595 1534 637 1589 ut
651 1518 832 1592 frueretur
851 1547 923 1593 unu
943 1546 1028 1593 cum
1045 1519 1133 1590 filio.
1149 1525 1302 1617 Magnus
1317 1519 1379 1591 ho-

308 1654 376 1699 nos
393 1631 486 1698 viri⁹
501 1629 688 1723 jucundus
705 1631 849 1704 mulieri
865 1630 1007 1719 fuisset,
1025 1635 1054 1701 si
1072 1630 1286 1702 diuturnum
1303 1655 1378 1702 esse

308 1737 478 1809 licuisset.
502 1742 694 1811 Frueretur
717 1743 814 1810 enim
836 1739 943 1812 bouis
968 1766 1052 1812 eum
1079 1766 1144 1828 eo,
1170 1764 1281 1836 quern
1306 1744 1379 1810 suis

310 1845 421 1949 bonis
444 1846 616 1920 heredem
643 1874 720 1919 esse
747 1847 934 1946 cupiebat,
958 1864 995 1919 et
1015 1874 1060 1920 ex
1085 1875 1161 1947 quo
1183 1851 1378 1919 niaximum

310 1955 469 2028 fructum
495 1960 573 2055 ipsa
600 1956 815 2056 capiebat¹⁰.
842 1957 911 2029 Sed
935 1958 1034 2030 hune
1058 1957 1217 2029 fructum
1240 1972 1380 2028 mature

312 2065 462 2139 fortuna
495 2067 637 2138 ademit.
666 2071 758 2140 Nam
788 2066 889 2138 brevi
921 2083 1086 2163 tempore
1116 2070 1165 2135 M.
1197 2067 1380 2137 Fulcinius

309 2177 521 2250 adolescens
536 2193 699 2249 mortuus
713 2192 768 2249 est
779 2206 789 2267 3
801 2176 972 2249 heredem
984 2180 1021 2246 P.
1038 2177 1265 2249 Caesennium
1275 2174 1379 2263 lecit3

308 2289 415 2360 uxori
440 2285 575 2384 grande
603 2287 748 2384 pondus
772 2290 931 2385 argenti,
950 2288 1131 2383 matrique
1157 2301 1295 2385 partem
1315 2285 1379 2356 ho·

343 2488 527 2552 5.Temporibrrr
536 2485 687 2554 difficillimis
696 2488 821 2538 solutionis
865 2489 914 2539 fide
928 2489 1007 2550 faeta,
1021 2489 1131 2539 venditio
1149 2491 1211 2538 iuter
1225 2491 1338 2538 maritum
1353 2499 1378 2537 et

308 2579 360 2627 est,
373 2567 462 2632 quibus
475 2583 508 2614 aes
524 2567 630 2614 alienum
648 2584 741 2615 summa
754 2568 819 2615 diiii·
864 2586 967 2618 uxorem
990 2570 1069 2629 valet;
1087 2571 1105 2618 1.
1124 2570 1198 2633 Quod
1218 2581 1298 2617 autem
1318 2568 1334 2633 S
1355 2569 1381 2616 si

308 2646 397 2696 cultate
411 2645 601 2696 dissolvebatur:
617 2667 628 2688 «
637 2648 699 2696 Num
711 2664 785 2711 quum
794 2648 821 2696 in
865 2665 930 2697 uaeor
942 2664 959 2695 u
970 2648 1070 2706 marito,
1088 2650 1120 2696 D.
1137 2649 1168 2695 de
1182 2649 1234 2697 dot.
1246 2649 1300 2709 iure
1313 2638 1379 2694 iuter

308 2727 366 2775 Asia
378 2742 415 2774 res
428 2741 526 2789 magnas
543 2735 593 2772 tum
607 2725 678 2774 multi
691 2726 822 2775 amiserunt
864 2744 924 2774 mar.
936 2739 960 2774 et
973 2744 1017 2775 ux.
1031 2726 1128 2775 Solebat
1148 2740 1229 2776 autem
1248 2728 1319 2774 etiam
1338 2726 1379 2773 iu·

308 2806 390 2873 (initio
404 2804 463 2853 belli
479 2803 651 2872 Mithridatici)
666 2807 755 2853 scimus
770 2808 821 2854 lto·
865 2807 962 2870 terponi
976 2805 1118 2870 stipulatio,
1132 2807 1215 2856 soluto
1228 2807 1379 2871 patrimonio

307 2902 352 2934 utre
370 2886 493 2933 solutione
509 2885 627 2950 impedita
646 2883 719 2933 iidem
738 2886 821 2932 couci·
866 2885 950 2932 dotem
959 2884 1037 2934 reddi.
1045 2887 1143 2935 Psssru.

309 2965 374 3014 disse
385 2988 407 3014 ι.
432 2968 462 3013 In
482 2977 544 3014 orat.
565 2964 683 3029 prolege
706 2963 821 3012 Munilia:
902 2979 926 3023 7.
946 2963 1101 3011 Continentia
1112 2962 1324 3029 atqueudjuuctu.
1335 2963 1381 3010 Vi·

307 3066 320 3086 «
330 3047 438 3108 Sequuts
455 3055 512 3092 sunt
528 3060 627 3107 quoquo
642 3054 752 3107 tempora
765 3042 822 3091 Sul·
867 3042 921 3088 eiua
937 3055 961 3090 et
978 3045 1096 3107 proxima.
1111 3044 1136 3090 11
1152 3042 1182 3089 de
1196 3044 1282 3091 Divisa.
1298 3064 1310 3085 ι
1322 3041 1382 3089 mari
1486 3062 1489 3065 ·

307 3122 363 3171 lana
374 3121 518 3170 difficillima
531 3132 556 3169 et
567 3122 757 3185 perniciosisima
769 3137 824 3169 mu·
867 3136 908 3168 aer
922 3123 1052 3170 continens
1065 3131 1100 3168 est
1111 3142 1132 3167 ι.

308 3200 406 3262 ulcipiis
419 3200 530 3263 plurimis
543 3199 648 3246 Italiae».
666 3203 768 3248 Passus.
787 3226 822 3236 -
902 3202 1003 3265 &Quia
1017 3212 1109 3248 remota
1122 3211 1179 3248 suut
1193 3215 1210 3246 a
1225 3216 1302 3247 causa
1312 3215 1380 3263 μνω-
1474 3206 1479 3211 “

309 3275 396 3326 Mallet
428 3277 558 3324 Lambinus
603 3300 615 3319 u
632 3275 822 3339 difficillimae»;
866 3281 1005 3329 terminum.
1023 3283 1086 3344 Quia
1102 3296 1154 3328 uon
1172 3292 1222 3328 tam
1235 3280 1267 3328 ad
1281 3295 1379 3328 causam

307 3359 490 3406 Hottomaunus
505 3371 581 3413 vero,
594 3354 767 3403 «difficillimis
780 3373 822 3404 so·
865 3362 987 3423 pertinent
1014 3360 1152 3424 praeteribo.
1181 3360 1270 3408 Studet
1296 3371 1378 3407 auteur

308 3434 444 3484 lutiouibus
450 3456 469 3482 n.
479 3435 504 3481 J.
511 3436 543 3481 V.
557 3436 584 3483 1.
865 3440 1011 3487 narrationis
1024 3437 1258 3488 brevitatil'sssau.

344 3515 370 3563 6.
393 3514 445 3577 Quo
465 3511 561 3560 tardiori
577 3524 638 3561 esset
659 3529 697 3560 res
714 3513 821 3564 oatttior.
901 3533 925 3578 9.
937 3521 1044 3580 Magnus
1055 3515 1380 3567 louosuirr'.lionorilrcum

308 3596 343 3643 tu
365 3592 441 3657 magis
460 3591 514 3640 doti
533 3592 707 3643 consuleretur.
723 3594 762 3641 Sic
775 3611 822 3658 pu)
867 3595 940 3643 fuisso
953 3595 1045 3659 aliquid
1063 3597 1135 3644 amici
1153 3608 1301 3646 testamento
1313 3595 1381 3643 scei-

310 3674 419 3721 Roseio:
437 3675 486 3719 «In
500 3688 553 3719 earu
567 3683 659 3735 partem
674 3673 757 3737 potins
770 3690 823 3737 pec·
867 3690 939 3739 pere,
952 3672 1043 3721 dictum
1057 3676 1132 3724 estin
1148 3689 1210 3724 orat.
1221 3692 1268 3741 pro
1279 3675 1381 3739 Quintio

310 3763 382 3811 caut,
395 3769 450 3816 qure
467 3763 504 3801 est
522 3752 646 3812 cautior»,
661 3763 716 3814 ost,
735 3754 823 3818 inqua
867 3752 982 3818 copiose3
997 3753 1065 3801 uude
1084 3756 1173 3801 assumi
1187 3765 1383 3819 poteruntque

240 3858 242 3862 ,
309 3829 366 3893 plus
376 3842 412 3879 est
425 3833 823 3897 cautionis.Saepeeuimamarito
867 3832 898 3880 ad
911 3832 977 3880 huno
990 3833 1072 3881 locum
1084 3833 1205 3898 pertinere
1220 3833 1381 3881 videbuntur.

311 3923 399 3956 uxores
416 3911 507 3973 praedia
525 3912 622 3976 pignori
642 3911 675 3960 ob
689 3912 772 3960 dotem
784 3928 824 3959 ao·
867 3914 988 3961 Horror.

310 3985 448 4049 eripiebant,
469 3991 537 4051 quod
560 3993 580 4037 si
603 3992 729 4048 emissent,
751 4002 774 4038 et
796 4008 823 4036 eu
906 3988 1384 4054 10.Exquoruuoeimumfiuctumt‘psa

310 4066 402 4127 emptio
417 4065 554 4115 donationis
567 4084 638 4115 causa
653 4068 824 4116 laetavirleha-
868 4072 989 4134 cupiebat.
1015 4070 1111 4119 Alludit
1140 4070 1171 4118 ad
1203 4072 1384 4118 usumfructum

310 4155 360 4207 tur,
373 4143 465 4192 nullius
483 4156 535 4192 erat
554 4148 680 4194 momenti.
699 4146 742 4193 Sin
758 4147 823 4196 bona
868 4147 1000 4197 bonorum.
1014 4149 1096 4199 Multo
1105 4150 1234 4210 majorem,
1245 4149 1387 4214 iuquit&
