<?xml version="1.0" encoding="UTF-8"?>
<!DOCTYPE html PUBLIC "-//W3C//DTD XHTML 1.0 Transitional//EN"
    "http://www.w3.org/TR/xhtml1/DTD/xhtml1-transitional.dtd">
<html xmlns="http://www.w3.org/1999/xhtml" xml:lang="en" lang="en">
 <head>
  <title>
</title>
<meta http-equiv="Content-Type" content="text/html;charset=utf-8" />
  <meta name='ocr-system' content='tesseract 3.04.00' />
  <meta name='ocr-capabilities' content='ocr_page ocr_carea ocr_par ocr_line ocrx_word'/>
</head>
<body>
  <div class='ocr_page' id='page_1' title='image "./mtciceronisquae00bouigoog/mtciceronisquae00bouigoog_0646.png"; bbox 0 0 3016 4774; ppageno 0'>
   <div class='ocr_carea' id='block_1_1' title="bbox 33 453 1198 2024">
    <p class='ocr_par' dir='ltr' id='par_1_1' title="bbox 33 453 1197 969">
     <span class='ocr_line' id='line_1_1' title="bbox 121 453 1196 546; baseline 0.005 -28"><span class='ocrx_word' id='word_1_1' title='bbox 121 471 273 545; x_wconf 89' lang='lat' dir='ltr'><strong>quutus,</strong></span> <span class='ocrx_word' id='word_1_2' title='bbox 294 454 411 543; x_wconf 88' lang='lat' dir='ltr'><strong>partim</strong></span> <span class='ocrx_word' id='word_1_3' title='bbox 429 454 616 534; x_wconf 87' lang='lat' dir='ltr'><strong>conjectura</strong></span> <span class='ocrx_word' id='word_1_4' title='bbox 635 453 770 535; x_wconf 90' lang='lat' dir='ltr'><strong>ductus,</strong></span> <span class='ocrx_word' id='word_1_5' title='bbox 792 476 895 542; x_wconf 85' lang='lat' dir='ltr'>prope</span> <span class='ocrx_word' id='word_1_6' title='bbox 921 457 1136 546; x_wconf 82' lang='lat' dir='ltr'><strong>perpurgavi:</strong></span> <span class='ocrx_word' id='word_1_7' title='bbox 1161 461 1196 523; x_wconf 92' lang='lat' dir='ltr'><strong>in</strong></span> 
     </span>
     <span class='ocr_line' id='line_1_2' title="bbox 123 557 1195 649; baseline 0.005 -25"><span class='ocrx_word' id='word_1_8' title='bbox 123 584 220 649; x_wconf 90' lang='lat' dir='ltr'><strong>quo,</strong></span> <span class='ocrx_word' id='word_1_9' title='bbox 237 575 275 624; x_wconf 93' lang='lat' dir='ltr'><strong>ut</strong></span> <span class='ocrx_word' id='word_1_10' title='bbox 292 559 396 624; x_wconf 80' lang='lat' dir='ltr'><strong>dicein</strong></span> <span class='ocrx_word' id='word_1_11' title='bbox 413 557 504 648; x_wconf 92' lang='lat' dir='ltr'><strong>quod</strong></span> <span class='ocrx_word' id='word_1_12' title='bbox 519 560 641 643; x_wconf 85' lang='lat' dir='ltr'><strong>sentio,</strong></span> <span class='ocrx_word' id='word_1_13' title='bbox 658 559 786 624; x_wconf 82' lang='lat' dir='ltr'><strong>videtur</strong></span> <span class='ocrx_word' id='word_1_14' title='bbox 801 560 882 623; x_wconf 91' lang='lat' dir='ltr'><strong>mibi</strong></span> <span class='ocrx_word' id='word_1_15' title='bbox 897 558 961 623; x_wconf 92' lang='lat' dir='ltr'><strong>hoc</strong></span> <span class='ocrx_word' id='word_1_16' title='bbox 977 576 1102 644; x_wconf 89' lang='lat' dir='ltr'><strong>totum,</strong></span> <span class='ocrx_word' id='word_1_17' title='bbox 1118 565 1195 629; x_wconf 80' lang='lat' dir='ltr'><strong>«sed</strong></span> 
     </span>
     <span class='ocr_line' id='line_1_3' title="bbox 122 668 1197 757; baseline 0.005 -25"><span class='ocrx_word' id='word_1_18' title='bbox 122 669 284 749; x_wconf 89' lang='lat' dir='ltr'><strong>injuriam</strong></span> <span class='ocrx_word' id='word_1_19' title='bbox 300 684 466 749; x_wconf 84' lang='lat' dir='ltr'><strong>tantum»,</strong></span> <span class='ocrx_word' id='word_1_20' title='bbox 486 689 555 732; x_wconf 89' lang='lat' dir='ltr'><strong>esse</strong></span> <span class='ocrx_word' id='word_1_21' title='bbox 571 690 610 732; x_wconf 84' lang='lat' dir='ltr'><strong>ex</strong></span> <span class='ocrx_word' id='word_1_22' title='bbox 626 668 835 732; x_wconf 81' lang='lat' dir='ltr'><strong>annotatione</strong></span> <span class='ocrx_word' id='word_1_23' title='bbox 849 683 978 749; x_wconf 84' lang='lat' dir='ltr'><strong>natum,</strong></span> <span class='ocrx_word' id='word_1_24' title='bbox 989 689 1096 757; x_wconf 89' lang='lat' dir='ltr'><strong>neque</strong></span> <span class='ocrx_word' id='word_1_25' title='bbox 1112 694 1129 735; x_wconf 88' lang='lat' dir='ltr'><strong>a</strong></span> <span class='ocrx_word' id='word_1_26' title='bbox 1145 673 1197 737; x_wconf 86' lang='lat' dir='ltr'><strong>Ci-</strong></span> 
     </span>
     <span class='ocr_line' id='line_1_4' title="bbox 123 773 1196 864; baseline 0.004 -25"><span class='ocrx_word' id='word_1_27' title='bbox 123 796 251 840; x_wconf 88' lang='lat' dir='ltr'><strong>ceronc</strong></span> <span class='ocrx_word' id='word_1_28' title='bbox 267 774 425 864; x_wconf 88' lang='lat' dir='ltr'><strong>positum:</strong></span> <span class='ocrx_word' id='word_1_29' title='bbox 439 789 546 862; x_wconf 89' lang='lat' dir='ltr'><strong>potest</strong></span> <span class='ocrx_word' id='word_1_30' title='bbox 562 790 670 838; x_wconf 88' lang='lat' dir='ltr'><strong>tamen</strong></span> <span class='ocrx_word' id='word_1_31' title='bbox 687 773 780 857; x_wconf 86' lang='lat' dir='ltr'><strong>ferri,</strong></span> <span class='ocrx_word' id='word_1_32' title='bbox 794 788 832 837; x_wconf 93' lang='lat' dir='ltr'><strong>ut</strong></span> <span class='ocrx_word' id='word_1_33' title='bbox 849 788 898 837; x_wconf 88' lang='lat' dir='ltr'><strong>est</strong></span> <span class='ocrx_word' id='word_1_34' title='bbox 914 773 1040 838; x_wconf 86' lang='lat' dir='ltr'><strong>anobis</strong></span> <span class='ocrx_word' id='word_1_35' title='bbox 1054 775 1196 843; x_wconf 89' lang='lat' dir='ltr'><strong>editum:</strong></span> 
     </span>
     <span class='ocr_line' id='line_1_5' title="bbox 33 875 1195 969; baseline 0.002 -25"><span class='ocrx_word' id='word_1_36' title='bbox 33 952 34 957; x_wconf 9' lang='grc' dir='ltr'>η</span> <span class='ocrx_word' id='word_1_37' title='bbox 123 894 167 944; x_wconf 89' lang='lat' dir='ltr'><strong>ut</strong></span> <span class='ocrx_word' id='word_1_38' title='bbox 185 896 295 945; x_wconf 89' lang='lat' dir='ltr'><strong>autem</strong></span> <span class='ocrx_word' id='word_1_39' title='bbox 313 881 410 969; x_wconf 81' lang='lat' dir='ltr'><strong>vulgo</strong></span> <span class='ocrx_word' id='word_1_40' title='bbox 425 878 553 968; x_wconf 80' lang='lat' dir='ltr'><strong>legitur,</strong></span> <span class='ocrx_word' id='word_1_41' title='bbox 572 878 783 959; x_wconf 80' lang='lat' dir='ltr'><strong>«injuriarum</strong></span> <span class='ocrx_word' id='word_1_42' title='bbox 801 875 998 960; x_wconf 80' lang='lat' dir='ltr'><strong>delictum»,</strong></span> <span class='ocrx_word' id='word_1_43' title='bbox 1014 880 1105 968; x_wconf 90' lang='lat' dir='ltr'><strong>quod</strong></span> <span class='ocrx_word' id='word_1_44' title='bbox 1117 904 1195 969; x_wconf 89' lang='lat' dir='ltr'><strong>pro·</strong></span> 
     </span>
    </p>

    <p class='ocr_par' dir='ltr' id='par_1_2' title="bbox 33 983 1198 2024">
     <span class='ocr_line' id='line_1_6' title="bbox 122 983 1195 1074; baseline 0.004 -24"><span class='ocrx_word' id='word_1_45' title='bbox 122 989 255 1052; x_wconf 88' lang='lat' dir='ltr'><strong>fectum</strong></span> <span class='ocrx_word' id='word_1_46' title='bbox 277 1002 325 1052; x_wconf 90' lang='lat' dir='ltr'><strong>est</strong></span> <span class='ocrx_word' id='word_1_47' title='bbox 343 1010 361 1051; x_wconf 91' lang='lat' dir='ltr'><strong>a</strong></span> <span class='ocrx_word' id='word_1_48' title='bbox 379 984 581 1068; x_wconf 87' lang='lat' dir='ltr'><strong>semidoctis,</strong></span> <span class='ocrx_word' id='word_1_49' title='bbox 603 986 705 1050; x_wconf 90' lang='lat' dir='ltr'><strong>immo</strong></span> <span class='ocrx_word' id='word_1_50' title='bbox 722 1008 800 1050; x_wconf 83' lang='lat' dir='ltr'><strong>vero</strong></span> <span class='ocrx_word' id='word_1_51' title='bbox 821 983 960 1049; x_wconf 82' lang='lat' dir='ltr'><strong>indoctis</strong></span> <span class='ocrx_word' id='word_1_52' title='bbox 985 985 1195 1074; x_wconf 86' lang='lat' dir='ltr'><strong>hominibus,</strong></span> 
     </span>
     <span class='ocr_line' id='line_1_7' title="bbox 33 1080 1196 1180; baseline 0.004 -25"><span class='ocrx_word' id='word_1_53' title='bbox 33 1080 34 1083; x_wconf 22' lang='lat'>¹</span> <span class='ocrx_word' id='word_1_54' title='bbox 123 1115 199 1156; x_wconf 88' lang='lat' dir='ltr'><strong>non</strong></span> <span class='ocrx_word' id='word_1_55' title='bbox 216 1107 265 1156; x_wconf 90' lang='lat' dir='ltr'><strong>est</strong></span> <span class='ocrx_word' id='word_1_56' title='bbox 278 1091 461 1157; x_wconf 84' lang='lat' dir='ltr'><strong>ferendum.</strong></span> <span class='ocrx_word' id='word_1_57' title='bbox 476 1092 617 1158; x_wconf 81' lang='lat' dir='ltr'><strong>Lanam.</strong></span> <span class='ocrx_word' id='word_1_58' title='bbox 634 1125 669 1142; x_wconf 87' lang='grc'>-</span> <span class='ocrx_word' id='word_1_59' title='bbox 681 1091 835 1155; x_wconf 84' lang='lat' dir='ltr'><strong>Octavius</strong></span> <span class='ocrx_word' id='word_1_60' title='bbox 851 1091 1069 1180; x_wconf 78' lang='lat' dir='ltr'><strong>Pantagathus</strong></span> <span class='ocrx_word' id='word_1_61' title='bbox 1085 1093 1196 1160; x_wconf 83' lang='lat' dir='ltr'><strong>locum</strong></span> 
     </span>
     <span class='ocr_line' id='line_1_8' title="bbox 124 1194 1196 1284; baseline 0.004 -24"><span class='ocrx_word' id='word_1_62' title='bbox 124 1197 214 1260; x_wconf 87' lang='lat' dir='ltr'><strong>mala</strong></span> <span class='ocrx_word' id='word_1_63' title='bbox 229 1197 492 1284; x_wconf 85' lang='lat' dir='ltr'><strong>interpunctione</strong></span> <span class='ocrx_word' id='word_1_64' title='bbox 509 1195 749 1276; x_wconf 82' lang='lat' dir='ltr'><strong>subobscurum</strong></span> <span class='ocrx_word' id='word_1_65' title='bbox 769 1194 897 1259; x_wconf 86' lang='lat' dir='ltr'><strong>restitui</strong></span> <span class='ocrx_word' id='word_1_66' title='bbox 919 1217 1015 1283; x_wconf 90' lang='lat' dir='ltr'><strong>posse</strong></span> <span class='ocrx_word' id='word_1_67' title='bbox 1033 1198 1196 1264; x_wconf 84' lang='lat' dir='ltr'><strong>existima·</strong></span> 
     </span>
     <span class='ocr_line' id='line_1_9' title="bbox 124 1300 1198 1390; baseline 0.004 -24"><span class='ocrx_word' id='word_1_68' title='bbox 124 1302 204 1384; x_wconf 86' lang='lat' dir='ltr'><strong>bat,</strong></span> <span class='ocrx_word' id='word_1_69' title='bbox 223 1303 251 1366; x_wconf 92' lang='lat' dir='ltr'><strong>si</strong></span> <span class='ocrx_word' id='word_1_70' title='bbox 266 1303 310 1366; x_wconf 88' lang='lat' dir='ltr'><strong>ita</strong></span> <span class='ocrx_word' id='word_1_71' title='bbox 332 1301 617 1390; x_wconf 85' lang='lat' dir='ltr'><strong>interpungeretur</strong></span> <span class='ocrx_word' id='word_1_72' title='bbox 634 1323 642 1365; x_wconf 83' lang='lat' dir='ltr'><strong>t</strong></span> <span class='ocrx_word' id='word_1_73' title='bbox 664 1301 771 1364; x_wconf 79' lang='lat' dir='ltr'><strong>«Tum</strong></span> <span class='ocrx_word' id='word_1_74' title='bbox 788 1300 962 1365; x_wconf 88' lang='lat' dir='ltr'><strong>statueritis</strong></span> <span class='ocrx_word' id='word_1_75' title='bbox 979 1301 1045 1365; x_wconf 87' lang='lat' dir='ltr'><strong>vim</strong></span> <span class='ocrx_word' id='word_1_76' title='bbox 1060 1304 1093 1367; x_wconf 93' lang='lat' dir='ltr'><strong>in</strong></span> <span class='ocrx_word' id='word_1_77' title='bbox 1111 1304 1198 1370; x_wconf 82' lang='lat' dir='ltr'><strong>caede</strong></span> 
     </span>
     <span class='ocr_line' id='line_1_10' title="bbox 126 1406 1195 1495; baseline 0.004 -24"><span class='ocrx_word' id='word_1_78' title='bbox 126 1408 258 1490; x_wconf 91' lang='lat' dir='ltr'><strong>solum,</strong></span> <span class='ocrx_word' id='word_1_79' title='bbox 275 1430 342 1471; x_wconf 88' lang='lat' dir='ltr'><strong>non</strong></span> <span class='ocrx_word' id='word_1_80' title='bbox 359 1406 456 1470; x_wconf 89' lang='lat' dir='ltr'><strong>etiam</strong></span> <span class='ocrx_word' id='word_1_81' title='bbox 473 1407 507 1468; x_wconf 93' lang='lat' dir='ltr'><strong>in</strong></span> <span class='ocrx_word' id='word_1_82' title='bbox 524 1406 656 1469; x_wconf 88' lang='lat' dir='ltr'><strong>animo:</strong></span> <span class='ocrx_word' id='word_1_83' title='bbox 679 1406 741 1469; x_wconf 90' lang='lat' dir='ltr'><strong>nisi</strong></span> <span class='ocrx_word' id='word_1_84' title='bbox 754 1406 851 1470; x_wconf 87' lang='lat' dir='ltr'><strong>cruor</strong></span> <span class='ocrx_word' id='word_1_85' title='bbox 864 1419 1029 1495; x_wconf 77' lang='lat' dir='ltr'><strong>appareat,</strong></span> <span class='ocrx_word' id='word_1_86' title='bbox 1046 1409 1112 1474; x_wconf 81' lang='lat' dir='ltr'><strong>rim</strong></span> <span class='ocrx_word' id='word_1_87' title='bbox 1128 1433 1195 1475; x_wconf 89' lang='lat' dir='ltr'><strong>non</strong></span> 
     </span>
     <span class='ocr_line' id='line_1_11' title="bbox 127 1509 1193 1601; baseline 0.008 -26"><span class='ocrx_word' id='word_1_88' title='bbox 127 1535 201 1577; x_wconf 86' lang='lat' dir='ltr'><strong>esse</strong></span> <span class='ocrx_word' id='word_1_89' title='bbox 214 1513 352 1579; x_wconf 83' lang='lat' dir='ltr'><strong>factam:</strong></span> <span class='ocrx_word' id='word_1_90' title='bbox 375 1512 566 1592; x_wconf 82' lang='lat' dir='ltr'><strong>injuriarum</strong></span> <span class='ocrx_word' id='word_1_91' title='bbox 581 1509 737 1575; x_wconf 88' lang='lat' dir='ltr'><strong>delictum</strong></span> <span class='ocrx_word' id='word_1_92' title='bbox 754 1533 839 1595; x_wconf 87' lang='lat' dir='ltr'><strong>esse,</strong></span> <span class='ocrx_word' id='word_1_93' title='bbox 863 1513 919 1601; x_wconf 91' lang='lat' dir='ltr'><strong>qui</strong></span> <span class='ocrx_word' id='word_1_94' title='bbox 935 1513 1120 1601; x_wconf 90' lang='lat' dir='ltr'><strong>prohibitus</strong></span> <span class='ocrx_word' id='word_1_95' title='bbox 1135 1517 1193 1584; x_wconf 89' lang='lat' dir='ltr'><strong>sit:</strong></span> 
     </span>
     <span class='ocr_line' id='line_1_12' title="bbox 128 1616 1196 1705; baseline 0.007 -25"><span class='ocrx_word' id='word_1_96' title='bbox 128 1618 193 1681; x_wconf 89' lang='lat' dir='ltr'><strong>nisi</strong></span> <span class='ocrx_word' id='word_1_97' title='bbox 217 1640 257 1682; x_wconf 83' lang='lat' dir='ltr'><strong>ex</strong></span> <span class='ocrx_word' id='word_1_98' title='bbox 279 1640 318 1682; x_wconf 87' lang='lat' dir='ltr'><strong>eo</strong></span> <span class='ocrx_word' id='word_1_99' title='bbox 342 1618 415 1681; x_wconf 88' lang='lat' dir='ltr'><strong>loco</strong></span> <span class='ocrx_word' id='word_1_100' title='bbox 439 1616 495 1682; x_wconf 88' lang='lat' dir='ltr'><strong>ubi</strong></span> <span class='ocrx_word' id='word_1_101' title='bbox 510 1617 682 1705; x_wconf 80' lang='lat' dir='ltr'><strong>vestigium</strong></span> <span class='ocrx_word' id='word_1_102' title='bbox 698 1617 911 1705; x_wconf 81' lang='lat' dir='ltr'><strong>impresserit,</strong></span> <span class='ocrx_word' id='word_1_103' title='bbox 924 1619 1016 1701; x_wconf 78' lang='lat' dir='ltr'><strong>dejici</strong></span> <span class='ocrx_word' id='word_1_104' title='bbox 1031 1622 1196 1688; x_wconf 87' lang='lat' dir='ltr'><strong>neminem</strong></span> 
     </span>
     <span class='ocr_line' id='line_1_13' title="bbox 127 1723 1194 1812; baseline 0.006 -25"><span class='ocrx_word' id='word_1_105' title='bbox 127 1746 238 1812; x_wconf 87' lang='lat' dir='ltr'><strong>posse:</strong></span> <span class='ocrx_word' id='word_1_106' title='bbox 248 1724 329 1805; x_wconf 85' lang='lat' dir='ltr'><strong>juris</strong></span> <span class='ocrx_word' id='word_1_107' title='bbox 345 1723 482 1788; x_wconf 88' lang='lat' dir='ltr'><strong>retinere</strong></span> <span class='ocrx_word' id='word_1_108' title='bbox 498 1723 689 1788; x_wconf 87' lang='lat' dir='ltr'><strong>sententiam</strong></span> <span class='ocrx_word' id='word_1_109' title='bbox 709 1737 741 1786; x_wconf 88' lang='lat' dir='ltr'><strong>et</strong></span> <span class='ocrx_word' id='word_1_110' title='bbox 756 1724 938 1811; x_wconf 88' lang='lat' dir='ltr'><strong>aequitatem</strong></span> <span class='ocrx_word' id='word_1_111' title='bbox 948 1724 1125 1812; x_wconf 85' lang='lat' dir='ltr'><strong>plurimum</strong></span> <span class='ocrx_word' id='word_1_112' title='bbox 1138 1750 1194 1792; x_wconf 84' lang='lat' dir='ltr'><strong>va-</strong></span> 
     </span>
     <span class='ocr_line' id='line_1_14' title="bbox 128 1828 1195 1919; baseline 0.007 -27"><span class='ocrx_word' id='word_1_113' title='bbox 128 1828 196 1893; x_wconf 86' lang='lat' dir='ltr'><strong>lere</strong></span> <span class='ocrx_word' id='word_1_114' title='bbox 221 1845 388 1919; x_wconf 82' lang='lat' dir='ltr'><strong>oportere3</strong></span> <span class='ocrx_word' id='word_1_115' title='bbox 408 1829 509 1894; x_wconf 83' lang='lat' dir='ltr'><strong>verbo</strong></span> <span class='ocrx_word' id='word_1_116' title='bbox 536 1850 578 1893; x_wconf 91' lang='lat' dir='ltr'><strong>ne</strong></span> <span class='ocrx_word' id='word_1_117' title='bbox 600 1851 637 1893; x_wconf 90' lang='lat' dir='ltr'><strong>ac</strong></span> <span class='ocrx_word' id='word_1_118' title='bbox 657 1829 746 1893; x_wconf 91' lang='lat' dir='ltr'><strong>litera</strong></span> <span class='ocrx_word' id='word_1_119' title='bbox 766 1829 820 1909; x_wconf 85' lang='lat' dir='ltr'><strong>jus</strong></span> <span class='ocrx_word' id='word_1_120' title='bbox 845 1851 943 1893; x_wconf 91' lang='lat' dir='ltr'><strong>omne</strong></span> <span class='ocrx_word' id='word_1_121' title='bbox 961 1833 1121 1917; x_wconf 83' lang='lat' dir='ltr'><strong>torqueri,</strong></span> <span class='ocrx_word' id='word_1_122' title='bbox 1136 1857 1195 1898; x_wconf 82' lang='lat' dir='ltr'><strong>vos</strong></span> 
     </span>
     <span class='ocr_line' id='line_1_15' title="bbox 128 1933 1193 2024; baseline 0.007 -27"><span class='ocrx_word' id='word_1_123' title='bbox 128 1935 261 1999; x_wconf 79' lang='lat' dir='ltr'><strong>statuite</strong></span> <span class='ocrx_word' id='word_1_124' title='bbox 274 1950 526 2024; x_wconf 88' lang='lat' dir='ltr'><strong>recuperatores,</strong></span> <span class='ocrx_word' id='word_1_125' title='bbox 538 1950 649 1998; x_wconf 90' lang='lat' dir='ltr'><strong>utrurn</strong></span> <span class='ocrx_word' id='word_1_126' title='bbox 664 1934 776 1999; x_wconf 89' lang='lat' dir='ltr'><strong>utilius</strong></span> <span class='ocrx_word' id='word_1_127' title='bbox 794 1955 863 1998; x_wconf 85' lang='lat' dir='ltr'><strong>esse</strong></span> <span class='ocrx_word' id='word_1_128' title='bbox 878 1933 1055 2000; x_wconf 82' lang='lat' dir='ltr'><strong>rideatur».</strong></span> <span class='ocrx_word' id='word_1_129' title='bbox 1069 1939 1104 2000; x_wconf 87' lang='lat' dir='ltr'><strong>F.</strong></span> <span class='ocrx_word' id='word_1_130' title='bbox 1115 1939 1193 2004; x_wconf 80' lang='lat' dir='ltr'><strong>Urs.</strong></span> 
     </span>
    </p>
   </div>
   <div class='ocr_carea' id='block_1_2' title="bbox 172 2040 1289 2121">
    <p class='ocr_par' dir='ltr' id='par_1_3' title="bbox 172 2040 1289 2121">
     <span class='ocr_line' id='line_1_16' title="bbox 172 2040 1289 2121; baseline 0.003 -14"><span class='ocrx_word' id='word_1_131' title='bbox 172 2042 249 2107; x_wconf 86' lang='lat' dir='ltr'><strong>Non</strong></span> <span class='ocrx_word' id='word_1_132' title='bbox 260 2047 407 2107; x_wconf 74' lang='lat' dir='ltr'><strong>restitaret.</strong></span> <span class='ocrx_word' id='word_1_133' title='bbox 415 2043 497 2106; x_wconf 86' lang='lat' dir='ltr'><strong>Tum</strong></span> <span class='ocrx_word' id='word_1_134' title='bbox 513 2046 655 2106; x_wconf 81' lang='lat' dir='ltr'><strong>statuetis</strong></span> <span class='ocrx_word' id='word_1_135' title='bbox 670 2043 738 2103; x_wconf 79' lang='lat' dir='ltr'><strong>vim</strong></span> <span class='ocrx_word' id='word_1_136' title='bbox 751 2043 784 2104; x_wconf 81' lang='lat' dir='ltr'><strong>in</strong></span> <span class='ocrx_word' id='word_1_137' title='bbox 799 2040 885 2104; x_wconf 78' lang='lat' dir='ltr'><strong>ccede</strong></span> <span class='ocrx_word' id='word_1_138' title='bbox 898 2040 1009 2121; x_wconf 63' lang='lat' dir='ltr'><strong>solunu</strong></span> <span class='ocrx_word' id='word_1_139' title='bbox 1021 2064 1085 2106; x_wconf 83' lang='lat' dir='ltr'><strong>non</strong></span> <span class='ocrx_word' id='word_1_140' title='bbox 1097 2047 1194 2110; x_wconf 69' lang='lat' dir='ltr'><strong>ettam</strong></span> <span class='ocrx_word' id='word_1_141' title='bbox 1286 2076 1289 2083; x_wconf 55' lang='grc'>’</span> 
     </span>
    </p>
   </div>
   <div class='ocr_carea' id='block_1_3' title="bbox 33 2142 1202 4029">
    <p class='ocr_par' dir='ltr' id='par_1_4' title="bbox 33 2142 1202 4029">
     <span class='ocr_line' id='line_1_17' title="bbox 128 2142 1195 2235; baseline 0.004 -25"><span class='ocrx_word' id='word_1_142' title='bbox 128 2150 163 2210; x_wconf 86' lang='lat' dir='ltr'><strong>in</strong></span> <span class='ocrx_word' id='word_1_143' title='bbox 173 2152 279 2211; x_wconf 83' lang='lat' dir='ltr'><strong>animo</strong></span> <span class='ocrx_word' id='word_1_144' title='bbox 292 2149 356 2211; x_wconf 78' lang='lat' dir='ltr'><strong>niti</strong></span> <span class='ocrx_word' id='word_1_145' title='bbox 369 2170 463 2211; x_wconf 83' lang='lat' dir='ltr'><strong>cruor</strong></span> <span class='ocrx_word' id='word_1_146' title='bbox 479 2159 648 2235; x_wconf 79' lang='lat' dir='ltr'><strong>appareat,</strong></span> <span class='ocrx_word' id='word_1_147' title='bbox 660 2148 730 2209; x_wconf 81' lang='lat' dir='ltr'><strong>vim</strong></span> <span class='ocrx_word' id='word_1_148' title='bbox 747 2167 812 2208; x_wconf 83' lang='lat' dir='ltr'><strong>non</strong></span> <span class='ocrx_word' id='word_1_149' title='bbox 824 2142 1033 2230; x_wconf 78' lang='lat' dir='ltr'><strong>essesirctam.</strong></span> <span class='ocrx_word' id='word_1_150' title='bbox 1053 2147 1105 2212; x_wconf 90' lang='lat' dir='ltr'><strong>Sic</strong></span> <span class='ocrx_word' id='word_1_151' title='bbox 1127 2166 1195 2214; x_wconf 88' lang='lat' dir='ltr'><strong>erat</strong></span> 
     </span>
     <span class='ocr_line' id='line_1_18' title="bbox 131 2249 1195 2341; baseline 0.005 -26"><span class='ocrx_word' id='word_1_152' title='bbox 131 2251 323 2341; x_wconf 89' lang='lat' dir='ltr'><strong>impressum</strong></span> <span class='ocrx_word' id='word_1_153' title='bbox 341 2255 419 2317; x_wconf 89' lang='lat' dir='ltr'><strong>olim</strong></span> <span class='ocrx_word' id='word_1_154' title='bbox 442 2252 560 2317; x_wconf 85' lang='lat' dir='ltr'><strong>aRob.</strong></span> <span class='ocrx_word' id='word_1_155' title='bbox 583 2250 767 2340; x_wconf 88' lang='lat' dir='ltr'><strong>Stephano,</strong></span> <span class='ocrx_word' id='word_1_156' title='bbox 789 2266 827 2315; x_wconf 92' lang='lat' dir='ltr'><strong>ut</strong></span> <span class='ocrx_word' id='word_1_157' title='bbox 849 2250 884 2313; x_wconf 91' lang='lat' dir='ltr'><strong>in</strong></span> <span class='ocrx_word' id='word_1_158' title='bbox 908 2249 1002 2316; x_wconf 88' lang='lat' dir='ltr'><strong>editis</strong></span> <span class='ocrx_word' id='word_1_159' title='bbox 1023 2253 1195 2321; x_wconf 80' lang='lat' dir='ltr'><strong>Florentiae</strong></span> 
     </span>
     <span class='ocr_line' id='line_1_19' title="bbox 129 2355 1195 2446; baseline 0.004 -26"><span class='ocrx_word' id='word_1_160' title='bbox 129 2355 305 2423; x_wconf 82' lang='lat' dir='ltr'><strong>doctissimi</strong></span> <span class='ocrx_word' id='word_1_161' title='bbox 317 2358 452 2423; x_wconf 86' lang='lat' dir='ltr'><strong>Victorii</strong></span> <span class='ocrx_word' id='word_1_162' title='bbox 472 2356 535 2421; x_wconf 88' lang='lat' dir='ltr'><strong>fide</strong></span> <span class='ocrx_word' id='word_1_163' title='bbox 558 2358 681 2445; x_wconf 86' lang='lat' dir='ltr'><strong>absque</strong></span> <span class='ocrx_word' id='word_1_164' title='bbox 702 2357 768 2420; x_wconf 84' lang='lat' dir='ltr'><strong>ulla</strong></span> <span class='ocrx_word' id='word_1_165' title='bbox 785 2356 891 2421; x_wconf 90' lang='lat' dir='ltr'><strong>litura.</strong></span> <span class='ocrx_word' id='word_1_166' title='bbox 914 2356 1079 2446; x_wconf 86' lang='lat' dir='ltr'><strong>Scriptura</strong></span> <span class='ocrx_word' id='word_1_167' title='bbox 1096 2357 1195 2425; x_wconf 87' lang='lat' dir='ltr'><strong>libro·</strong></span> 
     </span>
     <span class='ocr_line' id='line_1_20' title="bbox 129 2461 1192 2551; baseline 0.003 -24"><span class='ocrx_word' id='word_1_168' title='bbox 129 2486 219 2546; x_wconf 93' lang='lat' dir='ltr'><strong>rum,</strong></span> <span class='ocrx_word' id='word_1_169' title='bbox 236 2486 319 2551; x_wconf 90' lang='lat' dir='ltr'><strong>quos</strong></span> <span class='ocrx_word' id='word_1_170' title='bbox 334 2478 493 2527; x_wconf 86' lang='lat' dir='ltr'><strong>memorat</strong></span> <span class='ocrx_word' id='word_1_171' title='bbox 501 2463 743 2527; x_wconf 86' lang='lat' dir='ltr'><strong>Hottomannus</strong></span> <span class='ocrx_word' id='word_1_172' title='bbox 759 2478 827 2525; x_wconf 88' lang='lat' dir='ltr'><strong>tota</strong></span> <span class='ocrx_word' id='word_1_173' title='bbox 842 2461 935 2525; x_wconf 85' lang='lat' dir='ltr'><strong>nihili</strong></span> <span class='ocrx_word' id='word_1_174' title='bbox 948 2479 1013 2546; x_wconf 79' lang='lat' dir='ltr'><strong>est,-</strong></span> <span class='ocrx_word' id='word_1_175' title='bbox 1030 2464 1124 2528; x_wconf 89' lang='lat' dir='ltr'><strong>etiam</strong></span> <span class='ocrx_word' id='word_1_176' title='bbox 1140 2466 1192 2531; x_wconf 85' lang='lat' dir='ltr'><strong>iila</strong></span> 
     </span>
     <span class='ocr_line' id='line_1_21' title="bbox 130 2567 1191 2656; baseline 0.004 -24"><span class='ocrx_word' id='word_1_177' title='bbox 130 2567 297 2656; x_wconf 85' lang='lat' dir='ltr'><strong>depravata</strong></span> <span class='ocrx_word' id='word_1_178' title='bbox 311 2584 377 2650; x_wconf 88' lang='lat' dir='ltr'><strong>est,</strong></span> <span class='ocrx_word' id='word_1_179' title='bbox 392 2590 491 2656; x_wconf 91' lang='lat' dir='ltr'><strong>quam</strong></span> <span class='ocrx_word' id='word_1_180' title='bbox 507 2568 652 2655; x_wconf 87' lang='lat' dir='ltr'><strong>sequitur</strong></span> <span class='ocrx_word' id='word_1_181' title='bbox 666 2569 752 2655; x_wconf 88' lang='lat' dir='ltr'><strong>ipse:</strong></span> <span class='ocrx_word' id='word_1_182' title='bbox 770 2597 784 2624; x_wconf 75' lang='grc' dir='ltr'><strong>α</strong></span> <span class='ocrx_word' id='word_1_183' title='bbox 793 2569 879 2631; x_wconf 89' lang='lat' dir='ltr'><strong>Tum</strong></span> <span class='ocrx_word' id='word_1_184' title='bbox 893 2569 1067 2633; x_wconf 88' lang='lat' dir='ltr'><strong>statueritis</strong></span> <span class='ocrx_word' id='word_1_185' title='bbox 1078 2570 1143 2634; x_wconf 84' lang='lat' dir='ltr'><strong>vim</strong></span> <span class='ocrx_word' id='word_1_186' title='bbox 1157 2572 1191 2636; x_wconf 90' lang='lat' dir='ltr'><strong>iu</strong></span> 
     </span>
     <span class='ocr_line' id='line_1_22' title="bbox 131 2671 1192 2764; baseline 0.003 -27"><span class='ocrx_word' id='word_1_187' title='bbox 131 2672 215 2737; x_wconf 78' lang='lat' dir='ltr'><strong>coede</strong></span> <span class='ocrx_word' id='word_1_188' title='bbox 231 2673 357 2755; x_wconf 87' lang='lat' dir='ltr'><strong>solum,</strong></span> <span class='ocrx_word' id='word_1_189' title='bbox 375 2694 443 2736; x_wconf 90' lang='lat' dir='ltr'><strong>non</strong></span> <span class='ocrx_word' id='word_1_190' title='bbox 456 2672 490 2735; x_wconf 93' lang='lat' dir='ltr'><strong>in</strong></span> <span class='ocrx_word' id='word_1_191' title='bbox 507 2672 617 2735; x_wconf 88' lang='lat' dir='ltr'><strong>animo</strong></span> <span class='ocrx_word' id='word_1_192' title='bbox 634 2671 811 2753; x_wconf 83' lang='lat' dir='ltr'><strong>libidinis»,</strong></span> <span class='ocrx_word' id='word_1_193' title='bbox 830 2671 888 2734; x_wconf 93' lang='lat' dir='ltr'><strong>ubi</strong></span> <span class='ocrx_word' id='word_1_194' title='bbox 904 2672 1079 2737; x_wconf 86' lang='lat' dir='ltr'><strong>Lambinus</strong></span> <span class='ocrx_word' id='word_1_195' title='bbox 1095 2697 1192 2764; x_wconf 90' lang='lat' dir='ltr'><strong>repo-</strong></span> 
     </span>
     <span class='ocr_line' id='line_1_23' title="bbox 131 2774 1191 2857; baseline 0.006 -18"><span class='ocrx_word' id='word_1_196' title='bbox 131 2777 194 2841; x_wconf 90' lang='lat' dir='ltr'><strong>nit:</strong></span> <span class='ocrx_word' id='word_1_197' title='bbox 209 2778 269 2842; x_wconf 80' lang='lat' dir='ltr'><strong>·In</strong></span> <span class='ocrx_word' id='word_1_198' title='bbox 288 2777 397 2841; x_wconf 88' lang='lat' dir='ltr'><strong>animo</strong></span> <span class='ocrx_word' id='word_1_199' title='bbox 415 2793 447 2841; x_wconf 91' lang='lat' dir='ltr'><strong>et</strong></span> <span class='ocrx_word' id='word_1_200' title='bbox 469 2775 642 2857; x_wconf 74' lang='lat' dir='ltr'><strong>libidine-3</strong></span> <span class='ocrx_word' id='word_1_201' title='bbox 660 2776 797 2840; x_wconf 87' lang='lat' dir='ltr'><strong>verbum</strong></span> <span class='ocrx_word' id='word_1_202' title='bbox 817 2774 956 2840; x_wconf 62' lang='lat' dir='ltr'><strong>liburnis</strong></span> <span class='ocrx_word' id='word_1_203' title='bbox 973 2778 1007 2840; x_wconf 92' lang='lat' dir='ltr'><strong>in</strong></span> <span class='ocrx_word' id='word_1_204' title='bbox 1023 2778 1085 2841; x_wconf 88' lang='lat' dir='ltr'><strong>illis</strong></span> <span class='ocrx_word' id='word_1_205' title='bbox 1101 2779 1191 2845; x_wconf 87' lang='lat' dir='ltr'><strong>libris</strong></span> 
     </span>
     <span class='ocr_line' id='line_1_24' title="bbox 131 2880 1191 2972; baseline 0.005 -27"><span class='ocrx_word' id='word_1_206' title='bbox 131 2898 237 2970; x_wconf 87' lang='lat' dir='ltr'><strong>aperte</strong></span> <span class='ocrx_word' id='word_1_207' title='bbox 259 2899 308 2947; x_wconf 89' lang='lat' dir='ltr'><strong>est</strong></span> <span class='ocrx_word' id='word_1_208' title='bbox 331 2882 527 2947; x_wconf 80' lang='lat' dir='ltr'><strong>addititiam.</strong></span> <span class='ocrx_word' id='word_1_209' title='bbox 546 2883 632 2947; x_wconf 89' lang='lat' dir='ltr'><strong>Puto</strong></span> <span class='ocrx_word' id='word_1_210' title='bbox 655 2881 824 2969; x_wconf 82' lang='lat' dir='ltr'><strong>exaliqua</strong></span> <span class='ocrx_word' id='word_1_211' title='bbox 847 2880 1075 2967; x_wconf 83' lang='lat' dir='ltr'><strong>explicatione,</strong></span> <span class='ocrx_word' id='word_1_212' title='bbox 1099 2887 1191 2972; x_wconf 88' lang='lat' dir='ltr'><strong>quasi</strong></span> 
     </span>
     <span class='ocr_line' id='line_1_25' title="bbox 33 2984 1189 3077; baseline 0.003 -25"><span class='ocrx_word' id='word_1_213' title='bbox 33 3042 34 3073; x_wconf 61' lang='lat'><strong>,</strong></span> <span class='ocrx_word' id='word_1_214' title='bbox 89 3049 93 3057; x_wconf 82' lang='lat'><strong><em>‚</em></strong></span> <span class='ocrx_word' id='word_1_215' title='bbox 131 2989 240 3053; x_wconf 84' lang='lat' dir='ltr'><strong>Cicero</strong></span> <span class='ocrx_word' id='word_1_216' title='bbox 253 2987 318 3052; x_wconf 90' lang='lat' dir='ltr'><strong>hoc</strong></span> <span class='ocrx_word' id='word_1_217' title='bbox 332 2987 471 3070; x_wconf 89' lang='lat' dir='ltr'><strong>diceret,</strong></span> <span class='ocrx_word' id='word_1_218' title='bbox 485 2989 539 3052; x_wconf 92' lang='lat' dir='ltr'><strong>cui</strong></span> <span class='ocrx_word' id='word_1_219' title='bbox 555 3005 588 3053; x_wconf 93' lang='lat' dir='ltr'><strong>et</strong></span> <span class='ocrx_word' id='word_1_220' title='bbox 602 2987 731 3052; x_wconf 90' lang='lat' dir='ltr'><strong>animus</strong></span> <span class='ocrx_word' id='word_1_221' title='bbox 749 3003 781 3050; x_wconf 91' lang='lat' dir='ltr'><strong>et</strong></span> <span class='ocrx_word' id='word_1_222' title='bbox 799 2984 901 3050; x_wconf 88' lang='lat' dir='ltr'><strong>libido</strong></span> <span class='ocrx_word' id='word_1_223' title='bbox 914 2987 956 3051; x_wconf 86' lang='lat' dir='ltr'><strong>sit</strong></span> <span class='ocrx_word' id='word_1_224' title='bbox 973 2988 1114 3077; x_wconf 85' lang='lat' dir='ltr'><strong>aliquem</strong></span> <span class='ocrx_word' id='word_1_225' title='bbox 1131 2989 1189 3057; x_wconf 89' lang='lat' dir='ltr'><strong>de·</strong></span> 
     </span>
     <span class='ocr_line' id='line_1_26' title="bbox 128 3092 1189 3182; baseline 0.005 -25"><span class='ocrx_word' id='word_1_226' title='bbox 128 3094 237 3175; x_wconf 86' lang='lat' dir='ltr'><strong>jicere,</strong></span> <span class='ocrx_word' id='word_1_227' title='bbox 253 3117 360 3182; x_wconf 90' lang='lat' dir='ltr'><strong>neque</strong></span> <span class='ocrx_word' id='word_1_228' title='bbox 374 3092 409 3161; x_wconf 93' lang='lat' dir='ltr'><strong>id</strong></span> <span class='ocrx_word' id='word_1_229' title='bbox 424 3095 535 3159; x_wconf 90' lang='lat' dir='ltr'><strong>conari</strong></span> <span class='ocrx_word' id='word_1_230' title='bbox 546 3092 679 3174; x_wconf 82' lang='lat' dir='ltr'><strong>audeat,</strong></span> <span class='ocrx_word' id='word_1_231' title='bbox 698 3093 774 3181; x_wconf 84' lang='lat' dir='ltr'><strong>quia</strong></span> <span class='ocrx_word' id='word_1_232' title='bbox 788 3092 911 3156; x_wconf 83' lang='lat' dir='ltr'><strong>viribus</strong></span> <span class='ocrx_word' id='word_1_233' title='bbox 927 3092 1061 3158; x_wconf 87' lang='lat' dir='ltr'><strong>inferior</strong></span> <span class='ocrx_word' id='word_1_234' title='bbox 1078 3097 1134 3181; x_wconf 89' lang='lat' dir='ltr'><strong>sit,</strong></span> <span class='ocrx_word' id='word_1_235' title='bbox 1147 3097 1189 3163; x_wconf 91' lang='lat' dir='ltr'><strong>ab</strong></span> 
     </span>
     <span class='ocr_line' id='line_1_27' title="bbox 33 3197 1190 3291; baseline 0.004 -27"><span class='ocrx_word' id='word_1_236' title='bbox 33 3276 34 3279; x_wconf 7' lang='grc' dir='ltr'><strong>Ἴ</strong></span> <span class='ocrx_word' id='word_1_237' title='bbox 131 3223 168 3264; x_wconf 90' lang='lat' dir='ltr'><strong>eo</strong></span> <span class='ocrx_word' id='word_1_238' title='bbox 181 3200 388 3264; x_wconf 87' lang='lat' dir='ltr'><strong>nihilominus</strong></span> <span class='ocrx_word' id='word_1_239' title='bbox 397 3200 463 3264; x_wconf 83' lang='lat' dir='ltr'><strong>vim</strong></span> <span class='ocrx_word' id='word_1_240' title='bbox 478 3221 547 3264; x_wconf 91' lang='lat' dir='ltr'><strong>esse</strong></span> <span class='ocrx_word' id='word_1_241' title='bbox 560 3201 685 3263; x_wconf 84' lang='lat' dir='ltr'><strong>factam.</strong></span> <span class='ocrx_word' id='word_1_242' title='bbox 697 3197 736 3262; x_wconf 94' lang='lat' dir='ltr'><strong>Id</strong></span> <span class='ocrx_word' id='word_1_243' title='bbox 749 3197 975 3285; x_wconf 60' lang='lat' dir='ltr'><strong>quamialsum</strong></span> <span class='ocrx_word' id='word_1_244' title='bbox 989 3200 1045 3281; x_wconf 91' lang='lat' dir='ltr'><strong>sit,</strong></span> <span class='ocrx_word' id='word_1_245' title='bbox 1056 3219 1190 3291; x_wconf 83' lang='lat' dir='ltr'><strong>apparet</strong></span> 
     </span>
     <span class='ocr_line' id='line_1_28' title="bbox 132 3303 1188 3395; baseline -0.008 -25"><span class='ocrx_word' id='word_1_246' title='bbox 132 3329 166 3371; x_wconf 85' lang='lat' dir='ltr'><strong>et</strong></span> <span class='ocrx_word' id='word_1_247' title='bbox 180 3329 217 3370; x_wconf 92' lang='lat' dir='ltr'><strong>eo</strong></span> <span class='ocrx_word' id='word_1_248' title='bbox 229 3305 318 3395; x_wconf 92' lang='lat' dir='ltr'><strong>quod</strong></span> <span class='ocrx_word' id='word_1_249' title='bbox 334 3305 482 3395; x_wconf 88' lang='lat' dir='ltr'><strong>superius</strong></span> <span class='ocrx_word' id='word_1_250' title='bbox 496 3303 595 3370; x_wconf 79' lang='lat' dir='ltr'><strong>dixit:</strong></span> <span class='ocrx_word' id='word_1_251' title='bbox 614 3305 679 3369; x_wconf 76' lang='lat' dir='ltr'><strong>«Ut</strong></span> <span class='ocrx_word' id='word_1_252' title='bbox 693 3303 831 3369; x_wconf 90' lang='lat' dir='ltr'><strong>dubium</strong></span> <span class='ocrx_word' id='word_1_253' title='bbox 846 3303 901 3385; x_wconf 92' lang='lat' dir='ltr'><strong>sit,</strong></span> <span class='ocrx_word' id='word_1_254' title='bbox 921 3305 999 3392; x_wconf 89' lang='lat' dir='ltr'><strong>quin</strong></span> <span class='ocrx_word' id='word_1_255' title='bbox 1018 3309 1123 3387; x_wconf 82' lang='lat' dir='ltr'><strong>major</strong></span> <span class='ocrx_word' id='word_1_256' title='bbox 1132 3308 1188 3374; x_wconf 88' lang='lat' dir='ltr'><strong>ad.</strong></span> 
     </span>
     <span class='ocr_line' id='line_1_29' title="bbox 131 3410 1186 3499; baseline 0.002 -24"><span class='ocrx_word' id='word_1_257' title='bbox 131 3412 224 3476; x_wconf 89' lang='lat' dir='ltr'><strong>hibita</strong></span> <span class='ocrx_word' id='word_1_258' title='bbox 246 3411 294 3477; x_wconf 81' lang='lat' dir='ltr'><strong>vis</strong></span> <span class='ocrx_word' id='word_1_259' title='bbox 317 3412 346 3475; x_wconf 91' lang='lat' dir='ltr'><strong>ei</strong></span> <span class='ocrx_word' id='word_1_260' title='bbox 369 3411 428 3494; x_wconf 90' lang='lat' dir='ltr'><strong>sit,</strong></span> <span class='ocrx_word' id='word_1_261' title='bbox 447 3410 539 3491; x_wconf 85' lang='lat' dir='ltr'><strong>cujus</strong></span> <span class='ocrx_word' id='word_1_262' title='bbox 560 3411 687 3475; x_wconf 89' lang='lat' dir='ltr'><strong>animus</strong></span> <span class='ocrx_word' id='word_1_263' title='bbox 710 3410 753 3475; x_wconf 90' lang='lat' dir='ltr'><strong>sit</strong></span> <span class='ocrx_word' id='word_1_264' title='bbox 773 3410 982 3499; x_wconf 87' lang='lat' dir='ltr'><strong>perterritus,</strong></span> <span class='ocrx_word' id='word_1_265' title='bbox 1006 3436 1103 3499; x_wconf 88' lang='lat' dir='ltr'><strong>quarn</strong></span> <span class='ocrx_word' id='word_1_266' title='bbox 1124 3414 1186 3496; x_wconf 90' lang='lat' dir='ltr'><strong>illi,</strong></span> 
     </span>
     <span class='ocr_line' id='line_1_30' title="bbox 131 3516 1202 3608; baseline 0 -26"><span class='ocrx_word' id='word_1_267' title='bbox 131 3520 217 3599; x_wconf 90' lang='lat' dir='ltr'><strong>cnjus</strong></span> <span class='ocrx_word' id='word_1_268' title='bbox 233 3540 351 3607; x_wconf 86' lang='lat' dir='ltr'><strong>corpus</strong></span> <span class='ocrx_word' id='word_1_269' title='bbox 363 3517 567 3583; x_wconf 83' lang='lat' dir='ltr'><strong>vulneratum</strong></span> <span class='ocrx_word' id='word_1_270' title='bbox 583 3518 656 3582; x_wconf 80' lang='lat' dir='ltr'><strong>sit».</strong></span> <span class='ocrx_word' id='word_1_271' title='bbox 676 3518 752 3583; x_wconf 91' lang='lat' dir='ltr'><strong>Non</strong></span> <span class='ocrx_word' id='word_1_272' title='bbox 770 3532 833 3599; x_wconf 88' lang='lat' dir='ltr'><strong>est,</strong></span> <span class='ocrx_word' id='word_1_273' title='bbox 848 3516 976 3605; x_wconf 90' lang='lat' dir='ltr'><strong>opinor,</strong></span> <span class='ocrx_word' id='word_1_274' title='bbox 993 3540 1076 3605; x_wconf 89' lang='lat' dir='ltr'><strong>opus</strong></span> <span class='ocrx_word' id='word_1_275' title='bbox 1089 3540 1202 3608; x_wconf 58' lang='grc' dir='ltr'><strong>πμ·-</strong></span> 
     </span>
     <span class='ocr_line' id='line_1_31' title="bbox 132 3621 1185 3711; baseline 0.003 -24"><span class='ocrx_word' id='word_1_276' title='bbox 132 3625 240 3688; x_wconf 88' lang='lat' dir='ltr'><strong>mentis</strong></span> <span class='ocrx_word' id='word_1_277' title='bbox 261 3623 468 3706; x_wconf 89' lang='lat' dir='ltr'><strong>certioribus,</strong></span> <span class='ocrx_word' id='word_1_278' title='bbox 488 3639 525 3688; x_wconf 90' lang='lat' dir='ltr'><strong>ut</strong></span> <span class='ocrx_word' id='word_1_279' title='bbox 540 3637 667 3688; x_wconf 88' lang='lat' dir='ltr'><strong>constet</strong></span> <span class='ocrx_word' id='word_1_280' title='bbox 682 3621 762 3686; x_wconf 88' lang='lat' dir='ltr'><strong>nihil</strong></span> <span class='ocrx_word' id='word_1_281' title='bbox 779 3622 939 3711; x_wconf 89' lang='lat' dir='ltr'><strong>scriptura</strong></span> <span class='ocrx_word' id='word_1_282' title='bbox 954 3622 1008 3685; x_wconf 88' lang='lat' dir='ltr'><strong>illa</strong></span> <span class='ocrx_word' id='word_1_283' title='bbox 1027 3622 1185 3690; x_wconf 88' lang='lat' dir='ltr'><strong>librorum</strong></span> 
     </span>
     <span class='ocr_line' id='line_1_32' title="bbox 131 3727 1184 3818; baseline 0.006 -27"><span class='ocrx_word' id='word_1_284' title='bbox 131 3728 257 3794; x_wconf 83' lang='lat' dir='ltr'><strong>Victorii</strong></span> <span class='ocrx_word' id='word_1_285' title='bbox 274 3746 306 3794; x_wconf 89' lang='lat' dir='ltr'><strong>et</strong></span> <span class='ocrx_word' id='word_1_286' title='bbox 320 3728 404 3794; x_wconf 85' lang='lat' dir='ltr'><strong>Rob.</strong></span> <span class='ocrx_word' id='word_1_287' title='bbox 425 3729 580 3817; x_wconf 86' lang='lat' dir='ltr'><strong>Stephani</strong></span> <span class='ocrx_word' id='word_1_288' title='bbox 597 3751 692 3818; x_wconf 90' lang='lat' dir='ltr'><strong>posse</strong></span> <span class='ocrx_word' id='word_1_289' title='bbox 715 3727 780 3792; x_wconf 92' lang='lat' dir='ltr'><strong>dici</strong></span> <span class='ocrx_word' id='word_1_290' title='bbox 797 3727 914 3793; x_wconf 80' lang='lat' dir='ltr'><strong>verius.</strong></span> <span class='ocrx_word' id='word_1_291' title='bbox 940 3729 1050 3815; x_wconf 86' lang='lat' dir='ltr'><strong>Atque</strong></span> <span class='ocrx_word' id='word_1_292' title='bbox 1073 3729 1184 3797; x_wconf 86' lang='lat' dir='ltr'><strong>eadem</strong></span> 
     </span>
     <span class='ocr_line' id='line_1_33' title="bbox 121 3818 1182 3923; baseline 0.004 -25"><span class='ocrx_word' id='word_1_293' title='bbox 121 3818 176 3899; x_wconf 26' lang='lat' dir='ltr'><strong>&#39;est</strong></span> <span class='ocrx_word' id='word_1_294' title='bbox 191 3836 346 3901; x_wconf 89' lang='lat' dir='ltr'><strong>Labeonis</strong></span> <span class='ocrx_word' id='word_1_295' title='bbox 366 3836 524 3901; x_wconf 84' lang='lat' dir='ltr'><strong>sententia</strong></span> <span class='ocrx_word' id='word_1_296' title='bbox 539 3835 573 3898; x_wconf 92' lang='lat' dir='ltr'><strong>in</strong></span> <span class='ocrx_word' id='word_1_297' title='bbox 592 3835 706 3923; x_wconf 82' lang='lat' dir='ltr'><strong>leger,</strong></span> <span class='ocrx_word' id='word_1_298' title='bbox 727 3831 767 3897; x_wconf 91' lang='lat' dir='ltr'><strong>de</strong></span> <span class='ocrx_word' id='word_1_299' title='bbox 782 3834 824 3896; x_wconf 82' lang='lat' dir='ltr'><strong>vi·</strong></span> <span class='ocrx_word' id='word_1_300' title='bbox 831 3848 864 3896; x_wconf 89' lang='lat' dir='ltr'><strong>et</strong></span> <span class='ocrx_word' id='word_1_301' title='bbox 880 3833 911 3895; x_wconf 82' lang='lat' dir='ltr'><strong>ri</strong></span> <span class='ocrx_word' id='word_1_302' title='bbox 930 3849 1066 3917; x_wconf 88' lang='lat' dir='ltr'><strong>armata,</strong></span> <span class='ocrx_word' id='word_1_303' title='bbox 1086 3858 1182 3922; x_wconf 89' lang='lat' dir='ltr'><strong>quam</strong></span> 
     </span>
     <span class='ocr_line' id='line_1_34' title="bbox 132 3937 1184 4029; baseline 0.003 -25"><span class='ocrx_word' id='word_1_304' title='bbox 132 3941 270 4029; x_wconf 90' lang='lat' dir='ltr'><strong>superius</strong></span> <span class='ocrx_word' id='word_1_305' title='bbox 285 3943 380 4006; x_wconf 87' lang='lat' dir='ltr'><strong>etiarn</strong></span> <span class='ocrx_word' id='word_1_306' title='bbox 398 3941 582 4007; x_wconf 87' lang='lat' dir='ltr'><strong>citavimus:</strong></span> <span class='ocrx_word' id='word_1_307' title='bbox 602 3938 716 4004; x_wconf 78' lang='lat' dir='ltr'><strong>«Idem</strong></span> <span class='ocrx_word' id='word_1_308' title='bbox 728 3937 836 4003; x_wconf 85' lang='lat' dir='ltr'><strong>Labeo</strong></span> <span class='ocrx_word' id='word_1_309' title='bbox 852 3937 911 4019; x_wconf 88' lang='lat' dir='ltr'><strong>ait,</strong></span> <span class='ocrx_word' id='word_1_310' title='bbox 930 3959 1006 4002; x_wconf 86' lang='lat' dir='ltr'><strong>eum</strong></span> <span class='ocrx_word' id='word_1_311' title='bbox 1024 3940 1080 4028; x_wconf 89' lang='lat' dir='ltr'><strong>qui</strong></span> <span class='ocrx_word' id='word_1_312' title='bbox 1094 3958 1184 4007; x_wconf 90' lang='lat' dir='ltr'><strong>metu</strong></span> 
     </span>
    </p>
   </div>
   <div class='ocr_carea' id='block_1_4' title="bbox 33 4044 1184 4137">
    <p class='ocr_par' dir='ltr' id='par_1_5' title="bbox 33 4044 1184 4137">
     <span class='ocr_line' id='line_1_35' title="bbox 33 4044 1184 4137; baseline 0.002 -26"><span class='ocrx_word' id='word_1_313' title='bbox 33 4104 34 4121; x_wconf 38' lang='lat'>2</span> <span class='ocrx_word' id='word_1_314' title='bbox 133 4047 226 4112; x_wconf 83' lang='lat' dir='ltr'><strong>turbae</strong></span> <span class='ocrx_word' id='word_1_315' title='bbox 242 4051 429 4136; x_wconf 89' lang='lat' dir='ltr'><strong>perterritus</strong></span> <span class='ocrx_word' id='word_1_316' title='bbox 446 4048 582 4137; x_wconf 84' lang='lat' dir='ltr'><strong>fugerit,</strong></span> <span class='ocrx_word' id='word_1_317' title='bbox 598 4045 699 4111; x_wconf 87' lang='lat' dir='ltr'><strong>videri</strong></span> <span class='ocrx_word' id='word_1_318' title='bbox 715 4044 875 4126; x_wconf 85' lang='lat' dir='ltr'><strong>dejectum</strong></span> <span class='ocrx_word' id='word_1_319' title='bbox 885 4076 908 4110; x_wconf 83' lang='lat'><strong>».</strong></span> <span class='ocrx_word' id='word_1_320' title='bbox 927 4044 1048 4136; x_wconf 87' lang='lat' dir='ltr'><strong>Eadem</strong></span> <span class='ocrx_word' id='word_1_321' title='bbox 1064 4048 1184 4113; x_wconf 88' lang='lat' dir='ltr'><strong>ibidem</strong></span> 
     </span>
    </p>
   </div>
   <div class='ocr_carea' id='block_1_5' title="bbox 0 0 1524 4774">
    <p class='ocr_par' dir='ltr' id='par_1_6' title="bbox 0 0 1524 4774">
     <span class='ocr_line' id='line_1_36' title="bbox 0 0 1524 4774; baseline 0 0"><span class='ocrx_word' id='word_1_322' title='bbox 0 0 1524 4774; x_wconf 95' lang='lat' dir='ltr'><strong> </strong></span> 
     </span>
    </p>
   </div>
  </div>
 </body>
</html>
