3142 4774
296 366 344 452 46
616 367 664 433 M.
691 367 729 432 Τ.
758 363 1036 432 CICERONIS
1081 438 1084 447 ,

294 465 500 587 pidiiatem,
519 500 560 557 ut
582 480 749 582 aliquos6
768 507 906 555 summa
927 481 1161 554 decumarum
1179 490 1356 576 vinceret,

293 596 515 671 acerbiorem
535 596 668 694 legem,
689 592 832 665 duriora
853 591 969 665 edicta
986 594 1259 692 interposuerit,
1276 623 1356 670 om-

292 713 394 780 nium
419 710 645 805 superiorum
664 705 912 796 auctoritatem
932 705 1143 802 repudiarit.
1161 711 1296 807 Magno
1316 726 1356 781 tu

293 819 464 892 decumas
493 814 694 888 vendidisti.
721 813 835 905 Quid,
861 815 892 885 si
917 813 1051 903 doceo,
1076 830 1112 886 te
1139 841 1216 889 non
1236 820 1357 891 miuus

294 929 444 1003 domum
464 942 565 999 tuum
586 927 769 1011 avertisse,
787 948 897 1020 quum
915 929 1066 996 Romam
1088 929 1227 1000 misisse
1245 928 1356 1001 decu·

294 1064 433 1111 marum
447 1035 615 1107 nomine?
631 1032 721 1132 quid
735 1032 840 1104 habet
853 1034 1028 1132 populare
1041 1038 1133 1107 ratio
1148 1052 1225 1128 tua,
1240 1064 1356 1136 quum

294 1174 338 1221 ex
364 1146 551 1246 provincia
576 1143 704 1242 populi
726 1146 864 1215 romani
890 1168 1031 1240 mquam
1055 1159 1195 1242 partem
1224 1161 1264 1217 tu
1289 1146 1356 1219 tibi

292 1259 508 1354 sumpseris,
529 1269 638 1353 atque
664 1253 799 1352 populo
824 1277 977 1325 romano
1004 1255 1163 1327 miseris?
1186 1257 1302 1347 Quid,
1324 1259 1356 1328 si

293 1366 434 1439 duabus
449 1364 612 1464 partibus
625 1362 740 1436 doceo
755 1379 787 1435 te
799 1364 955 1462 amplius
967 1361 1143 1439 frumeuti
1155 1366 1355 1455 abstulisse,

293 1501 404 1575 qnam
421 1475 561 1574 populo
580 1498 731 1546 romano
746 1474 907 1549 misisse?
926 1489 1094 1546 tamenne
1112 1492 1281 1574 putamus
1295 1502 1355 1576 pa·

293 1602 441 1659 tronum
456 1600 560 1656 tuum
573 1585 613 1655 iu
627 1584 698 1656 hoc
711 1587 858 1656 crimine
875 1586 1090 1656 cerviculam
1102 1587 1355 1682 jactaturum&

294 1712 331 1768 et
354 1695 491 1794 populo
514 1719 552 1766 se
574 1720 615 1766 ac
643 1690 804 1767 coronae⁸
830 1692 1023 1765 daturum?
1046 1699 1128 1766 Haec
1147 1721 1212 1767 vos
1228 1711 1355 1785 antea,

290 1803 446 1902 judices,
465 1801 629 1891 audistis3
652 1826 775 1875 verum
797 1803 946 1877 fortasse
971 1805 1019 1873 ita
1042 1804 1208 1891 audistis,
1228 1823 1269 1877 ut
1290 1831 1354 1877 au·

294 1930 431 1988 ctorem
446 1922 652 1983 rumorem⁹
667 1912 860 2001 haberetis,
876 1936 1156 2010 sermonemque
1169 1917 1352 1986 omnium:

294 2025 500 2123 cognoscite
518 2047 638 2109 nunc,
660 2019 961 2093 innumerabilem
983 2026 1174 2120 pecuniam
1192 2022 1354 2095 frumen-

293 2140 385 2209 tario
406 2135 555 2206 nomine
572 2147 750 2230 ereptum3
766 2146 807 2201 ut
824 2136 920 2202 simu
943 2142 974 2175 ¹⁰
993 2130 1089 2204 illam
1108 2158 1257 2231 quoque
1277 2135 1355 2230 ejus

292 2270 419 2319 vocem
438 2241 642 2342 improbam
659 2245 873 2341 agnoscatis,
899 2243 965 2339 qui
985 2266 1023 2313 se
1042 2267 1119 2312 uuo
1137 2259 1277 2340 quaestu
1291 2244 1353 2314 de·

292 2378 480 2425 eumarum
502 2357 625 2425 omnia
648 2378 713 2425 sua
733 2352 889 2451 pericula
907 2351 1184 2451 redempturum
1207 2378 1283 2425 esse
1301 2352 1353 2425 di-

292 2461 408 2535 eebat.

340 2577 418 2643 XX.
445 2569 620 2643 Audimus
648 2571 718 2642 hoc
738 2570 899 2665 jamdiu,
920 2570 1088 2666 judiees:
1112 2595 1206 2668 nego
1229 2595 1354 2668 quem-

326 2813 351 2860 6.
365 2814 396 2859 Ut
407 2812 511 2876 aliquos.
524 2814 560 2861 Ut
570 2812 664 2877 pluris,
677 2826 747 2876 quim
755 2825 797 2858 ee·
844 2811 922 2859 oratio
933 2811 1013 2876 neeipi
1026 2821 1051 2858 et
1063 2808 1167 2875 intelligi
1180 2788 1274 2874 ponet.¹
1284 2810 1355 2859 Simi-

291 2892 337 2939 teri
346 2899 479 2955 pretores,
490 2888 603 2939 decumus
612 2890 731 2939 venderet.
842 2887 897 2935 liter
907 2886 970 2935 dixit
980 2904 1027 2952 pro
1039 2887 1123 2936 Flucco
1131 2923 1138 2947 ,
1147 2906 1172 2939 e.
1185 2893 1235 2940 28:
1249 2912 1260 2934 ι
1268 2908 1283 2938 ι
1289 2890 1355 2953 judi·

327 2988 351 3033 7.
372 2969 522 3019 &miculam
535 2969 699 3033 jactaturum.
718 2970 799 3032 Cnput
843 2966 913 3014 cibus
923 2969 1002 3016 ontio
1010 2969 1137 3029 evertitur,
1144 2971 1229 3018 voxin
1239 2986 1355 3021 uommm

291 3050 396 3099 molliter
407 3048 552 3097 inflexum
564 3049 590 3095 iu
607 3048 675 3098 hune
688 3059 710 3096 et
728 3047 799 3097 illum
841 3044 986 3111 turbamque
1008 3046 1177 3097 effunditur».
1198 3050 1240 3099 sie
1262 3052 1354 3116 opum

291 3128 426 3175 humerum.
444 3127 510 3174 Illud
526 3126 644 3189 estquod
661 3128 729 3175 Oret.
747 3128 796 3183 18,
842 3125 1354 3192 explieuntLemb.J.Lips.Grmv.Er-nest.

292 3228 305 3247 κ
318 3204 446 3252 mollitiam
470 3203 592 3251 corvinum
605 3225 618 3245 n
635 3203 748 3269 appellnt.
770 3206 800 3251 ln
845 3208 926 3253 (iuret.
937 3204 1036 3256 Seht'itn.
1045 3208 1110 3256 Olim
1120 3208 1245 3271 legebatur
1254 3207 1304 3255 «nd
1313 3223 1355 3255 eo·

291 3284 423 3333 Hortensio
436 3293 516 3332 netem
529 3294 623 3346 gentum
643 3295 668 3331 et
678 3282 800 3337 notionem
843 3302 929 3335 nouum
939 3308 966 3347 ι,
980 3286 1011 3334 de
1021 3302 1072 3350 quo
1081 3287 1164 3350 inepta
1176 3286 1241 3333 dixit
1252 3287 1353 3334 Hotom.

289 3362 378 3428 inpius
395 3363 467 3411 tutuo
489 3361 634 3427 reprehensa
655 3363 749 3415 Gellius
775 3375 800 3411 et
879 3364 1355 3428 eductorenmmuremdiedeolil,

290 3442 455 3506 Quintilianus
468 3440 555 3505 puerim
567 3450 691 3491 testantur.
844 3445 922 3509 anihil
934 3455 1023 3510 praeter
1036 3443 1148 3491 nuditum
1158 3443 1273 3492 hebere».

325 3523 353 3572 8.
371 3520 472 3571 comm
484 3519 800 3585 daummneopnmtos
882 3539 921 3572 ro.
942 3525 974 3570 Ue
985 3522 1065 3572 sunni
1084 3525 1118 3571 Ut
1130 3524 1268 3588 moneatis
1282 3525 1354 3572 istum

288 3616 405 3657 menum,
425 3599 442 3647 i.
460 3615 482 3647 e.
498 3597 662 3649 multitudiuis
679 3611 800 3651 oratorem
843 3601 1044 3650 nouminurvere
1053 3618 1125 3665 quum
1138 3602 1354 3667 improbefflnine,
1378 3634 1382 3649 .

289 3679 467 3730 circumstantie
480 3678 591 3742 plausus,
610 3681 746 3729 mdswn
759 3698 800 3731 nc·
843 3678 976 3743 siquuudo
990 3681 1014 3728 in
1023 3680 1146 3741 judiciuin
1164 3693 1311 3742 roderetur,
1329 3698 1355 3729 ee

288 3759 730 3819 eommodnturum.0ntureseuim,ei
740 3761 799 3826 quid
842 3760 900 3809 setis
905 3757 1023 3822 grnndem
1030 3762 1159 3825 pecuniam
1167 3760 1255 3809 hebere
1265 3778 1294 3810 ex
1302 3777 1354 3808 uno

288 3832 407 3903 populere
419 3838 528 3887 dieerent
547 3837 572 3885 in
586 3855 636 3903 qun
651 3841 799 3904 triumphare
842 3840 886 3888 illo
909 3837 1065 3887 deemrnm
1087 3852 1196 3903 qnaeetu,
1215 3852 1244 3887 ut
1259 3839 1354 3902 judiees

287 3932 372 3964 eornm
385 3916 465 3964 ontio
478 3927 572 3979 pooiet,
584 3931 726 3969 eonvertere
738 3935 764 3965 se
773 3930 799 3966 et
818 3936 824 3947 ·
842 3928 1023 3982 corrumperet,
1038 3929 1063 3966 et
1082 3918 1244 3967 damnetiunis
1256 3919 1354 3983 perieu-

285 3995 408 4061 upplieete
417 3994 449 4042 ed
457 3993 623 4047 dmnmlunm
636 3997 723 4062 populi
735 3997 797 4044 mul·
841 3999 893 4047 lum
906 3997 1026 4047 entem.
1042 3999 1098 4046 Hoc
1110 3998 1136 4045 in
1150 3998 1206 4047 loeo
1220 3999 1294 4047 falens
1304 4009 1355 4057 eet,

285 4074 416 4123 titudinem
428 4072 552 4135 solebent,
562 4076 651 4138 qnoeh
664 4077 695 4123 iis
710 4077 796 4125 melius
840 4078 942 4142 opinor,
956 4077 1056 4141 gallicus
1064 4077 1190 4141 interpres.
