3186 4772
313 398 384 472 300
585 348 590 363 ’
632 404 681 472 u.
706 399 746 473 r.
772 400 1054 473 crcanorns

305 535 411 612 sunt,
430 545 567 594 merere
585 523 714 613 vette⁴,
738 539 779 595 ut
801 523 847 595 ab
869 526 920 595 eis
945 544 1146 593 marmorea
1165 523 1292 596 Venus
1310 525 1370 598 illa

307 629 515 703 auferatur?
546 631 635 729 quid
663 637 895 720 Tarentinos,
920 646 963 703 ut
992 636 1177 730 Europam
1203 636 1243 702 in
1267 647 1372 707 tauro

308 740 497 812 amittant?
524 756 565 813 ut
587 745 773 839 Satyrum,
797 744 862 841 qui
885 738 983 839 apud
1001 739 1084 812 illos
1101 743 1140 811 in
1161 739 1237 811 aede
1257 747 1372 814 Vestae

309 852 389 931 est?
413 866 455 923 ut
481 853 625 923 cetera?
645 850 734 949 quid
760 852 1018 951 Thespienses,
1048 863 1089 920 ut
1115 848 1304 947 Cupidinis
1326 853 1373 922 si-

230 1014 235 1025 ,
309 984 443 1057 gnum,
465 974 615 1058 propter
638 961 739 1058 quod
760 987 877 1033 unum
898 961 1064 1031 visuntur
1082 958 1268 1057 Thespiae?
1282 960 1373 1057 quid

225 1156 228 1161 Ι
310 1067 477 1158 Cnidios,
490 1085 532 1141 ut
549 1073 726 1142 Venerem
740 1065 1025 1142 marmoream⁵?
1042 1067 1147 1165 quid,
1164 1081 1205 1139 ut
1218 1071 1371 1165 pictam,

311 1178 524 1275 Coos?quid
536 1177 1051 1278 Ephesios,utAlexandrum?
1063 1175 1382 1275 quidCyziceuos,

309 1301 352 1359 ut
372 1288 534 1382 Ajacem,
553 1303 616 1361 aut
634 1289 821 1361 Medeam?
838 1286 927 1387 quid
944 1285 1121 1374 Rhodios,
1137 1300 1178 1359 ut
1193 1284 1373 1382 Ialysum?

251 1407 252 1411 ’
310 1396 400 1493 quid
413 1397 667 1486 Athenienses,
685 1415 727 1471 ut
739 1424 785 1471 ex
796 1422 976 1470 marmore
989 1395 1179 1484 Iachhum,
1198 1401 1373 1468 autPara·

309 1506 387 1579 lum
405 1510 563 1606 pictum,
580 1524 643 1581 aut
661 1533 706 1582 ex
722 1535 791 1582 aere
812 1509 976 1607 Myronis
997 1506 1188 1578 buculam?
1206 1510 1372 1602 Longum

311 1631 389 1706 est,
413 1632 449 1689 et
472 1644 549 1691 nou
570 1621 831 1707 necessarium,
855 1640 1156 1702 commemorare,
1175 1639 1257 1712 quae
1277 1614 1374 1712 apud

311 1751 477 1825 quosque
490 1730 635 1803 visenda
648 1745 735 1802 sunt
746 1743 822 1801 tota
834 1730 916 1800 Asia
927 1741 963 1798 et
976 1731 1112 1799 Graecia
1123 1752 1131 1796 :
1144 1749 1271 1831 verum
1285 1723 1373 1796 illud

312 1849 388 1924 est,
408 1838 645 1935 quamobrem
670 1840 746 1911 haec
764 1834 1117 1925 commemorarimss,
1138 1833 1240 1932 quod
1260 1836 1379 1907 existi·

311 1967 413 2017 mare
434 1970 499 2018 vos
520 1946 590 2019 hoc
617 1948 718 2036 volo,
737 1951 871 2018 mirum
891 1946 1088 2044 quemdam
1107 1935 1272 2040 dolorem
1288 1948 1377 2016 acci·

311 2078 398 2153 pere
419 2081 502 2145 eos,
522 2082 568 2128 ex
585 2082 744 2156 quorum
766 2055 920 2129 urbibus
937 2056 1012 2128 haec
1031 2053 1253 2128 auferantur.

356 2168 449 2237 LXI.
469 2173 605 2266 Atque,
622 2184 663 2240 ut
679 2183 818 2241 ceteros
834 2170 1078 2254 omittamus¹,
1096 2164 1142 2237 de
1163 2166 1250 2263 ipsis
1271 2166 1376 2260 Syra-

311 2275 452 2346 cusanis
472 2281 700 2374 cognoscites
716 2277 761 2352 ad
780 2301 873 2375 quos
894 2301 964 2374 ego.
979 2299 1092 2373 quum
1112 2275 1309 2359 venissem,
1325 2276 1376 2345 sic
1411 2298 1420 2316 ¹
1511 2276 1527 2301 ’·

308 2384 427 2479 primo
446 2385 709 2475 existimabam,
726 2402 768 2462 ut
786 2393 909 2459 Romae
922 2411 966 2460 ex
980 2387 1083 2458 istius
1096 2386 1218 2457 amicis
1231 2408 1375 2482 accepe·
1421 2462 1425 2467 ,

311 2515 406 2580 ram,
428 2494 606 2569 civitatem
628 2501 902 2593 Syracusanam,
925 2511 1075 2594 propter
1097 2493 1249 2567 Heraclii
1270 2493 1374 2564 here·

312 2597 498 2691 ditatem²,
517 2628 593 2675 non
611 2606 729 2684 minus
740 2630 817 2678 esse
835 2608 894 2678 isti
908 2609 1076 2696 amicam,
1093 2628 1202 2703 quam
1220 2606 1374 2674 Mamer·

349 2796 376 2847 4.
389 2792 483 2839 Herere
493 2791 564 2843 velle.
570 2795 627 2856 Quo
640 2794 720 2860 pretio
730 2793 823 2843 adduci
865 2796 918 2856 111,
926 2794 1136 2853 nt,-Paralnrrr.
1145 2796 1170 2842 Is
1178 2803 1215 2841 est
1227 2791 1272 2856 qui
1282 2790 1375 2856 primus

312 2883 386 2933 posse
396 2869 521 2935 Rheginos
533 2872 824 2922 arbitremini-Versus
865 2872 939 2938 longa
952 2890 1015 2923 nere
1034 2874 1158 2937 mviyssss
1177 2871 1276 2920 dieitur.

313 2945 359 2996 illa
372 2947 508 3014 auserasur.
527 2951 589 3000 Mss
606 2952 655 3000 lere
676 2968 761 3000 omnes
778 2950 823 2998 ha·
902 2953 928 3001 6.
949 2951 1171 3002 Commensorerirrs.
1192 2951 1288 3000 Ernest.
1312 2963 1375 2996 eom·

314 3025 413 3076 bentrre
424 3041 482 3092 post
500 3029 624 3095 illa,quss
636 3048 695 3080 vero
707 3048 759 3080 vox
772 3046 824 3078 om·
867 3049 1003 3081 memorem.
1017 3033 1042 3081 J.
1059 3034 1090 3080 V.
1105 3033 1133 3080 la.

313 3107 374 3153 nino
385 3107 505 3157 redundat
512 3143 520 3167 ,
528 3120 553 3157 et
561 3112 649 3174 optimi
659 3113 749 3176 quique
758 3126 824 3159 com·
852 3156 864 3171 N
903 3114 970 3163 tn.
981 3108 1375 3175 arsqueureesrosomteamas.

314 3196 460 3234 meutstores
476 3188 630 3249 rejiciendam
648 3190 823 3250 decreverunt,
867 3191 958 3242 Ultima
970 3206 1026 3256 pers
1039 3199 1075 3237 eet
1096 3188 1169 3249 hujus
1181 3188 1315 3244 orationis,
1327 3202 1374 3250 qm

316 3278 380 3328 quos
390 3266 487 3327 sequuti
497 3283 587 3318 sumus.
866 3269 1068 3334 injurissquibos
1079 3268 1166 3314 Verres
1174 3277 1284 3313 muttum
1293 3264 1374 3312 affecit
1474 3288 1492 3311 .=

353 3341 377 3390 5.
396 3346 513 3392 Venerem
527 3362 700 3395 marmoream.
720 3347 764 3395 Est
782 3346 823 3395 ille
867 3357 1054 3408 commemoret,
1073 3356 1196 3394 uteorum
1215 3343 1373 3392 Mamertino·

316 3423 400 3470 Venus
418 3431 485 3471 tants
505 3424 646 3472 Nicomedis
664 3424 823 3473 estimatione
866 3440 968 3491 rumque
977 3424 1048 3473 simul
1057 3424 1134 3471 elevet
1144 3420 1319 3470 laudationem.

315 3500 728 3566 nobilitsts.—Coos.Loquiturhic
741 3515 823 3552 orator
904 3519 927 3552 s.
953 3507 1055 3565 Propter
1075 3500 1184 3549 Heraclii
1205 3499 1373 3548 hereditatem.

315 3579 347 3630 ds
365 3582 461 3629 Venere
474 3577 516 3630 illa
529 3598 602 3646 qnam
614 3581 751 3633 inchoatam
767 3582 822 3631 reli·
866 3586 895 3631 In
907 3581 971 3630 libro
985 3582 1009 3627 11
1022 3580 1133 3627 Aetionis
1160 3579 1272 3631 secunde
1292 3576 1374 3626 Verris

314 3662 369 3725 quit
377 3660 487 3727 Apelles,
500 3677 576 3725 quum
584 3677 650 3710 mors
664 3677 719 3710 eom
732 3664 821 3728 rapuit.
866 3676 961 3715 omnem
974 3659 1038 3708 hanc
1048 3660 1169 3708 infamiam
1182 3658 1301 3723 explicuit
1310 3692 1317 3715 ,
1326 3671 1375 3719 qus

314 3740 535 3789 -Alexarrdrurrn
548 3740 615 3789 Iseb
629 3740 715 3806 Apelle
729 3742 821 3804 pietus,
865 3738 920 3791 urbi
942 3738 1101 3788 hereditatem
1129 3736 1242 3786 Heraclio
1268 3736 1374 3784 debitam

314 3818 406 3867 fulmen
419 3837 491 3869 msuu
503 3832 588 3870 tenens
596 3821 622 3871 iu
636 3820 727 3886 templo
740 3821 821 3885 Ephe·
865 3817 1021 3867 condonavit.
1031 3818 1089 3866 Non
1098 3818 1172 3881 gratis
1181 3814 1295 3880 quidem
1308 3829 1375 3860 nrm·

315 3897 357 3945 site
368 3899 459 3948 Dirum.
468 3924 502 3937 -
510 3901 624 3963 Ialysum.
636 3902 697 3949 Eum
706 3902 823 3961 Protoge·
865 3897 968 3961 quehoo
976 3897 1086 3945 beneficii
1096 3896 1208 3957 nomlne,
1217 3893 1248 3942 ab
1257 3895 1287 3941 iis
1298 3894 1374 3955 signa,

317 3991 360 4022 nes
372 3975 464 4037 pinxit,
486 3989 626 4042 septemque
641 3982 667 4026 in
686 3994 761 4041 opere
777 3976 822 4023 illo
864 3974 959 4024 tabulas
971 3976 1066 4041 pietas,
1081 3992 1183 4040 vasaque
1197 3985 1221 4023 et
1238 3982 1374 4025 toreumata
1455 3973 1460 3985 '

316 4066 392 4101 annot
404 4056 563 4117 consumpsit.
583 4056 677 4118 Ialysus
694 4055 760 4102 Solis
778 4070 821 4101 ue-
865 4054 994 4119 saepissime
1006 4055 1100 4118 exegit,
1113 4065 1138 4102 et
1156 4071 1204 4102 una
1216 4052 1256 4100 die
1268 4049 1323 4099 ll·S
1344 4066 1374 4097 ce

315 4139 577 4197 poserat,uttsstatur
585 4132 821 4184 efferauerant).
865 4133 948 4185 millia.
972 4135 1056 4198 ltaque
1075 4133 1135 4182 irata
1151 4132 1188 4180 illi
1206 4129 1374 4181 infestissima·
