3200 4768
309 379 380 465 ⁴264
631 384 680 450 Μ.
705 385 742 449 Τ.
770 382 1047 453 CICERONIS

306 516 417 572 ratur.
431 504 523 571 Tum
537 502 625 571 iste:
642 503 761 591 Quam
774 502 864 571 mihi
877 501 1086 598 religionem
1101 503 1246 574 narras?
1260 529 1370 602 quam

305 610 478 709 poenam?
499 636 608 707 quem
632 613 821 681 senatum?
846 615 967 682 vivum
990 627 1026 681 te
1048 637 1125 682 nou
1147 613 1371 711 relinquam

307 722 459 790 moriere
483 720 607 816 virgis,
624 721 692 789 nisi
716 721 857 816 signum
878 720 1041 791 traditur.
1065 726 1217 819 Sopater
1236 727 1370 796 iterum

305 830 395 902 flens
413 830 458 901 ad
478 846 642 902 senatum
661 829 772 903 refert
787 832 889 902 istius
908 831 1158 930 cupiditatem,
1179 836 1369 933 minasque

305 941 535 1013 demonstrat.
558 944 710 1012 Senatus
728 946 880 1039 Sopatro
897 965 1112 1040 responsum
1131 943 1273 1014 nullum
1288 947 1368 1033 dat,

305 1050 368 1121 sed
391 1065 595 1122 commotus
617 1046 922 1149 perturbatusque
942 1050 1101 1122 discedit.
1125 1052 1189 1123 llle
1206 1057 1368 1152 praetoris

304 1163 493 1232 arcessitus
509 1161 657 1248 nuntie,
669 1185 746 1232 rem
764 1159 1024 1232 demonstrata:
1040 1176 1147 1258 negat
1163 1162 1237 1234 ullo
1254 1165 1364 1236 modo

304 1268 390 1345 fieri.
403 1274 518 1370 po'sse.
1254 1278 1258 1285 ’

351 1386 422 1452 XL.
453 1386 571 1480 Atque
599 1381 675 1453 haec
700 1381 814 1477 (nihil
837 1385 934 1452 enirn
954 1381 1300 1478 praetermittendum
1319 1381 1365 1454 de

302 1494 406 1561 istius
437 1492 659 1589 impudentia
691 1489 854 1587 videtur)
889 1490 1089 1589 agebantur
1117 1494 1155 1561 iu
1186 1508 1367 1564 conventu

302 1600 420 1697 palam
433 1611 458 1690 ¹,
486 1600 530 1672 de
556 1602 662 1690 sella,
684 1627 725 1673 ac
749 1600 795 1673 de
817 1602 897 1673 loco
918 1604 1115 1700 superiore.
1142 1608 1226 1674 Erat
1253 1604 1368 1675 hiems

195 1712 203 1721 '
302 1735 461 1799 summa3
491 1726 708 1810 tempestas,
733 1726 774 1782 ut
802 1713 920 1808 ipsum
949 1715 1142 1809 Sopatrum
1167 1711 1287 1783 dicere
1308 1738 1368 1783 au·

303 1820 423 1904 (listis,
447 1820 656 1918 perfrigida3
676 1820 792 1892 imber
814 1822 1015 1893 maximus:
1035 1846 1149 1919 quum
1168 1823 1235 1893 istc
1257 1823 1368 1920 impe·

301 1946 356 2003 rat
376 1931 584 2021 lictoribus,
610 1922 651 2001 ut
676 1936 868 2027 Sopatrum
890 1929 935 2001 de
956 1934 1116 2028 porticu,
1138 1934 1268 2027 inqua
1289 1934 1366 2028 ipse

301 2041 467 2127 sedebat,
490 2044 734 2140 praecipitem²
756 2043 792 2110 in
809 2040 928 2112 forum
945 2041 1130 2137 dejiciant,
1152 2040 1365 2139 nudumque

302 2155 534 2225 constituant.
563 2157 633 2223 Vix
658 2166 735 2224 erat
758 2152 829 2222 hoc
851 2151 958 2249 plane
979 2148 1230 2249 imperatum³,
1251 2175 1365 2248 quum

301 2263 404 2335 illum
440 2264 658 2362 spoliatum,
699 2265 943 2361 stipatumque
985 2260 1174 2333 lictoribus
1215 2260 1364 2334 videres.
1430 2268 1433 2273 ’

303 2377 441 2445 Omnes
454 2375 538 2444 ideo
553 2372 748 2471 putabant,
763 2387 805 2443 ut
820 2374 929 2443 miser
943 2386 1052 2469 atque
1068 2373 1242 2443 innocens
1260 2374 1367 2470 virgis

302 2481 497 2552 cederetur
517 2508 525 2550 :
552 2479 678 2551 fefellit
700 2481 778 2553 haec
802 2481 969 2552 homines
996 2483 1146 2579 opinio:
1168 2485 1274 2579 virgis
1300 2485 1365 2553 iste

301 2589 475 2662 canderetl
507 2593 584 2662 siue
613 2616 719 2661 causa
751 2593 891 2662 socium
916 2591 1044 2690 populi
1071 2594 1231 2670 romani,
1256 2607 1363 2689 atque

302 2702 479 2771 amicum?
506 2704 588 2772 Non
615 2716 809 2797 estusque
836 2727 880 2772 eo
908 2700 1114 2798 improbus;
1143 2726 1217 2772 non
1243 2703 1365 2772 omnia

303 2826 389 2882 sunt
407 2812 445 2882 in
463 2836 508 2882 eo
527 2836 602 2882 uno
616 2813 719 2898 vitia;
735 2833 934 2907 numquam
952 2808 1019 2880 fuit
1035 2811 1213 2882 crudelis:
1236 2810 1366 2882 leniter

339 3033 363 3081 7.
375 3022 435 3068 Rem
447 3019 603 3067 demonstrat.
618 3019 648 3069 Id
660 3030 712 3080 eet,
731 3029 812 3069 narrat
855 3030 902 3064 nea
918 3031 985 3063 more
1000 3018 1186 3080 magistratuum
1203 3030 1366 3073 romanorum.

300 3098 410 3162 praetori,
420 3114 445 3145 re
457 3096 488 3144 ad
501 3110 609 3145 renatum
623 3098 711 3145 iterum
725 3097 813 3157 delata,
892 3109 917 3142 a.
937 3094 1087 3159 Proecipt'tem
1105 3095 1129 3142 iu
1138 3093 1225 3159 joarim
1240 3094 1364 3160 dejiciant.

242 3196 245 3205 ·
302 3176 371 3223 nullo
383 3177 459 3224 modo
472 3176 533 3224 illud
545 3176 599 3223 lieri
609 3194 694 3241 posse3
704 3188 813 3225 renatum
856 3173 886 3222 ld
898 3184 947 3232 eet,
964 3173 1133 3239 inopinantem
1145 3173 1265 3221 lusorum
1278 3160 1365 3238 raptim

302 3255 360 3305 dato
373 3254 442 3302 nullo
451 3271 569 3319 responso
577 3256 812 3321 diecaeaieee:itaque
856 3251 1022 3302 detruderent.

302 3351 353 3385 nou
365 3333 438 3380 licere
451 3334 474 3381 ei
483 3344 585 3382 statuam
596 3335 662 3382 illam
674 3351 688 3382 e
699 3334 755 3383 rede
769 3353 812 3384 sua
891 3333 917 3381 ³.
942 3333 1020 3380 Plane
1040 3331 1193 3395 imperatum.
1213 3329 1289 3379 Multi
1305 3329 1363 3378 edd.

302 3412 438 3463 deturbare.
453 3414 550 3475 Quanta
564 3414 636 3461 fuerit
648 3416 758 3477 praetoris
772 3431 812 3462 aa·
853 3409 929 3474 plane
938 3411 1013 3458 etiam
1024 3410 1175 3474 imperatum.

302 3492 371 3542 dacia
388 3491 446 3539 inde
458 3491 528 3539 facile
541 3501 617 3556 patet,
628 3493 671 3555 qui
680 3508 732 3541 non
743 3503 810 3541 tanto
891 3497 916 3545 4.
940 3489 1018 3553 Virgis
1034 3488 1081 3537 iste
1099 3489 1363 3538 ooederet.1moioeira

301 3571 462 3637 Tyndaritani
474 3582 571 3619 senatus
579 3572 606 3618 iu
618 3573 699 3636 iprum
710 3588 812 3621 comem
854 3569 964 3615 Verreru.
978 3565 1037 3615 Inde
1057 3578 1147 3630 quauta
1168 3569 1241 3616 fuerit
1253 3568 1365 3634 praetoria

301 3671 331 3703 su
340 3664 493 3711 commotus,
502 3666 553 3699 nou
562 3668 575 3697 a
583 3651 711 3716 proposito
722 3647 812 3701 lancee
855 3644 986 3694 erudelitas
992 3645 1095 3693 maxime
1103 3658 1214 3710 tpparett
1223 3647 1366 3713 quippequi

302 3736 370 3782 mit,
855 3735 906 3772 arte
923 3725 995 3772 etiam
1011 3727 1038 3772 in
1051 3725 1175 3789 supplicio
1194 3726 1316 3789 exigendo
1334 3727 1366 3772 eit

336 3806 389 3853 XL.
405 3820 427 3853 r.
439 3807 469 3851 ln
479 3813 595 3851 corvem
603 3802 700 3867 palam.
714 3805 743 3850 In
755 3804 811 3852 foro
854 3819 924 3863 neum
939 3818 990 3851 noo
1014 3804 1079 3853 enim
1091 3803 1205 3852 usitatum
1225 3804 1365 3869 boopoeuae

302 3883 488 3945 Tyndaritano,
509 3882 554 3930 nbi
570 3898 646 3947 quum
664 3894 752 3948 proter
771 3884 812 3943 jue
855 3898 931 3947 grone
944 3883 1138 3940 antoninam
1157 3882 1287 3947 perfrigida
1300 3892 1366 3930 tem·

300 3962 479 4010 dioeoerolitur
491 3963 811 4025 eureunegotiatoreeoon·
855 3972 947 4028 pestate
965 3962 1059 4011 uadum
1080 3963 1106 4010 iu
1129 3978 1195 4011 aenea
1214 3971 1291 4010 statua
1308 3957 1365 4007 reli-

300 4040 383 4087 reuiae
411 4050 593 4086 consueverant.
615 4064 650 4076 -
676 4042 714 4085 De
742 4039 810 4087 sella.
858 4056 914 4105 gare
927 4076 934 4098 ,
947 4041 1087 4090 divertentis
1100 4041 1231 4099 cruribus,
1246 4038 1365 4102 simulque

303 4116 387 4167 Stabat
409 4115 474 4163 enlm
495 4118 584 4166 Vorm
609 4117 636 4163 ln
662 4117 719 4164 tell!
740 4115 812 4163 ebur·
856 4119 964 4186 praehm
978 4122 1063 4169 oglerio
1080 4120 1249 4171 deridendum.
