3116 4774
356 414 425 487 516
671 417 719 484 M.
744 418 782 483 T.
810 418 1103 487 CICERONIS

353 560 453 625 cere,
474 549 612 633 quanto
627 535 693 606 ista
712 538 757 606 sit
771 542 957 635 angustior
971 539 1205 635 iniquiorque
1220 533 1397 608 defensio
1409 548 1451 623 ²,

354 674 464 747 quam
480 650 509 723 si
526 648 586 719 ilia
598 661 756 718 uterere:
771 678 788 712 ι(
803 652 885 721 Non
901 646 1048 720 fuerunt
1062 650 1208 735 armati;
1222 671 1308 718 cum
1322 642 1448 718 fusti·

354 759 424 831 bus
448 773 485 831 et
508 759 600 829 saris
625 756 809 829 fuerunt».
836 760 872 829 Si
895 759 1102 831 mehercule
1128 757 1236 846 mihi,
1262 782 1340 828 non
1365 782 1441 829 co·

354 872 460 969 pioso
493 864 657 939 homini³
691 866 736 938 ad
764 866 979 955 dicendum,
1008 871 1111 965 optio
1142 867 1264 953 detur,
1294 881 1440 938 utrum

353 980 475 1054 malim
494 975 709 1065 defendere,
731 1002 809 1049 nou
830 1002 908 1050 esse
930 977 1111 1072 dejectum
1131 1002 1233 1064 euru,
1254 977 1317 1047 cui
1331 980 1371 1045 vi
1396 991 1440 1047 et

354 1093 461 1162 armis
490 1084 706 1186 ingredienti
737 1088 784 1158 sit
813 1111 1028 1176 occursum,
1058 1112 1128 1174 an,
1161 1098 1319 1156 armatos
1345 1110 1435 1156 non

354 1198 463 1272 fuisse
478 1221 559 1286 eos,
577 1197 641 1294 qui
660 1197 737 1268 sine
754 1199 864 1268 scutis
887 1221 929 1269 ac
953 1199 1030 1269 sine
1050 1195 1146 1269 ferro
1164 1194 1318 1283 fuerint;
1341 1220 1434 1266 orn-

353 1315 443 1381 nino
458 1306 504 1380 ad
520 1305 749 1407 probandum
769 1319 961 1404 utramque
982 1331 1059 1380 rem
1078 1305 1218 1377 videam
1236 1302 1431 1375 infirmam

355 1421 654 1516 nugatoriamque
678 1414 787 1505 essef,
808 1416 854 1489 ad
870 1416 1066 1490 dicendum
1083 1412 1227 1488 autem⁵
1248 1417 1286 1486 in
1308 1415 1431 1486 altera

352 1526 475 1599 videar
488 1525 580 1595 mihi
591 1523 727 1622 aliquid
740 1528 898 1624 reperire
913 1551 1037 1627 posse,
1049 1551 1126 1598 nou
1140 1524 1249 1597 fuisse
1263 1538 1428 1596 armatos

353 1661 434 1720 eos,
452 1637 516 1733 qui
534 1659 654 1732 neque
672 1633 757 1708 ferri
771 1637 991 1735 quidquam,
1010 1659 1129 1734 neque
1146 1650 1288 1707 scutum
1303 1635 1427 1705 ullum

352 1743 570 1833 habueriut;
591 1745 650 1818 hic
675 1771 761 1818 vero
788 1747 963 1832 haeream,
988 1749 1018 1818 si
1036 1743 1127 1817 mihi
1147 1743 1425 1817 defendendum

354 1857 423 1945 sit,
445 1879 551 1945 eum,
579 1857 643 1953 qui
669 1855 796 1953 pulsus
822 1856 1038 1954 fugatusque
1064 1857 1132 1945 sit,
1154 1881 1229 1927 non
1256 1880 1335 1927 esse
1357 1854 1425 1926 de·

352 1978 502 2060 jectum.

402 2081 521 2174 Atque
544 2074 635 2148 iilud
660 2072 699 2147 in
724 2089 800 2147 tota
828 2074 1039 2149 defensione
1064 2091 1125 2147 tua
1148 2076 1424 2169 mihimaxime

352 2188 486 2257 mirum
511 2185 714 2276 videbatur,
730 2201 767 2258 te
785 2188 923 2276 dicere,
936 2186 1277 2285 jurisconsultorum
1295 2200 1422 2256 aueto-

351 2299 447 2368 ritati
466 2295 710 2395 obtemperari
730 2322 807 2367 non
828 2313 1000 2396 oportere
1010 2296 1037 2368 ⁶.
1060 2295 1168 2388 Quod
1190 2320 1259 2394 ego
1278 2296 1417 2367 tametsi

353 2431 428 2477 non
444 2430 543 2476 nunc
560 2408 739 2502 primum,
756 2430 877 2503 neque
892 2409 930 2477 in
946 2407 1013 2479 hac
1027 2431 1132 2479 causa
1144 2407 1281 2490 solum,
1297 2403 1417 2489 audio,

353 2528 475 2584 tamen
499 2511 695 2583 admodum
718 2514 892 2604 mirabar,
915 2516 980 2588 abs
1002 2532 1038 2588 te
1060 2514 1298 2613 quamobrem
1321 2514 1417 2585 dice-
1516 2526 1517 2533 ’

351 2635 462 2692 retur.
480 2624 574 2693 Nam
593 2624 704 2692 ceteri
727 2636 803 2692 tum
820 2625 865 2695 ad
880 2626 984 2697 istam
1003 2625 1270 2697 hortationem⁷
1291 2624 1415 2695 decur-

387 2865 411 2897 α.
424 2844 566 2912 Anguseior,
575 2845 730 2911 iniquiorque
743 2846 861 2913 defensio.
907 2864 1017 2908 mutam,
1035 2850 1131 2899 videam
1148 2862 1276 2915 utramque
1293 2851 1413 2901 defusio-

350 2928 489 2994 Legendum
507 2927 609 2975 forum
630 2937 679 2987 ert,
699 2927 862 2991 «inaniorque
906 2944 962 2976 uem
981 2944 1068 2993 parum
1085 2930 1177 2989 vilem,
1193 2930 1290 2979 inanem
1301 2932 1373 2995 piane
1390 2945 1414 2980 et

350 3008 398 3056 def.
407 3031 419 3049 n
441 3007 525 3054 Lan.
544 3032 580 3043 -
596 3005 731 3070 Angustior
749 3015 785 3053 ert
806 3021 862 3069 que
905 3006 1033 3056 ridiculam
1045 3024 1106 3057 eote.
1117 3010 1278 3074 Nugatorius,
1289 3027 1335 3075 pm
1348 3013 1414 3059 Sext.

350 3076 485 3134 minuahte
494 3088 592 3148 patent,
603 3085 731 3149 minuique
741 3084 803 3146 juria
816 3082 861 3132 ha·
904 3087 980 3136 Rom.
992 3086 1075 3135 «malr
1084 3089 1260 3153 nugatoriaque
1267 3091 1388 3139 tornutio
1394 3114 1414 3132 ··

349 3164 414 3210 beat.
424 3162 488 3226 Top.
507 3182 518 3204 ι
529 3163 612 3225 Longe
621 3162 717 3226 iateque
732 3174 860 3228 ρει-νομὴ
905 3165 1005 3214 Putre.

351 3241 457 3304 augustia
480 3239 651 3303 anteponenda
673 3253 738 3289 tunt.
759 3243 863 3292 Videtur
944 3246 968 3293 5.
982 3242 1026 3290 Ad
1036 3243 1167 3292 timendum
1176 3255 1270 3294 mem.
1281 3246 1414 3310 Distinguit

352 3316 461 3380 spatiari,
487 3316 530 3363 nbi
550 3331 604 3365 non
623 3318 766 3366 conceditur
781 3341 802 3368 ι.
826 3321 863 3368 De
907 3321 1014 3370 dicerer
1025 3323 1148 3386 probare,
1168 3323 1237 3386 quod
1254 3324 1363 3389 probare
1381 3325 1413 3373 sit

352 3397 421 3443 Orat.
441 3394 480 3443 11:
503 3415 515 3435 ι
528 3394 637 3458 augentia
658 3396 864 3461 disputationibus
908 3412 1104 3465 argumentorum
1116 3414 1141 3450 et
1151 3403 1273 3463 vertum,
1286 3404 1365 3452 «doen
1376 3416 1412 3453 eat

354 3471 443 3539 illigari
452 3492 473 3519 ·.
483 3471 548 3521 infra
559 3473 709 3522 «verborum
717 3476 863 3538 augustino.
909 3480 1043 3528 calumnie.
1057 3482 1094 3527 De
1107 3483 1174 3529 Orat.
1185 3483 1212 3529 1:
1224 3502 1237 3523 α
1245 3482 1322 3530 Aliud
1336 3485 1413 3532 oratio

354 3550 465 3619 Iniquior
484 3561 566 3617 potent
585 3567 636 3600 eree
648 3552 756 3613 ejusdem
768 3553 862 3625 gignifi-
906 3557 1011 3611 videtur,
1026 3557 1094 3604 aliud
1106 3558 1253 3623 disputatio,
1268 3572 1293 3610 et
1303 3562 1412 3610 riiudlo·

354 3634 471 3688 cationis,
492 3643 521 3680 ut
535 3630 601 3697 apud
611 3632 698 3698 Virgil.
713 3656 725 3675 ι
734 3637 862 3700 spatioque
906 3637 964 3699 qui,
976 3635 1043 3683 eliud
1054 3636 1162 3685 dicerem

354 3713 421 3763 subit
433 3715 558 3777 Sergetion
575 3711 690 3776 iniquom.
940 3716 968 3763 h.
976 3715 1206 3765 intemeratorum
1217 3719 1357 3767 auctoritati
1368 3721 1411 3768 ot·

390 3794 413 3842 3.
439 3793 496 3839 Non
509 3790 615 3857 ⁸eopiosa
638 3788 739 3840 damini.
763 3793 863 3841 Oratori
906 3794 1048 3858 temperari,
1066 3806 1111 3843 eto.
1133 3797 1170 3844 De
1183 3796 1231 3845 hoc
1244 3798 1303 3847 vide
1317 3800 1412 3848 Etcum.

354 3888 405 3920 non
417 3871 529 3943 diserto,
546 3870 645 3936 proprie
659 3886 710 3919 nou
722 3870 801 3930 diviti,
811 3888 863 3921 non
906 3873 968 3920 XIV
980 3872 1013 3921 ed
1025 3873 1114 3922 calcem
1128 3874 1201 3936 hujus
1213 3876 1338 3925 orationis·

352 3948 495 3997 abundunti.
944 3953 1269 4012 7.Adistamhortationem
1276 3957 1411 4008 deamat,

386 4033 411 4079 t.
422 4026 651 4089 Adprobandum...
658 4028 863 4093 nugaton'mque
906 4028 974 4077 Nihil
984 4043 1067 4096 muto:
1088 4048 1119 4081 ue
1130 4033 1171 4082 hie
1184 4033 1284 4098 quiden
1304 4033 1413 4099 inteiligit

349 4116 407 4151 esse.
419 4100 459 4148 Ad
476 4103 639 4165 mumdum,
653 4103 684 4151 rd
699 4103 861 4153 obtinendum
905 4105 1082 4166 hortationem,
1102 4126 1150 4173 qur
1171 4111 1206 4159 illi
1225 4112 1337 4162 videlieet
1354 4112 1410 4162 hor-
