3116 4774
367 437 559 505 ORATIO
585 439 684 505 PRO
708 439 748 505 A.
773 439 989 508 CAECINA.
1138 437 1203 509 501

150 584 257 645 runi,
282 557 345 629 sed
372 581 464 654 saepe
490 555 645 628 clamore
670 560 749 655 ipso
772 556 964 647 militum³‚
987 574 1049 630 aut
1074 563 1207 633 instru-

151 671 292 754 ctione,
313 665 557 764 adspectuque
581 664 763 762 signoruni
787 692 933 765 magnas
951 672 1071 767 copias
1089 672 1208 766 pulsas

152 801 247 865 esse,
266 791 301 848 et
318 776 494 861 vidimus,
516 791 552 847 et
570 776 795 848 audivimus:
813 801 892 875 quae
910 778 962 847 vis
977 778 1014 846 in
1032 776 1129 848 bello
1145 804 1208 876 ap·

153 885 317 983 pellatur,
336 909 377 956 ea
394 888 433 955 in
446 889 522 955 otio
536 910 610 956 non
628 883 892 983 appellabitur?
911 901 965 974 et,
982 886 1080 983 quod
1100 887 1209 959 vehe-

152 1020 254 1067 mens
271 997 308 1065 in
330 1020 370 1066 re
391 994 535 1067 militari
555 1008 715 1094 putatur,
735 996 773 1067 id
792 995 868 1067 leve
890 996 928 1065 in
948 995 1031 1089 jure
1049 996 1141 1066 civili
1153 998 1211 1091 ju·

150 1104 352 1176 dicabitur?
370 1120 426 1193 et,
444 1105 545 1201 quod
569 1107 746 1177 exereitus
765 1118 920 1176 armatos
938 1118 1077 1195 moret,
1094 1104 1131 1175 id
1147 1106 1209 1177 ad·

149 1218 375 1286 vocationem
409 1228 612 1311 togatorum
644 1240 719 1285 non
754 1211 935 1287 videbitur
965 1216 1143 1285 movisse?
1174 1231 1211 1287 et

149 1322 279 1394 vulnus
301 1324 463 1419 corporis
481 1326 592 1418 magis
610 1324 713 1394 istam
732 1323 822 1411 vim,
839 1347 948 1419 quam
968 1337 1085 1394 terror
1100 1326 1210 1394 animi

149 1431 365 1504 declarabit?
391 1445 426 1501 et
451 1431 621 1501 sauciatio
643 1434 858 1527 quaereturl,
880 1455 994 1527 quum
1019 1429 1138 1528 fugam
1162 1431 1210 1503 fa-

150 1553 243 1611 ctam
261 1564 338 1611 esse
352 1537 552 1609 constabit?
564 1543 662 1609 Tuus
676 1537 773 1610 enim
788 1542 886 1610 testis
903 1541 972 1614 hoc
988 1538 1095 1625 dixit,
1111 1556 1210 1611 metu

152 1648 350 1745 perterritis
370 1650 502 1717 nostris
519 1646 724 1734 advocatis,
741 1647 861 1718 locum
882 1672 919 1718 se
929 1644 955 1735 ⁵,
975 1673 1047 1744 qua
1071 1646 1208 1746 effuge-

150 1770 250 1843 rent,
269 1756 543 1827 demonstrasse
565 1759 637 1847 Qui
656 1781 733 1827 non
754 1755 864 1827 modo
881 1771 923 1826 ut
938 1755 1125 1853 lugerent,
1148 1759 1213 1830 sed

100 1852 105 1859 ⁶
152 1866 259 1935 etiam
279 1866 391 1960 ipsius
411 1861 503 1960 fugae
522 1877 636 1934 tutam
649 1890 744 1935 viam
760 1868 996 1962 quaesierunt,
1015 1866 1116 1937 his
1084 1892 1137 1939 vis
1150 1870 1210 1939 ad

151 1973 264 2045 hibita
282 1997 358 2044 non
372 1972 575 2045 videbitur?
585 1973 681 2063 Quid
693 1971 823 2071 igitur⁶
837 1973 1047 2071 fugiebant?
1062 1992 1210 2074 propter

152 2097 300 2156 metum
317 2084 414 2174 Quid
431 2083 715 2155 metuebant?
683 2108 755 2154 nm
773 2084 949 2154 videlicet.
974 2086 1152 2155 Potestis
1142 2090 1208 2180 rgi-

151 2209 210 2265 tur
241 2196 416 2291 principia
433 2218 600 2289 negare,
629 2217 744 2290 quum
777 2205 936 2262 extrema
966 2191 1211 2262 conceditis⁷i

149 2307 176 2373 F
178 2305 293 2400 ugisse
314 2306 523 2402 perterritos
543 2302 789 2374 confitemini:
813 2323 956 2371 causam
979 2296 1071 2396 fugae
1094 2300 1209 2372 dicitis

151 2412 333 2496 eamdem,
354 2436 463 2508 quarn
485 2435 612 2483 omnes
633 2410 882 2508 intelligimus,
910 2434 1025 2496 arma,
1045 2411 1207 2482 multitu·

151 2521 273 2593 dinem
288 2521 496 2609 hominum,
519 2523 761 2593 incursionem
780 2536 888 2617 atque
906 2523 1081 2618 impetum
1099 2545 1208 2591 arma-

151 2646 293 2703 torum:
311 2629 388 2700 haec
404 2629 468 2701 ubi
487 2629 737 2702 conceduntur
755 2623 830 2702 esse
852 2627 962 2718 lacta,
982 2628 1033 2699 ibi
1050 2632 1103 2700 vis
1117 2628 1209 2701 facta

43 2846 47 2853 x
152 2738 363 2836 negabitur?

189 2935 214 2984 3.
229 2934 253 2983 S.
270 2933 402 2982 elamore...
415 2933 527 2984 militum.
540 2938 571 2983 ln
585 2937 657 2985 initio
700 2938 794 3002 apiae,
808 2937 889 3000 piare,
908 2934 1000 2998 piatio;
1015 2950 1028 2982 e
1042 2935 1143 2993 tertius,
1159 2948 1207 2984 ter·

151 3026 250 3077 pugna,
261 3012 350 3060 Horat.
364 3010 395 3059 de
412 3014 504 3061 Marte:
519 3036 531 3056 a
539 3030 610 3077 quem
619 3015 658 3078 jn·
701 3017 773 3073 titre,
786 3015 907 3075 tertiatio;
919 3029 933 3060 e
946 3013 1063 3072 nuntius,
1083 3013 1206 3073 nuntiare,

152 3102 193 3138 vat
219 3090 311 3138 elamor
321 3111 342 3137 n.
369 3093 470 3139 Homer.
493 3088 547 3151 βοὴν
571 3091 659 3161 ἀγαθὸς
701 3091 1209 3157 nuntitrtio;emplius,ampliaee,amplia·

153 3165 279 3237 Διομήδη.
292 3169 320 3217 C.
329 3171 429 3219 Catonis
444 3170 552 3218 Censorii
566 3171 658 3219 dietum
701 3176 747 3221 tio,
756 3176 833 3221 inu.

153 3260 202 3310 eet,
223 3248 294 3296 verbu
306 3248 362 3312 plue
374 3264 446 3312 quam
460 3248 569 3312 gladios,
586 3264 658 3296 voees
738 3250 844 3315 smvug
854 3249 971 3307 alteetse,
984 3248 1095 3297 additum
1108 3249 1208 3298 ebErn

154 3328 209 3392 plue
233 3344 305 3393 quum
324 3343 408 3375 manue
426 3327 536 3376 hostes·
529 3343 555 3375 m
576 3328 658 3392 fugam
702 3329 780 3379 eeod.
789 3329 952 3378 tetum,

154 3408 283 3469 conjicere
311 3406 379 3456 Idem
400 3408 470 3455 etiam
492 3406 602 3468 dicebat,
632 3423 658 3456 se
736 3410 762 3457 6.
773 3406 891 3456 lambino
900 3406 1018 3472 placet
1005 3406 1079 3455 Cur
1090 3407 1206 3471 igitur?

154 3486 234 3535 odisee
245 3487 359 3546 militem,
374 3502 418 3551 qur
411 3487 517 3534 'chriae
530 3497 657 3549 sterteret,
701 3489 725 3535 J.
735 3490 768 3535 V.
779 3489 806 3534 L.

153 3582 226 3631 quam
246 3566 413 3630 proclamaret.
435 3568 536 3614 Paean
556 3590 588 3605 -·
608 3567 661 3613 Aut
741 3583 764 3627 7.
782 3562 1097 3629 Potestisigt‘eurprt'ttetpia
1108 3558 1208 3630 negure,

154 3644 468 3693 memnone.Ae1esentm
477 3655 567 3692 structe
577 3645 662 3692 horro-
705 3660 779 3708 quum
791 3652 900 3691 extrema
918 3641 1055 3689 conceditis.
1066 3642 1155 3693 Causae
1166 3660 1210 3691 au·

154 3738 205 3771 reru
221 3724 299 3773 affert.
317 3727 354 3772 De
375 3723 432 3772 Nat.
451 3725 526 3773 Deor.
544 3725 585 3781 11,
603 3726 662 3770 «In-
706 3722 841 3772 teredentee
852 3736 953 3786 negare,
968 3735 1043 3782 quum
1057 3720 1170 3768 effectum
1185 3734 1209 3783 et

154 3802 254 3850 structio
267 3801 620 3851 exereitus·,vtdeffittanum
630 3801 661 3849 de
705 3802 875 3865 consequentia
901 3797 1044 3847 conceditis.
1065 3799 1122 3847 vtd.
1151 3802 1209 3853 Feb.

155 3880 304 3929 instruendis
317 3881 423 3930 aciebus.
438 3882 514 3927 loru.
704 3882 768 3937 VH,
794 3889 825 3938 4,
848 3879 892 3927 uhi
910 3878 999 3941 legitur
1015 3879 1143 3941 potestatis
1164 3898 1222 3946 pro⁴

192 3967 217 4015 4.
235 3959 358 4008 Sareeiatio
371 3970 500 4025 quaeretur.
515 3960 555 4006 An
571 3958 602 4005 eit
614 3957 661 4005 ali·
701 3958 812 4025 potestis.
823 3957 948 4022 Priuer'pt'a
961 3971 1007 4020 pro
1022 3959 1098 4006 oeueis
1114 3971 1210 4010 antece·

159 4038 213 4102 quie
223 4039 350 4088 sauciatus.
361 4039 486 4087 Sauriaeio
499 4038 589 4086 nostru
599 4037 662 4084 auri·
706 4037 834 4098 dentlltm,
846 4048 875 4086 ut
892 4037 922 4085 de
944 4033 1018 4085 offic.
1034 4038 1061 4095 1,
1074 4040 1209 4104 «principia

161 4117 207 4164 hus
217 4117 317 4175 dorum,
334 4117 377 4166 sed
388 4134 432 4166 usu
444 4117 539 4167 mollius
551 4123 608 4166 erat.
623 4116 662 4166 ste
708 4130 730 4167 et
746 4134 823 4167 cause
834 4132 937 4166 rerumve.
951 4114 1015 4164 Hinc
1029 4131 1073 4179 pro
1083 4116 1121 4165 his
1130 4119 1209 4168 statim
