3116 4774
330 366 401 452 450
649 360 698 427 Μ,
724 359 764 427 r.
795 356 1072 426 cressonis
1136 314 1141 321 ’

313 483 498 561 ‚omuibus
520 480 751 578 iniquissimis
777 481 865 549 meis
889 478 1121 574 persolutam.
1149 478 1238 548 Nam
1264 476 1396 561 istum,

326 598 450 694 paucis
463 591 563 665 horis
578 592 702 687 primte
719 587 889 675 actionis,
906 589 1071 658 omnium
1088 584 1296 655 mortalium
1310 611 1395 657 sen-

330 704 451 776 tentiis
471 698 721 795 condemnari.
742 696 938 793 Reliquum
958 694 1136 790 judicium
1162 719 1237 765 non
1255 696 1329 790 jam
1347 696 1395 767 de

329 839 410 887 mea
430 810 520 899 fide,
541 834 622 906 quae
649 820 837 904 perspecta
863 818 935 890 est,
958 829 1077 901 neque
1106 801 1151 873 de
1176 803 1278 874 istius
1302 803 1394 889 vita,

330 948 410 1021 quae
435 921 602 992 damnata
620 932 693 1005 est,
718 914 781 987 sed
804 914 849 986 de
869 913 1069 1009 judicibus,
1093 926 1149 1001 et,
1172 938 1257 985 vere
1279 928 1320 984 ut
1340 912 1394 983 di·

330 1057 430 1117 cam,
455 1031 499 1099 de
524 1042 560 1099 te
586 1024 750 1097 futurum
776 1039 840 1096 est.
868 1028 914 1094 At
938 1049 1014 1121 quo
1041 1039 1205 1122 tempore
1230 1021 1394 1095 futurum

330 1142 408 1214 esti
427 1162 510 1210 nam
528 1135 566 1205 id
582 1137 736 1207 maxime
755 1131 1022 1231 providendum
1039 1149 1091 1205 est
1105 1161 1113 1203 ε
1129 1137 1263 1205 etenim
1279 1156 1393 1229 quum

330 1248 500 1323 omnibus
525 1250 564 1317 in
588 1245 721 1332 rebus,
742 1257 820 1317 tum
844 1247 883 1315 in
906 1243 1093 1342 republica
1113 1247 1297 1342 permagni
1315 1268 1394 1314 mo-

332 1365 443 1432 menti
467 1372 520 1430 est
546 1358 638 1427 ratio
663 1369 773 1452 atque
801 1355 987 1428 inclinatio
1013 1368 1244 1453 temporum:
1264 1377 1393 1450 nempe
1436 1395 1439 1399 -

330 1497 393 1557 en,
415 1491 530 1566 quum
551 1465 710 1564 populus
733 1490 906 1537 romanus
930 1465 1028 1538 alind
1048 1484 1162 1564 genus
1185 1464 1392 1548 hominnm,

329 1596 438 1675 atque
470 1576 581 1648 alium
613 1576 779 1649 ordinem
811 1574 858 1647 ad
892 1601 950 1649 res
978 1575 1190 1672 judicandas
1222 1575 1395 1671 requirit3

330 1712 461 1785 nempe
488 1712 530 1760 ea
551 1688 653 1784 lege²
681 1686 726 1759 de
748 1686 894 1782 judiciis
908 1685 1165 1783 judicibusque
1188 1688 1291 1756 novis
1312 1708 1395 1781 pro·

330 1799 508 1894 mulque,
540 1821 650 1894 quam
679 1822 754 1868 non
781 1798 810 1865 is
835 1797 1096 1894 promulgavit,
1121 1795 1225 1890 cujus
1249 1797 1395 1865 nomine

328 1901 591 2005 proscriptam³
615 1906 762 1991 videtis,
782 1903 920 1977 sedhic
941 1931 1043 1991 reus;
1057 1905 1136 1993 hic,
1149 1907 1317 2002 inquam,
1332 1928 1396 1974 sua

330 2042 415 2114 spe,
438 2032 548 2113 atque
574 2016 769 2112 opinione,
796 2040 907 2112 quam
931 2014 977 2087 de
1005 2014 1109 2087 vobis
1130 2015 1258 2103 habet,
1279 2016 1396 2110 legem

331 2126 427 2196 illam
447 2123 674 2195 scribendam
693 2125 1066 2223 promulgandamque
1084 2126 1232 2197 curavit

377 2238 503 2331 ltaque
523 2258 638 2332 quum
664 2236 783 2331 primo
806 2258 912 2332 agere
933 2237 1130 2334 coepimus,
1148 2236 1207 2309 lex
1226 2259 1302 2305 non
1320 2249 1397 2304 erat

330 2343 580 2441 promulgata:
599 2367 713 2438 quum
736 2346 823 2430 iste,
847 2359 963 2415 vestra
983 2350 1170 2416 severitate
1192 2358 1398 2442 permotus,

331 2452 444 2522 multa
469 2455 569 2545 sigua
598 2449 766 2539 dederat,
789 2454 1036 2550 ‚quamobrem
1058 2479 1297 2553 responsurus
1319 2478 1396 2527 nou

331 2558 537 2646 videretur,
559 2562 696 2631 mentio
722 2558 767 2631 de
785 2563 868 2659 lege
890 2564 989 2636 trulla
1013 2564 1133 2637 fiebat.
1159 2570 1395 2659 Posteaquam

330 2673 397 2739 iste
411 2665 592 2739 recrearit
610 2684 644 2739 et
665 2668 871 2769 confirmari
891 2674 988 2745 visus
1011 2690 1083 2762 est,
1105 2675 1162 2745 lex
1184 2673 1299 2744 statim
1315 2695 1397 2768 pro·

330 2774 488 2876 mulgata
501 2792 577 2850 est:
594 2780 651 2850 cui
667 2779 737 2877 legi
756 2794 871 2876 quum
890 2797 1008 2855 vestra
1026 2783 1182 2880 dignitas
1199 2781 1395 2853 vehemen-

328 2905 384 2962 ter
404 2887 647 2978 adversetur5,
674 2892 776 2961 istius
802 2914 884 2989 spes
911 2890 1018 2979 falsa,
1045 2908 1081 2964 et
1104 2892 1256 2991 insignis
1277 2891 1396 2989 impu·

366 3072 391 3104 ι.
411 3057 452 3103 Ba
464 3055 526 3119 lega.
547 3056 584 3102 lio
602 3056 719 3120 temporie
738 3054 843 3104 mutulo
884 3057 1034 3119 judiciorum
1046 3056 1291 3122 mrrnmpendomm.
1303 3059 1358 3105 Aet.
1370 3056 1394 3110 1,

331 3150 381 3198 qno
395 3150 463 3182 amm
478 3134 555 3197 lagen
572 3134 737 3198 promulgavit
753 3135 841 3196 Cotta,
887 3150 941 3201 etp·
956 3136 996 3184 ιδ.

331 3212 362 3259 da
383 3211 480 3272 judiciis
500 3224 555 3259 cust
579 3213 685 3274 equestri
707 3213 794 3262 ordine
818 3226 842 3264 et
924 3225 947 3274 4.
962 3213 1085 3264 smeart.
1099 3216 1397 3279 Reerumaeatposteo·
1471 3272 1474 3275 ι
1501 3279 1504 3283 .
1543 3228 1545 3277 3

329 3289 434 3337 tribunis
443 3289 532 3336 rantib
538 3289 756 3340 eommuniaandis.
767 3294 805 3340 De
813 3309 842 3342 et
886 3295 1058 3358 mltit,qnibns
1066 3295 1224 3344 Hortensium
1232 3292 1396 3353 etMetellnm,

330 3385 356 3417 re
364 3367 415 3416 vicl.
424 3366 507 3413 Divin.
514 3383 569 3430 cap.
577 3368 603 3427 3,
611 3376 635 3414 et
641 3369 698 3417 Aet.
705 3371 726 3428 Ι,
735 3385 789 3435 cap.
801 3373 841 3422 15.
886 3373 933 3421 sibl
945 3374 1116 3433 amicissimos,
1131 3370 1270 3436 detlgnatoa
1282 3368 1395 3417 mucules

366 3447 392 3497 d.
403 3445 578 3510 Proscriptum
585 3444 615 3492 ld
625 3449 841 3512 est,proposittm.
885 3452 955 3500 vidie
967 3450 1027 3498 vid.
1039 3455 1097 3501 Aet.
1107 3454 1133 3509 l,
1142 3466 1196 3514 otp-
1207 3466 1233 3515 ⁹·

329 3530 406 3590 lagos
420 3532 548 3587 antequam
562 3523 689 3584 ferrentur,
702 3527 841 3594 enhafflpto
922 3530 946 3576 i.
959 3527 1112 3577 Advertetur.
1129 3528 1194 3591 Qula
1210 3528 1281 3576 voltis
1294 3525 1396 3574 lectissi-

328 3606 413 3655 latorls
428 3605 540 3661 nomine,
554 3603 634 3667 palam
649 3607 800 3669 spectanda,
813 3624 842 3656 aa
885 3608 931 3655 mis
940 3605 1128 3666 virisiodieibus
1136 3607 1245 3672 populns
1254 3607 1330 3669 legem
1340 3604 1395 3651 ier-ri

327 3682 437 3747 legendae
451 3676 557 3748 proponi
567 3681 685 3732 solebant.
697 3686 793 3734 -Sed
802 3686 842 3735 lie
884 3702 935 3734 non
951 3694 1021 3750 putat
1035 3695 1157 3749 oportere.
1178 3684 1226 3733 Sed
1239 3698 1309 3749 epea,
1324 3696 1396 3746 quam

329 3778 391 3810 reus.
407 3761 531 3809 Invidiosa
547 3762 573 3808 in
582 3762 697 3822 Verrem,
711 3779 783 3828 quern
799 3781 841 3813 an·
884 3765 942 3814 lieet
954 3764 1036 3812 falsam
1048 3767 1136 3813 Verres
1146 3763 1219 3812 hebet
1229 3778 1275 3811 vot
1288 3778 1396 3811 eomm-

328 3850 421 3888 etorsm
437 3839 553 3905 (uanam
572 3839 653 3890 dicere
670 3841 766 3901 noluit,
783 3844 840 3908 qnit
883 3843 977 3907 pendi,
991 3853 1016 3895 et
1031 3859 1058 3891 ea
1074 3859 1121 3913 qna
1137 3842 1256 3909 preditus
1269 3853 1305 3891 eat
1318 3842 1398 3905 lmpn-

327 3917 389 3965 illud
413 3919 489 3982 magle
507 3921 654 3986 exaggerat)
677 3922 737 3986 leffe
760 3923 840 3972 Cotta
884 3920 984 3982 dentis,
1005 3922 1038 3970 lla
1056 3932 1083 3969 nt
1102 3939 1116 3970 a
1135 3922 1204 3971 nullo
1223 3920 1400 3987 eormmpendi

324 3995 460 4057 fnium,
471 4018 484 4037 a
494 4014 537 4046 m
548 4014 592 4063 apa
600 4011 626 4047 et
638 4001 755 4064 opinione
766 4016 839 4063 quun
880 4000 968 4060 judicii
981 4015 1066 4064 genere
1078 4000 1198 4050 abstinere
1211 3999 1333 4061 videatur,
1345 4001 1399 4046 sns-

327 4071 358 4121 de
367 4071 438 4120 toltit
447 4072 552 4135 hbet»,
561 4086 666 4140 etqua
676 4078 839 4142 praetulit,
884 4079 1008 4144 fragantur
1024 4078 1085 4142 legi,
1104 4089 1128 4127 et
1142 4080 1234 4128 sariunt
1248 4089 1275 4128 nt
1288 4076 1398 4143 populns
