3176 4770
306 346 354 437 94
619 340 665 404 u.
693 337 731 402 r.
758 334 1049 403 c1cnnorus

305 460 445 534 toribus
475 461 617 529 inanior
646 480 760 553 quum
796 456 862 539 sit,
894 478 958 523 vos
988 455 1232 549 conjecturam
1258 442 1367 526 totius

305 571 495 672 provinciae
520 593 594 639 non
620 565 778 636 facietis?
800 568 919 660 Atque
937 563 1008 634 hoc
1024 588 1193 660 peraeque
1210 565 1251 635 in'
1268 569 1366 636 omui

305 706 390 779 agro
413 680 612 751 decumano
632 675 842 772 reperietis:
867 671 1001 770 quibus
1020 672 1156 770 aliquid
1176 689 1295 747 tamen
1314 701 1366 746 re-

303 790 392 884 liqui
405 785 513 856 fuerit
527 809 571 855 ex
586 806 719 879 magno
734 784 971 879 patrimonio,
987 807 1050 853 eos
1066 784 1103 853 in
1120 787 1212 881 agris
1227 788 1366 856 minore

304 895 568 982 instrumento,
589 894 709 962 minus
732 892 855 962 multis
865 894 960 991 jugis
974 905 999 980 ¹,
1016 901 1246 983 remansisse,
1265 896 1367 994 quod

303 1005 530 1089 metuebant,
541 1005 570 1074 si
582 1004 825 1092 recessissent,
840 1028 886 1074 ne
898 1003 1051 1101 reliquas
1063 1001 1227 1077 fortunas
1239 1031 1366 1076 ornnes

303 1118 530 1205 amitterent,
559 1111 695 1210 quibus
722 1126 842 1185 autem
871 1114 937 1183 iste
965 1112 1055 1183 nihil
1086 1115 1235 1212 reliqui,
1267 1114 1366 1210 quod

304 1225 517 1326 perderent,
545 1221 696 1309 fecerat,
724 1246 786 1294 eos
813 1222 920 1320 plane
945 1248 1020 1293 non
1047 1225 1163 1296 solum
1188 1251 1232 1297 ex
1254 1227 1366 1320 agris,

305 1357 432 1406 verum
454 1357 498 1403 ex
519 1330 722 1403 civitatibus
737 1333 811 1403 suis
827 1330 1041 1430 profugisse.
1060 1333 1116 1405 Illi
1134 1337 1218 1432 ipsi,
1236 1337 1299 1431 qui
1313 1359 1367 1406 re·

305 1458 529 1531 manserant,
542 1446 602 1512 vix
614 1442 765 1515 decuma
779 1467 860 1541 pars
873 1459 1054 1514 aratorum
1065 1499 1075 1533 ,
1088 1445 1250 1517 relicturi
1262 1470 1368 1544 agros

305 1579 430 1627 omnes
457 1567 576 1639 erant,
603 1555 671 1624 nisi
697 1553 742 1624 ad
766 1578 828 1624 eos
842 1555 1014 1649 Metellus
1034 1561 1150 1626 Roma
1167 1555 1285 1626 literas
1303 1558 1368 1625 mi·

305 1671 421 1753 sisset,
437 1689 475 1736 se
493 1663 662 1735 decumas
681 1665 758 1761 lege
772 1666 961 1733 Hieronica
980 1664 1233 1751 venditurum
1250 1681 1288 1736 et
1301 1667 1368 1736 nisi

305 1773 352 1845 ab
377 1776 419 1845 iis
445 1773 514 1844 boc
537 1775 742 1871 petivisset,
768 1786 808 1842 ut
828 1787 990 1843 sererent
1012 1798 1122 1869 quam
1147 1775 1365 1872 plurimum:

304 1885 404 1982 quod
420 1885 470 1954 illi
484 1908 628 1981 semper
642 1908 706 1954 sua
717 1893 846 1953 causa²
860 1880 1038 1969 fecerant,
1054 1908 1168 1979 quum
1183 1909 1245 1955 eos
1260 1910 1368 1954 nemo

303 2009 462 2093 rogaret,
486 1992 659 2090 quamdiu
684 1990 954 2089 intelligebant,
975 2017 1051 2065 sese
1079 1994 1207 2066 sibiet
1231 1994 1368 2092 populo

304 2129 474 2191 romano,
500 2129 574 2174 non
601 2106 705 2175 Verri
732 2119 769 2174 et
795 2105 956 2201 Apronio
979 2128 1117 2192 serere,
1139 2104 1369 2201 impendere,

305 2213 479 2285 laborare.
509 2218 586 2283 Jam
614 2237 722 2299 vero,
740 2211 901 2308 judices,
928 2216 957 2284 si
982 2214 1185 2285 Siculorum
1207 2211 1370 2286 fortunas

306 2322 502 2418 negligitis3
524 2326 571 2407 si,
598 2322 904 2418 quemadmodum
929 2326 1016 2396 socii
1040 2324 1168 2423 populi
1190 2326 1369 2395 romania

305 2428 569 2528 magistratibus
586 2433 717 2501 uostris
736 2447 946 2520 tractentur,
961 2460 1037 2506 non
1051 2433 1219 2506 laboratis
1233 2464 1241 2505 ε
1256 2451 1292 2506 at
1305 2460 1369 2506 vos

305 2563 536 2613 communem
563 2540 691 2636 populi
712 2546 852 2612 romani
876 2542 1044 2615 causam³
1067 2547 1238 2643 suscipite
1259 2561 1369 2643 atque

305 2648 498 2722 defendite.
521 2647 661 2742 Ejectos
679 2664 836 2722 aratores
856 2678 933 2725 esse
947 2651 1049 2740 dico,
1064 2679 1167 2751 agros
1181 2654 1369 2753 vectigales

304 2776 451 2832 vexatos
473 2773 583 2855 atque
605 2761 804 2831 exinanitos
826 2785 847 2831 a
867 2767 1003 2849 Verre,
1034 2764 1241 2861 populatam
1268 2790 1371 2837 vexa-

308 2889 455 2969 tamque
483 2871 703 2966 provinciam
730 2898 738 2938 :
767 2870 842 2943 baec
870 2874 994 2943 omnia
1026 2873 1140 2945 doceo
1166 2875 1278 2946 literis
1305 2901 1371 2973 pu·

307 2982 431 3053 blicisl
453 2981 782 3052 honestissimarum
800 2983 1005 3071 civitatum,
1021 2998 1057 3057 et
1072 2987 1219 3083 privatis
1237 2989 1368 3083 prima-

307 3093 445 3163 riorum
465 3090 626 3162 virorum
647 3092 870 3163 testimoniis.

356 3202 446 3269 LIll.
471 3196 568 3289 Quid
586 3199 715 3269 vultis¹
739 3202 915 3299 amplius?
933 3228 1022 3274 num
1035 3207 1268 3302 exspectatis,
1283 3203 1370 3276 dum

342 3417 396 3464 ΠΙ.
420 3429 440 3462 r.
463 3413 547 3462 Multis
556 3413 634 3479 jugis.
649 3417 746 3479 Optime
760 3417 814 3464 cod.
860 3418 981 3481 praedatus
990 3419 1118 3476 est,eade
1126 3421 1212 3483 populi
1224 3438 1285 3469 rom.
1295 3424 1372 3483 victu,

308 3499 389 3545 Nann.
402 3494 486 3553 Olim,
502 3492 583 3540 multis
597 3493 663 3542 locis.
674 3496 698 3544 J.
706 3496 740 3543 V.
750 3499 779 3544 L.
860 3496 891 3543 de
913 3496 1066 3559 vectigalium
1088 3500 1184 3559 nervis,
1207 3501 1237 3547 de
1256 3502 1372 3571 sauguine

344 3594 368 3624 a.
390 3577 441 3622 Sua
461 3588 548 3621 causa.
570 3573 609 3621 Ad
627 3574 815 3624 emolumentum
860 3574 963 3621 detraxit
977 3576 1063 3624 erarii.
1080 3578 1159 3625 bens
1172 3578 1203 3626 ab
1216 3581 1336 3642 honesto,
1348 3593 1372 3630 et

308 3672 388 3705 suum.
402 3654 466 3711 Alii,
479 3654 527 3702 sui.
862 3653 943 3702 brevia
960 3656 1079 3716 subjectio
1101 3659 1202 3707 miseriae
1221 3661 1372 3717 Siculorum,

344 3736 368 3784 3.
379 3733 466 3798 Populi
478 3750 539 3781 rom.
551 3748 660 3783 causam.
680 3736 704 3782 Si
717 3752 761 3783 vos
779 3738 817 3782 Si·
862 3733 952 3798 quibus
967 3749 1135 3801 praeparantur
1154 3741 1227 3788 animi
1247 3740 1279 3788 ad
1290 3741 1372 3789 locum

309 3814 419 3860 culorum
431 3830 483 3862 non
504 3812 614 3874 miseret,
636 3815 669 3871 si,
692 3813 818 3877 quomodo
863 3813 894 3860 de
908 3816 1049 3863 eorumdem
1059 3819 1208 3868 testimonio.

310 3893 370 3939 socii
385 3907 399 3937 a
412 3892 590 3955 magistratibus
609 3894 754 3950 habeantur,
773 3907 817 3955 pa·
899 3903 925 3951 4.
948 3893 1034 3942 literis
1055 3897 1166 3959 publicis.
1189 3899 1296 3946 Aberant
1321 3901 1373 3948 brec

312 3985 365 4015 rum
386 3970 489 4027 cararia,
503 3982 529 4016 at
547 3972 631 4018 saltem
646 3970 738 4034 populo
755 3985 818 4016 rom.
864 3973 915 4021 duo
927 3974 998 4023 verba
1007 3992 1014 4036 ;
1024 3979 1158 4038 recepimus
1167 3994 1180 4025 e
1190 3978 1263 4037 codd.
1274 3983 1296 4029 J.
1302 3983 1334 4030 V.
1344 3984 1371 4030 L.

314 4046 453 4103 subirnite,
468 4049 524 4109 quia
537 4050 727 4108 quaeverrrsin
740 4048 820 4096 Sicilia
899 4054 963 4101 Llll.
982 4071 1003 4102 1.
1024 4056 1090 4119 Quid
1105 4056 1187 4106 vultis.
1209 4059 1266 4106 Non
1288 4076 1373 4124 parum
