3116 4774
302 333 373 421 Aba
645 330 1027 401 ARGUMENTUtt

339 473 457 534 qnoque
466 452 570 513 mulier
578 452 640 531 jam
650 453 800 531 cognitore
811 451 957 522 utebatur,
967 463 1001 509 nt
1014 447 1136 509 fundum
1147 449 1234 508 istum
1246 463 1364 511 emeret.

336 553 428 613 adest
441 552 479 612 ad
497 549 625 610 tabulam
638 549 787 623 AEbutius,
802 551 914 623 licetur,
928 548 1073 609 addicitur
1085 548 1114 607 ei
1128 547 1252 615 fundus,
1277 567 1363 625 pecn-

340 649 389 708 nia
400 669 418 707 a
434 648 582 708 Cesennia
595 646 727 705 solvitur.
740 651 785 706 lta
798 646 945 705 Caesennia
957 644 1079 704 fundum
1089 643 1168 702 hunc
1178 644 1307 722 possedit
1320 644 1364 702 lo-

339 745 488 823 cavitque,
508 762 603 821 neque
620 743 662 800 ita
675 743 768 803 mutto
787 754 854 820 poet
867 746 903 801 Α.
916 740 1028 801 licinio
1041 740 1159 799 Caeciuae
1172 740 1364 799 Volaterrano

339 844 448 921 nupsit.
468 841 626 919 Aliquanto
639 839 796 917 postfacto
812 851 981 897 testamento
996 837 1133 908 moritur3
1147 836 1216 895 iacit
1227 836 1363 895 heredem

336 939 479 999 Caecinam
501 956 537 995 ex
558 936 671 994 deum
695 948 726 994 et
750 936 897 994 semuncia
920 930 978 1012 (:
996 939 1053 1005 ιιξ
1078 932 1280 1003 duodecimas,
1303 934 1365 991 sive

344 1041 411 1109 ξ-Η-
420 1041 448 1114 32,
461 1034 548 1093 totius
560 1031 751 1106 hereditatis),
761 1052 798 1091 ex
811 1029 924 1091 duabus
932 1029 1131 1101 sextulisffiae.
1143 1035 1159 1105 ἦ
1174 1030 1311 1088 unciae:
1321 1035 1365 1103 ξς)

336 1137 380 1192 Μ.
394 1131 555 1191 Fulcinium
571 1128 708 1188 libertum
723 1128 882 1208 superioris
896 1128 1006 1200 mariti,
1020 1127 1138 1187 AEbutio
1154 1127 1294 1186 sextulam
1304 1126 1363 1205 (ᾗ)

338 1232 416 1309 legat
433 1220 597 1288 mercedem
612 1226 788 1287 assiduitatis
802 1241 833 1287 et
851 1228 987 1286 molestiae
1001 1245 1055 1285 sna
1067 1245 1154 1285 causa
1168 1236 1317 1304 suscepte.
1333 1230 1363 1285 Is

335 1328 462 1408 primum
479 1326 668 1385 calumniatus
679 1339 725 1385 est
739 1327 883 1386 Gaednam
896 1324 1032 1384 heredem
1048 1344 1110 1383 ease
1121 1342 1181 1383 non
1196 1342 1299 1402 posce,
1321 1321 1362 1382 ob

337 1423 485 1482 civitatem
499 1422 697 1481 volaterranis
711 1421 888 1501 ademptam,
903 1420 1008 1480 deinde
1021 1419 1143 1479 fundum
1154 1438 1240 1498 quem
1252 1422 1363 1479 cuen-

337 1521 392 1579 niee
405 1518 541 1578 mandato
553 1516 623 1577 huic
638 1519 755 1578 mulieri
769 1532 894 1592 emerat,
909 1538 993 1579 sunm
1005 1536 1079 1590 esre,
1093 1536 1183 1596 seque
1193 1515 1249 1576 sibi
1262 1518 1363 1576 emisse

335 1618 418 1676 dixit.
434 1622 536 1694 ltaque
551 1612 661 1694 placuit
676 1619 796 1676 &dne
810 1618 1004 1686 constituere,
1021 1615 1143 1695 quodie
1159 1615 1191 1673 in
1207 1634 1270 1673 rem
1285 1633 1364 1693 prae-

334 1727 445 1773 aentem
458 1713 616 1786 veniretur,
626 1726 659 1772 ut
669 1713 707 1772 dc
717 1714 809 1773 fundo
822 1714 936 1774 cecina
945 1712 1075 1773 moribus
1086 1711 1287 1771 deduceretur.
1297 1716 1364 1771 atos

336 1810 414 1870 euim
426 1821 490 1869 erat
500 1810 530 1868 iu
546 1810 759 1889 pomereionum
772 1813 997 1882 controversiis,
1011 1822 1044 1868 ut
1057 1823 1180 1887 uterquc
1192 1809 1364 1887 litigantium

335 1908 366 1966 in
380 1905 502 1966 hadom
512 1919 730 1967 connoversum
743 1906 891 1965 advocatia
904 1906 1025 1966 testibus
1039 1907 1220 1978 conveniret,
1229 1906 1302 1965 alter
1314 1927 1366 1966 eu-

334 2019 393 2065 tem
405 2004 457 2082 qui
468 2022 535 2063 eum
545 2003 715 2063 naturaliter
723 2001 1033 2081 possidebat,aiterum
1045 2003 1083 2061 de
1095 2002 1186 2061 fundo
1197 2001 1362 2076 deduceret,

335 2100 481 2173 moribus,
495 2101 513 2159 i.
525 2121 551 2159 e.
562 2101 591 2158 ri
604 2099 700 2172 cirili,
710 2101 871 2179 quaeetiam
885 2100 1070 2178 quotidiana,
1082 2120 1105 2159 a.
1120 2100 1272 2159 laturarii
1286 2099 1364 2158 dice·

333 2197 428 2257 batur.
449 2202 478 2256 le
500 2197 589 2275 igitur
606 2195 658 2275 qui
673 2196 778 2269 fundo,
806 2217 893 2275 quern
910 2195 1095 2266 vindicabat,
1112 2196 1255 2255 deductus
1273 2209 1363 2268 ercet,

333 2308 491 2375 pretorem
508 2293 626 2367 adibat,
652 2293 828 2372 petebatque
849 2306 883 2351 nt
906 2293 1251 2354 resumeretur'ctctinn
1274 2312 1362 2372 quum

330 2393 395 2452 dies
413 2412 451 2451 ex
465 2392 618 2469 utriusque
632 2391 787 2450 commodo
806 2404 936 2466 sumptus
953 2404 1045 2465 earet,
1070 2390 1152 2451 venit
1169 2393 1199 2450 in
1214 2391 1364 2450 castellum

331 2493 435 2547 Axiam
445 2530 453 2554 ,
464 2507 500 2544 ex
509 2506 568 2565 quo
585 2488 650 2545 ioco
667 2486 773 2545 fundus
788 2486 837 2546 ille
850 2509 911 2549 nou
924 2490 1010 2569 louge
1023 2487 1132 2548 aberat.
1147 2488 1281 2548 AEbutius
1296 2492 1362 2549 Cae-

331 2584 404 2642 cinae
418 2583 569 2641 denuntiat
586 2602 616 2641 se
630 2597 757 2644 armatos
769 2582 897 2667 bebere,
915 2583 1063 2647 abiturum
1076 2606 1144 2644 eum
1157 2607 1215 2647 nou
1231 2605 1312 2656 case,
1334 2586 1360 2644 si

332 2678 490 2741 accederet.
503 2679 624 2741 cecinae
635 2693 732 2739 tamen
744 2681 854 2758 placuit
869 2682 1006 2760 experiri.
1022 2686 1125 2759 ltaque
1135 2701 1224 2759 quum
1236 2681 1362 2758 primum

332 2778 363 2836 in
375 2778 527 2854 antiquum
542 2775 664 2836 fundum
678 2776 793 2855 ingredi
804 2777 909 2848 veliet,
934 2779 1100 2856 frequenter
1114 2778 1218 2837 armati
1235 2776 1363 2837 obstite-

335 2886 414 2933 runt.
433 2878 509 2932 Tum
528 2872 565 2932 ad
586 2892 653 2932 eum
677 2872 816 2946 fundum,
837 2873 949 2951 dequo
968 2872 1116 2951 agebatur,
1137 2874 1285 2953 proiectus
1305 2894 1364 2934 una

333 2990 399 3029 cum
414 2968 512 3027 amicis
523 2982 553 3027 et
566 2968 713 3028 advocatis
726 2966 764 3027 ab
779 2968 896 3029 armatis
908 2968 1075 3030 hominibus
1089 2968 1168 3030 aditu
1180 2971 1362 3050 prohibetur.
1549 2958 1552 3033 l

334 3070 403 3126 Iiaec
415 3078 478 3124 erat
491 3065 534 3124 vis
544 3086 624 3135 vera,
639 3065 793 3126 vcisclida.
807 3072 920 3146 Itaque,
935 3080 968 3126 ut
980 3068 1158 3127 consuetudo
1172 3083 1244 3141 erat,
1254 3090 1290 3129 ex
1301 3070 1362 3148 lege
1476 3073 1494 3101 '·

332 3161 408 3220 dcvi
421 3159 588 3220 hominibus
600 3163 719 3221 armaria
733 3176 842 3240 praetor
851 3163 1042 3224 uuotnbetta
1054 3164 1220 3238 interdixit,
1233 3165 1364 3227 utAEbu-
1476 3156 1494 3191 ²
1535 3158 1544 3231 J

333 3257 635 3323 ducundccecinam
646 3257 809 3334 dejeciacet,
820 3280 856 3319 eo
864 3260 1173 3320 restittierettaiueulia
1183 3264 1362 3341 exceptione,
1487 3246 1492 3297 ζ

331 3350 494 3431 cujusmodi
514 3354 646 3433 exceptio
660 3355 807 3414 interdum
818 3358 888 3417 addi
902 3358 1014 3418 solebat
1027 3383 1034 3417 ι
1048 3372 1131 3418 extra
1144 3380 1232 3439 quam
1245 3361 1267 3419 si
1283 3359 1362 3437 deje-
1483 3358 1487 3363 ⁴
1550 3348 1551 3351 ¹

331 3452 415 3514 risset
422 3471 458 3509 cx
468 3471 502 3509 eo
509 3450 585 3523 ioco,
596 3471 681 3529 quem
692 3451 754 3530 ipse
762 3454 1068 3532 possideretAEbutius
1074 3457 1233 3517 restituisse
1241 3456 1359 3527 sedicit,
1486 3460 1490 3465 ’

331 3551 412 3633 qriod
426 3563 459 3611 ut
472 3555 686 3613 turcomannis
699 3565 778 3613 recte
791 3556 942 3633 exposuit,
953 3574 1013 3613 non
1028 3556 1068 3615 sic
1084 3557 1286 3637 accipiendam
1305 3570 1362 3626 eat,

330 3650 414 3730 quasi
433 3667 535 3707 revera
548 3667 579 3706 sc
597 3648 628 3705 in
646 3648 768 3708 fundum
788 3651 943 3728 litigiosum
961 3650 1110 3711 reduxisse
1129 3655 1273 3713 Cteriuam
1294 3672 1362 3713 con·

334 3745 472 3806 tenderet.
487 3743 544 3806 Sed
558 3744 616 3804 hcc
628 3764 692 3803 enm
704 3747 764 3805 vim
777 3745 919 3822 habebat,
932 3748 1014 3826 quasi
1028 3747 1152 3824 diceret,
1167 3772 1197 3811 se
1212 3754 1362 3813 restituere

333 3866 392 3901 non
404 3842 679 3924 debere.1taquelis
693 3846 787 3905 omnis
800 3843 972 3905 versabatur
982 3846 1012 3905 in
1026 3846 1124 3908 verbis
1134 3848 1280 3911 interdicti
1289 3873 1363 3932 prae-

335 3940 405 3998 toris
418 3940 651 4018 interpretandis.
664 3942 768 4002 Cicero
782 3942 845 4020 ipsc
860 3946 943 4003 Orat.
957 3965 1021 4023 cap.
1040 3965 1076 4022 19
1090 3952 1202 4006 :rTcta
1215 3949 1301 4019 mihi.
1319 3949 1362 4009 in·

332 4034 411 4117 quit,
430 4055 516 4094 cauca
536 4057 591 4114 pm
610 4039 723 4097 Cercina
738 4037 777 4096 dc
792 4038 888 4098 verbio
904 4040 1050 4100 interdicti
1064 4042 1129 4101 fuit.
1144 4048 1207 4104 lice
1217 4045 1362 4103 involutas
