3176 4770
309 383 378 453 106
624 387 671 483 u,
697 388 735 454 r.
764 385 1041 455 cressonis

305 526 442 575 surum.
474 506 724 600 Negotiatores
753 519 885 603 putant
908 528 984 577 esse
1011 518 1137 600 turpe,
1160 501 1196 573 id
1222 502 1369 576 forum⁹

304 613 372 687 sibi
389 617 555 712 iniquum
574 617 715 712 ejurare
726 628 769 702 ¹⁰,
786 616 850 689 uhi
869 616 1119 714 negotientur-3
1136 630 1272 711 praetor
1287 641 1369 713 pro-

305 725 457 795 vinciam
475 749 575 796 suam
592 740 706 797 totam
719 726 788 798 sibi
805 729 967 823 iniquam
982 726 1109 819 ejurat.
1130 729 1163 794 Ο
1183 724 1369 823 impuden-

305 836 392 907 tiam
410 834 646 933 singularem!
668 841 734 909 Hic
752 836 911 937 postulat
931 860 969 909 se
986 841 1111 907 Roman
1129 833 1286 923 absolvi,
1304 838 1369 934 qui

306 947 344 1017 in
373 971 438 1017 sua
466 947 651 1044 provincia
678 947 871 1042 judicavit,
904 971 943 1018 se
971 945 1108 1017 absolvi
1134 944 1236 1016 nullo
1258 944 1370 1017 modo

306 1058 434 1154 posse?
457 1061 522 1154 qui
541 1057 624 1155 plus
648 1059 828 1129 existimet
844 1056 943 1156 apud
962 1056 1172 1127 lectissimos
1188 1068 1383 1129 senatores-

296 1168 516 1263 pecuniam,
537 1191 646 1262 quam
660 1167 757 1265 apud
772 1181 845 1240 tres
863 1166 1108 1264 negotiatores
1120 1174 1294 1235 metnm¹¹
1313 1188 1369 1237 va-

304 1274 400 1345 lere?
425 1274 626 1348 Scandilius
649 1302 734 1348 vero
760 1292 868 1373 negat
890 1301 967 1348 sese
990 1274 1087 1373 apud
1106 1272 1370 1345 Artemidorum

306 1399 599 1480 recuperatorem
623 1386 775 1458 verbum
795 1411 873 1459 esse
894 1383 1097 1473 facturum
1115 1399 1152 1456 et
1173 1399 1294 1456 tamen
1310 1408 1371 1453 au·
1414 1411 1418 1419 ·

307 1507 367 1589 get
380 1504 410 1536 ¹²
433 1509 543 1592 atque
564 1513 691 1568 onerat
712 1511 747 1568 te
768 1497 875 1569 bonis
895 1495 1187 1580 conditionibus,
1208 1496 1372 1566 situati

307 1603 416 1675 velis:
433 1608 461 1674 si
482 1630 526 1677 ex
544 1609 731 1703 provincia
749 1608 867 1680 Sicilia
886 1621 961 1678 tota
981 1620 1117 1677 statuas
1137 1604 1307 1676 idoneum
1321 1603 1373 1698 ju·

307 1712 447 1803 dicem,
460 1732 524 1787 aut
537 1734 831 1816 recuperatorem
852 1718 994 1789 nullum
1010 1740 1115 1814 posse
1133 1717 1298 1813 reperiri,
1315 1738 1374 1811 po

308 1824 418 1897 stulat
442 1851 463 1896 a
489 1841 544 1912 te,
569 1843 610 1899 ut
636 1834 788 1900 Romam
812 1823 1001 1923 rejicias¹3.
1028 1826 1095 1897 Hic
1122 1826 1307 1897 enimvero
1334 1838 1375 1892 tu

307 1936 506 2020 exclamas,
524 1938 709 2011 hominem
726 1938 955 2037 improbum,
979 1938 1043 2034 qui
1060 1934 1238 2034 postulet,
1258 1932 1309 2003 ibi
1329 1931 1375 2002 de

228 2123 234 2136 ,
308 2061 372 2119 tua
395 2051 658 2122 existimatione
680 2049 859 2145 judicium
885 2048 983 2135 fieri,
1008 2046 1073 2117 ubi
1096 2060 1132 2118 te
1157 2043 1374 2115 invidiosum

309 2182 387 2228 esse
407 2160 582 2258 intelligat
593 2163 636 2231 ¹⁴.
654 2165 771 2258 Negas
791 2175 827 2232 te
842 2165 993 2231 Romam
1010 2159 1246 2254 rejecturum;
1267 2177 1376 2250 negas

309 2266 356 2340 de
369 2286 553 2341 conventu
566 2286 840 2369 recuperatores
854 2269 1043 2357 daturum3
1065 2266 1253 2339 cohortem
1277 2279 1376 2334 tuam

311 2381 499 2473 proponis.
526 2381 727 2452 Scandilius
745 2406 823 2454 rem
844 2406 882 2452 se
908 2395 1020 2453 totam
1041 2379 1253 2450 relicturum
1273 2374 1377 2458 dicit,

312 2501 349 2555 et
373 2509 440 2556 suo
463 2484 669 2584 tempore¹⁵
694 2514 771 2561 esse
792 2490 1005 2562 rediturum.
1028 2488 1127 2580 Quid
1149 2503 1190 2558 tu
1208 2486 1260 2558 ibi
1276 2484 1378 2554 tum?

312 2595 402 2694 quid
432 2595 543 2668 facis?
567 2597 784 2671 Scandilium
813 2605 939 2695 cogis:
964 2596 1119 2697 quid¹⁶l
1142 2599 1377 2695 sponsionem

312 2721 495 2803 acceptam
509 2718 536 2765 ¹7
571 2706 708 2781 lacere?
739 2710 976 2807 Impudenter
1009 2709 1104 2780 tollis
1132 2719 1376 2809 exspectatum

312 2818 585 2891 existimationis
612 2835 681 2891 tuae
705 2808 913 2916 judicium:
935 2845 1011 2891 non
1031 2818 1127 2891 facis.
1150 2817 1248 2909 Quid
1270 2819 1379 2916 ergo?

312 2930 474 3025 Apronio
493 2935 687 3026 permittis,
708 2946 766 3018 ut,
786 2956 881 3028 quos
902 2931 1008 3019 velit,
1027 2929 1072 3001 de
1090 2931 1240 3002 cohorte
1261 2944 1379 3002 sumat

313 3042 611 3136 recuperatores?
642 3036 895 3140 Indignum¹⁸,
926 3045 990 3112 uni
1020 3042 1142 3140 potius
1172 3065 1216 3112 ex
1246 3040 1379 3138 iniquis

350 3206 374 3253 9.
385 3192 481 3239 roma.
490 3192 689 3241 Iurisdiotionem
698 3194 750 3253 eius
757 3192 824 3242 urbis
907 3193 947 3241 15.
960 3197 1009 3242 Suo
1021 3205 1135 3259 tempore.
1153 3196 1173 3241 1.
1183 3210 1205 3241 e.
1215 3204 1325 3256 tempore
1333 3193 1379 3240 sibi

317 3272 343 3318 in
356 3286 405 3333 qna
418 3272 579 3334 negotiantur.
868 3274 945 3338 nugis
961 3274 1093 3322 commodo
1103 3290 1132 3321 ne
1144 3273 1310 3321 convenienti.

355 3365 394 3397 ro.
404 3350 518 3414 Ejurare.
533 3351 562 3398 Id
575 3364 625 3410 est,
637 3351 742 3415 aliquem
756 3369 825 3401 meu·
908 3355 946 3400 16.
966 3351 1063 3399 Schiits.
1076 3351 1150 3398 nimia
1167 3351 1264 3400 lieentia
1280 3351 1380 3399 verbum

315 3445 368 3477 sam
375 3440 404 3477 nt
418 3429 530 3493 iniquum
540 3430 595 3479 sibi.
870 3433 952 3490 delet,
972 3430 1078 3493 legitque
1099 3429 1256 3494 simpliciter,
1273 3430 1382 3478 Scandil.

331 3545 334 3549 .
354 3525 395 3558 ιι.
409 3511 509 3558 Merum.
521 3512 642 3558 Praetoris.
657 3513 744 3558 Verres
753 3524 825 3576 puta·
870 3510 937 3574 cogis
947 3525 983 3572 sp.
997 3521 1090 3573 accept,
1094 3508 1202 3573 faeere?
1212 3515 1229 3562 J
1231 3549 1237 3561 .
1247 3514 1279 3561 V.
1289 3515 1315 3560 t.

315 3587 674 3652 vitimllumsnimetnmapnd
683 3588 826 3652 eos‘judices
909 3605 949 3648 17·
971 3589 1129 3651 Sponsionem
1144 3603 1280 3656 acceptam.
1303 3594 1383 3653 Spon-

315 3668 533 3732 vnlltnmm‚qnin
545 3685 628 3717 serere
638 3668 785 3730 judicarent.
871 3668 964 3716 sionem
985 3670 1137 3734 propositam
1150 3680 1175 3719 et
1185 3682 1310 3734 acceptam
1327 3684 1384 3732 per-

354 3763 394 3799 ta.
419 3751 509 3816 Auget.
529 3751 621 3814 Angeri
642 3750 827 3800 conditionibus
871 3747 958 3809 sequi?
978 3746 1037 3795 Non
1052 3749 1123 3805 iscis,
1144 3762 1215 3812 atque
1235 3750 1305 3796 ineo
1318 3746 1383 3794 sellis

316 3826 421 3890 (licitur,
441 3830 481 3878 cni
498 3831 622 3894 prioribus
643 3832 754 3880 meliores
767 3830 827 3878 olle·
872 3828 1078 3890 exspectationem
1105 3829 1232 3877 hominum
1254 3826 1298 3890 qni
1323 3826 1384 3872 scire

319 3916 413 3954 nmtnr.
873 3906 1004 3971 cupiebant
1015 3907 1081 3972 ⁴qnid
1096 3907 1126 3954 de
1146 3919 1187 3955 tua
1205 3904 1385 3954 existimatione

356 3984 502 4032 rsttonam
510 3989 828 4052 rejtcnssutmdizspon·
872 3986 1048 4036 decerneretur.
1066 3987 1132 4048 Quid
1148 3986 1297 4047 argolicis?

318 4062 394 4109 sionis
416 4062 484 4110 saetae
501 4066 710 4129 disceptationem.
910 4068 948 4114 18.
962 4066 1104 4132 Indignum.
1116 4065 1217 4113 Foednm
1229 4075 1265 4113 est
1277 4073 1386 4128 potesta-

357 4152 397 4199 tt·
424 4143 555 4208 intelligat.
582 4145 647 4203 atti,
672 4144 827 4213 intelligebat.
872 4141 1387 4211 temnnmendiexiniqnis(ecnhorteVer·
