3116 4774
358 455 410 525 nr
436 452 652 521 vnnnnn
676 450 786 519 nor.
812 451 866 534 11,
890 450 981 519 nm.
1008 453 1050 522 v.
1160 448 1230 550 457
1301 406 1305 411 ’

173 579 237 675 qui
254 574 426 647 vehiculis
437 571 469 629 ¹⁴
487 573 698 645 thensarum
716 572 895 643 solemnes
920 585 1036 643 coetus
1061 572 1233 648 ludorum

173 687 288 771 initis',
313 707 471 782 quorum
497 686 566 753 iter
589 685 656 754 iste
681 680 726 752 ad
749 704 857 753 snum
879 695 1074 779 quaestum,
1090 709 1167 757 non
1188 686 1234 759 ad

173 795 390 892 religionum
408 793 640 890 dignitatem,
652 790 857 864 faciendum
871 789 1161 890 exigendumque
1174 820 1235 869 cu·

173 906 285 976 ravit:
1084 996 1089 1005 .

221 1021 364 1114 Teque,
395 1013 541 1090 Ceres¹⁵
574 1030 610 1087 et
637 1012 788 1111 Libera,
816 1037 969 1112 quarum
995 1038 1116 1105 sacra,
1144 1017 1238 1090 sicut

175 1128 370 1227 opiniones
379 1125 576 1199 hominum
592 1149 634 1198 ac
645 1125 837 1223 religiones
854 1122 994 1214 ferunt,
1010 1124 1118 1229 longe
1130 1128 1237 1199 maxi·

173 1240 241 1309 mis
271 1252 380 1335 atque
409 1236 658 1309 occultissimis
684 1234 900 1307 caerimoniis
931 1238 1238 1326 continentur3a

174 1347 310 1445 quibus
344 1348 444 1418 initia
477 1350 557 1417 vitae
587 1360 697 1442 atque
731 1347 864 1432 victus,
895 1344 1038 1442 legum,
1068 1370 1237 1436 morum,

174 1455 482 1545 mansuetudinis,
509 1455 740 1527 humanitatis
772 1454 937 1552 exempla
968 1453 1178 1529 hominibus
1202 1472 1239 1530 et

175 1565 376 1638 civitatibus
401 1564 483 1636 data
503 1589 544 1636 ac
565 1563 750 1661 dispertita
774 1588 849 1634 esse
872 1562 1060 1653 dicuntum
1084 1589 1238 1662 quarum

176 1699 275 1746 sacra
302 1673 461 1773 populus
483 1696 654 1745 romanus
672 1696 693 1743 a
713 1675 847 1744 Graecis
866 1672 1000 1746 adscita
1021 1688 1057 1744 et
1078 1691 1239 1774 accepta,

176 1798 276 1855 tanta
296 1784 487 1880 religione,
509 1797 546 1855 et
568 1781 732 1880 publice,
755 1795 792 1852 et
813 1780 979 1879 privatim
1003 1798 1143 1874 tuetur,
1162 1812 1238 1859 non

175 1908 218 1966 ut
234 1890 280 1963 ab
300 1893 376 1963 aliis
392 1892 465 1964 huc
478 1892 598 1980 allata,
621 1891 684 1964 sed
706 1903 748 1961 ut
768 1892 895 1962 ceteris
916 1891 1003 1964 hinc
1020 1894 1151 1965 tradita
1164 1920 1240 1968 esse

175 2003 385 2093 videantur;
415 2027 497 2100 quae
520 2000 566 2073 ab
591 2003 660 2074 isto
679 1996 797 2073 uno¹⁶
819 2001 869 2072 sic
891 2000 1028 2100 polluta
1052 2017 1090 2074 et
1110 2004 1241 2076 violata

176 2125 263 2185 sunt
275 2126 334 2199 ut,
354 2112 586 2185 simulacrum
605 2112 745 2183 Cereris
763 2133 899 2198 unum,
919 2110 1057 2208 quoda
1073 2112 1152 2183 viro
1164 2138 1241 2185 non

175 2221 288 2293 modo
311 2225 436 2320 rangi,
462 2220 526 2295 sed
552 2245 600 2293 ne
624 2220 760 2318 adspici
784 2217 931 2317 quidem
956 2218 1009 2292 fas
1032 2218 1118 2312 suit,
1141 2245 1161 2293 e
1185 2246 1256 2327 ⁸²·-

176 2333 292 2405 crario
320 2336 454 2405 Catina
486 2331 766 2403 convellendum
796 2327 1107 2427 auferendumque
1137 2354 1240 2404 cura-

176 2446 285 2531 verit,
297 2443 451 2516 alterum
465 2456 586 2514 autem
598 2446 709 2513 Enna
723 2465 768 2512 ex
782 2464 847 2511 sua
857 2439 942 2512 sede
955 2464 997 2511 ac
1009 2439 1119 2512 domo
1129 2459 1244 2515 sustu·

177 2552 277 2642 lerit,
291 2552 393 2650 quod
407 2565 484 2623 erat
495 2551 585 2640 tale,
600 2566 643 2623 ut
654 2550 837 2636 homines,
854 2574 970 2647 quum
985 2549 1167 2643 viderent,
1179 2564 1243 2626 aut

178 2663 293 2759 ipsam
310 2661 433 2735 ridere
457 2687 495 2734 se
518 2666 706 2749 Cererem,
724 2674 787 2733 aut
811 2657 967 2757 effigiem
991 2663 1149 2751 Cereris,
1165 2689 1242 2736 non

178 2768 337 2843 humana
361 2797 473 2845 manu
497 2770 646 2861 factam,
669 2772 732 2846 sed
757 2772 843 2844 caelo
865 2770 1069 2869 delapsam,
1088 2774 1241 2850 arbitra·

178 2894 323 2952 rentur:

216 3073 630 3140 14.Qnivehiculr's.1ih.1,cnp.
646 3078 687 3138 ⁵9·
732 3073 947 3139 Thesmophoria,
966 3073 994 3122 id
1010 3084 1060 3134 ert,
1075 3075 1154 3142 legum
1167 3078 1243 3137 lario,

179 3179 215 3190 -··
231 3153 341 3216 Quorum
358 3153 411 3202 iter.
431 3153 503 3203 Μ
521 3171 568 3219 qna
586 3155 689 3203 solemni
732 3151 893 3202 vocabantur.
915 3153 983 3201 sm.
1003 3152 1036 3202 nd
1058 3156 1115 3204 AEn.
1134 3158 1179 3216 lv,
1201 3154 1244 3207 58.

178 3246 271 3296 pompe
278 3230 311 3279 nd
318 3230 391 3280 ludos
401 3231 689 3298 ducimini-&igen-
732 3230 812 3282 Addit
830 3243 914 3282 onnon
935 3248 1046 3295 mrum,
1069 3235 1126 3299 qnia
1146 3236 1244 3303 fingam

178 3309 688 3375 dnmnbiinquibnrfncicndmnlooevent.
732 3310 875 3361 inventione
895 3311 1022 3371 homines,
1043 3314 1086 3379 qni
1105 3319 1194 3380 passim
1218 3317 1244 3365 in

217 3386 257 3439 ιδ.
277 3391 369 3454 reque,
386 3389 462 3439 Cera.
476 3389 592 3438 Fabulam
608 3400 690 3455 repete
733 3392 814 3456 agris,
840 3391 945 3439 lenm
967 3406 1053 3452 more,
1077 3396 1242 3459 urgebam,

179 3484 211 3517 nx
222 3467 499 3535 lih.1v,up.4n.-
515 3471 597 3534 Aeque
609 3469 691 3518 occul·
734 3470 1245 3538 Ceramminloonmcongregnimta

179 3548 282 3599 crisim
303 3552 407 3615 Propter
425 3549 565 3599 earumdem
582 3550 691 3600 carimo-
734 3548 986 3613 lenagmtiqncvitn
997 3549 1245 3602 adhnnolrnnnnnm

179 3629 274 3678 nitrum
300 3630 484 3695 turpitudinem.
508 3632 572 3695 Lago
596 3630 691 3680 Arnob.
734 3626 842 3683 cultum,
857 3627 1001 3692 civilemque
1014 3628 1247 3696 dednxit,ctlcgen

179 3707 223 3759 lib.
233 3713 270 3771 V;
281 3709 343 3757 Lnd.
353 3711 450 3769 Vivens,
458 3709 502 3758 lib.
510 3711 567 3769 vn,
580 3726 633 3774 cap.
645 3724 688 3770 ²⁰3
735 3709 782 3767 eia,
790 3710 893 3772 juranno
901 3706 1037 3773 deucripcit.

180 3785 283 3851 August.
299 3787 515 3836 deciv.1)ei.-
532 3786 690 3838 Initiavr‘rrr.
772 3788 812 3837 ιθ,
835 3788 875 3835 Ab
894 3787 940 3835 istc
959 3804 1016 3835 m.
1033 3786 1179 3837 nonnum·
1196 3790 1245 3837 rin

180 3865 253 3915 com
271 3868 367 3915 invenit
386 3868 480 3931 fruger,
498 3879 523 3916 ct
540 3867 610 3915 exiis
623 3869 691 3932 panis
735 3868 804 3916 vocis
824 3884 891 3924 uno,·
907 3868 977 3931 qnasi
995 3867 1078 3928 dicet,
1098 3867 1128 3915 cb
1144 3869 1246 3919 ierom

181 3942 328 3994 conficiendi
352 3948 471 3995 rationem
495 3947 600 4005 docuit,
623 3946 692 4011 quod
736 3962 860 3995 uotorum
868 3946 976 4010 origine,
990 3957 1069 3995 mot
1081 3946 1163 4011 impiis
1171 3950 1247 4000 horni-

182 4022 228 4070 fuir
247 4024 428 4087 quodammodo
450 4026 547 4076 initium
570 4028 626 4074 ritae
645 4025 693 4074 lm·
737 4026 810 4074 nibus
822 4042 899 4074 unum
909 4029 1010 4075 Vermm
1022 4027 1147 4075 inventum
1161 4028 1245 4090 fuine,

181 4116 267 4150 mne.
279 4130 310 4139 -
325 4104 415 4168 logum
427 4106 500 4154 Ceres
508 4106 631 4154 inventrix
640 4121 693 4153 em
738 4105 781 4169 qui
793 4120 824 4153 co
834 4105 964 4171 impictatis
974 4105 1168 4171 progrederetur,
1178 4119 1206 4157 nt
1218 4127 1246 4158 οι

181 4179 304 4242 creditor,
320 4181 385 4231 unde
403 4199 469 4232 encra
486 4185 598 4250 qnoednrn
614 4185 692 4250 ipsius
736 4185 845 4236 violaret.
856 4214 890 4226 -
903 4185 1007 4238 Carina.
1017 4185 1072 4237 Lib.
1083 4189 1128 4249 IV,
1139 4204 1193 4253 cap.
1206 4190 1248 4244 45.
