3186 4772
350 395 421 469 356
669 395 717 461 Μ.
745 393 783 459 Τ.
811 383 1088 457 CICERONIS

347 525 452 594 cione
472 517 577 601 belli,
598 512 714 586 laudis
740 509 889 609 adeptus
910 520 984 594 est,
1006 499 1108 600 quod
1130 522 1250 597 neque
1272 496 1411 568 bellum

349 627 547 726 ejusmodi,
561 649 680 724 neque
692 621 779 694 belli
795 617 994 721 periculum
1009 610 1080 683 fuit
1091 614 1129 681 in
1142 609 1280 697 Sicilia,
1291 632 1412 705 neque

349 739 395 811 ab
417 741 486 810 isto
505 739 689 836 provisum
711 745 784 820 est,
802 757 849 803 ne
870 724 971 828 quod
993 735 1096 796 esset.
1117 725 1163 791 At
1184 744 1271 791 vero
1287 732 1413 790 contra

347 849 484 922 bellum
496 848 727 947 praedouum²
737 842 886 916 classem
900 836 1031 909 habuit
1045 846 1206 903 ornatam
1216 826 1245 918 ³,
1262 827 1412 925 diligen·

350 963 509 1059 tiamque
527 957 695 1030 adhibuit
710 962 748 1029 in
768 981 812 1028 eo
829 948 1065 1048 singularem:
1084 943 1225 1038 itaque,
1243 943 1312 1010 isto
1328 961 1413 1035 prae-

281 1146 283 1155 .
349 1089 448 1161 tore,
477 1067 646 1168 praeclare
675 1067 823 1141 defensa
850 1056 1036 1160 provincia
1066 1067 1130 1125 est.
1157 1051 1215 1123 Sic
1242 1048 1287 1120 de
1314 1047 1412 1118 bello

352 1180 584 1282 praedonum',
610 1182 659 1250 sic
686 1177 731 1250 de
757 1176 868 1247 classe
890 1165 1082 1249 Siciliensi,
1101 1160 1259 1258 judiceS,
1281 1158 1413 1241 dicam,

352 1305 395 1364 ut
408 1290 478 1381 hoc
487 1289 561 1384 jam
575 1303 658 1360 unte
671 1284 903 1368 obnfirmem,
918 1281 956 1349 in
971 1276 1042 1347 hoc
1057 1298 1131 1345 uno
1143 1295 1275 1370 genere
1288 1291 1414 1340 omues

352 1402 468 1472 inesse
484 1397 608 1497 culpas
621 1398 723 1469 istius
738 1396 927 1477 maximas,
942 1385 1114 1470 avaritiae,
1131 1379 1341 1474 majestatis,
1354 1376 1415 1447 de-

353 1508 532 1596 mentiaet,
562 1506 744 1592 libidinis,
775 1499 1005 1576 crudelitatis.
1035 1499 1117 1564 Haec
1148 1490 1236 1562 dum
1264 1488 1415 1559 breviter

354 1640 520 1713 expono,
541 1640 685 1713 quaeso,
711 1630 753 1687 ut
779 1611 911 1686 fecistis
935 1605 1071 1691 adhuc,
1093 1600 1283 1696 diligenter
1300 1611 1410 1668 atten-

356 1724 438 1795 dite.

357 1901 416 1949 dum
429 1902 546 1950 orationis
558 1902 695 1953 artificium.
709 1903 868 1959 Orationem,
909 1910 974 1942 tuno
983 1893 1058 1942 Urbis
1069 1892 1129 1940 651.
1142 1890 1236 1939 Bellum
1247 1898 1332 1953 postea
1343 1902 1419 1951 quum

356 1983 445 2048 iuquit,
457 1985 489 2032 sd
501 1984 572 2033 sliam
583 2002 633 2034 rem
645 1985 777 2041 traducere,
794 1984 828 2030 sio
839 1989 867 2027 ut
909 1971 1082 2031 recruduisset,
1090 1970 1176 2018 misem
1185 1980 1270 2017 eontra
1281 1983 1323 2016 eos
1331 1969 1357 2015 P.
1369 1969 1420 2015 Ser·

358 2062 539 2126 conjungentur
554 2080 596 2122 es,
613 2080 668 2128 quae
687 2064 780 2112 divem
793 2069 866 2118 sunt,
910 2050 1091 2108 vetimento„
1100 2058 1124 2097 et
1134 2052 1229 2097 [muros
1236 2046 1308 2095 ermis
1318 2045 1421 2101 domuit,

358 2141 463 2206 vulgatis
471 2142 568 2191 mifleil
576 2158 627 2192 non
636 2153 679 2192 ω,
688 2146 737 2191 Isti
745 2140 866 2191 manerio
909 2144 938 2177 ac
948 2128 978 2177 de
990 2128 1021 2175 iis
1029 2126 1189 2192 triumphavit
1199 2142 1265 2175 anno
1274 2124 1348 2174 Urbis
1355 2124 1421 2186 679,

358 2219 408 2268 hoe
419 2220 475 2269 loco
483 2220 512 2269 fit
522 2223 674 2286 perverbum
685 2232 748 2282 esto,
757 2222 799 2269 eui
809 2236 868 2268 cou-
910 2220 983 2273 1111111
993 2207 1242 2270 Ῑ1111110100611011111
1252 2204 1362 2270 mpii·
1372 2201 1423 2250 ³⁶⁶¹

356 2299 468 2363 jungitur
479 2312 597 2359 acum,
612 2302 680 2365 quusi
691 2300 757 2348 dicat
768 2310 865 2348 orator:
910 2288 1043 2352 piratarum
1055 2302 1114 2350 ores
1127 2301 1172 2335 nec
1182 2286 1220 2333 M·
1229 2283 1366 2346 Antonius,
1375 2296 1422 2329 nee

359 2377 425 2439 Ergo
435 2378 487 2439 jam
498 2378 547 2425 hoc
560 2394 574 2426 a
587 2394 625 2425 me
637 2378 774 2441 probatum,
790 2389 816 2426 et
828 2376 869 2425 de·
911 2368 939 2414 P·
953 2365 1083 2425 31115Ιῖ11,
1100 2363 1229 2412 1110111111ῑῖ
1246 2362 1288 2411 'lli
1299 2364 1424 2410 1101111110·

360 2450 519 2501 monstratum
529 2465 581 2514 est,
595 2455 656 2501 nibil
668 2470 700 2502 ex
711 2454 869 2516 fugitivorum
912 2444 1059 2493 1111111111θῶ
1079 2443 1187 2506 fungere
1206 2450 1347 2506 1101111111·
1369 2443 1423 2487 11110

360 2529 442 2590 bello,
458 2542 506 2580 etc.
523 2531 637 2592 Ejusdem
649 2531 747 2579 artificii
757 2544 795 2581 est
810 2531 871 2581 iliud
912 2525 981 2587 11111Ιὶ
990 2523 1100 2571 chifilim
1112 2521 1163 2570 ⁸⁰5⁸
1171 2520 1300 2569 mimi
1314 2519 1424 2579 lffislffl

360 2605 404 2653 lib.
422 2607 449 2665 1,
465 2623 518 2673 cap.
537 2617 586 2667 ²42
598 2610 653 2656 «At
668 2610 743 2657 eredo
760 2609 786 2657 iu
804 2610 870 2658 hince
913 2603 1092 2657 omniamria,
1105 2616 1160 2649 om
1168 2596 1426 2655 mutuandum,

362 2686 421 2736 solis
432 2686 504 2736 rebus
512 2687 642 2736 indomitus
652 2688 811 2752 cupiditates,
824 2699 870 2736 etc.
913 2692 999 2746 portm
1005 2679 1139 2728 latrociniis
1145 2673 1423 2726 wisiniuithlbebtnt.

362 2782 436 2830 quem
451 2767 572 2816 meirisin
590 2777 643 2815 tum
659 2767 783 2831 ingenuis,
800 2777 848 2816 etc.
859 2788 871 2809 ιι
914 2762 998 2822 tuque
1016 2759 1102 2806 missus
1124 2766 1210 2806 eontra
1228 2770 1271 2803 eos
1291 2754 1426 2820 Pompeius

364 2846 420 2894 Hoc
437 2845 558 2911 quidquid
575 2856 611 2895 est
628 2845 755 2895 industrie
777 2844 798 2893 si
817 2845 872 2910 quis
914 2838 966 2913 lege
980 2837 1084 2885 Gabinis
1096 2837 1145 2884 luta
1158 2849 1224 2883 anuo
1238 2834 1306 2892 685,
1325 2833 1424 2882 biennio

363 2925 478 2989 negligit,
494 2925 610 2974 nimirum
629 2926 651 2974 is
668 2924 753 2991 qunti
769 2924 802 2973 eit
819 2925 871 2972 elo·
914 2916 1024 2981 posthae
1037 2917 1063 2964 iu
1072 2918 1172 2981 Verrem
1184 2913 1278 2962 bebius
1289 2914 1423 2970 orationes,

364 3006 462 3066 quentin
469 3039 478 3063 ,
490 3021 610 3069 quamque
622 3015 704 3069 portes
714 3005 741 3053 in
753 3020 781 3053 ee
790 3003 873 3052 multae
915 2997 1139 3063 bellumpirsticum
1147 3011 1303 3044 summarum
1311 2994 1425 3044 felicitate

366 3085 529 3145 requiruntur,
541 3083 613 3132 simul
623 3084 744 3148 negligere
753 3082 858 3132 videtur.
916 3088 940 3125 et
952 3077 1074 3126 eeleritate
1085 3074 1198 3124 coniecit.

400 3176 425 3208 a.
443 3162 536 3210 Bellum
549 3161 702 3227 praedonum.
721 3164 770 3209 Ter
781 3162 874 3209 instau-
951 3155 978 3207 3.
1004 3159 1133 3205 Ornatam.
1158 3153 1264 3203 Classem
1286 3153 1425 3201 instructam

366 3240 874 3304 ntumat.1²irataeprimnnparvistnittis
915 3237 1062 3302 remigibus,
1075 3232 1208 3294 militibus,
1223 3232 1301 3290 duce,
1314 3227 1426 3279 rebusad

365 3316 415 3363 orti
429 3333 461 3364 ex
477 3318 576 3379 Cilicis,
594 3320 728 3383 potentium
748 3329 874 3373 traxerunt
916 3303 1078 3382 pugnandum
1086 3310 1225 3361 necesariis
1238 3311 1274 3359 sio
1287 3325 1340 3358 uuo
1351 3306 1426 3355 verbo

365 3405 423 3459 post
432 3395 532 3444 modum
541 3414 572 3446 ex
579 3396 638 3445 belli
646 3396 808 3446 Mithridatici
817 3398 874 3446 diu·
916 3394 1077 3461 rppellrbeut.
1085 3416 1119 3428 -
1126 3388 1252 3438 Adhibuit.
1266 3390 1358 3443 Vomm,
1364 3386 1428 3433 benc

365 3474 495 3534 turuitste,
513 3486 538 3524 et
552 3492 583 3523 ex
596 3492 640 3525 sun
653 3492 710 3524 eum
724 3477 808 3540 Syris,
825 3479 875 3541 Cy·
917 3490 949 3523 ex
966 3487 1015 3519 uuo
1028 3469 1084 3519 cod.
1099 3465 1307 3530 adjecit'lambin.
1317 3469 1343 3514 iu
1355 3481 1428 3529 quam

365 3555 442 3619 priis,
456 3566 480 3602 et
497 3555 572 3604 ferme
587 3555 744 3604 orientalibus
764 3555 876 3619 gentibus
918 3557 1019 3602 Hotom.
1032 3552 1172 3611 conjectura
1184 3549 1313 3598 incideret.

368 3633 494 3697 omuibus,
504 3635 628 3685 weietste.
640 3640 725 3700 ltsque
737 3635 876 3684 noneolntu
956 3638 979 3688 4.
996 3629 1145 3696 Majestatis,
1165 3629 1300 3677 dementire.
1318 3624 1432 3687 Conjeeit

370 3731 450 3772 mere,
468 3714 537 3780 quod
552 3715 659 3763 Orientis
668 3730 722 3763 ores
735 3712 821 3776 alluit,
831 3710 877 3763 ,sed
920 3710 1021 3758 Hotom.
1038 3708 1131 3773 recepit
1146 3708 1254 3769 Lgmbiu.
1272 3705 1321 3755 Sed
1338 3705 1431 3753 crimen

368 3811 440 3843 omne
455 3812 529 3859 quam
543 3796 591 3845 iste
607 3805 674 3860 petet
685 3810 762 3859 usque
778 3792 811 3841 sd
828 3791 877 3839 co·
919 3788 983 3838 laesae
993 3786 1266 3850 mejestatisuuorerbo
1276 3783 1431 3848 soletexpri·

367 3872 462 3922 lumuss
474 3875 602 3938 Herculis,
617 3874 753 3924 habueruut
768 3874 795 3918 iu
807 3857 887 3934 pote-⁹
920 3869 962 3917 mi.
976 3869 1087 3917 Ceterum
1103 3882 1153 3914 nou
1170 3865 1231 3913 bene
1247 3864 1312 3912 inter
1323 3877 1349 3909 se
1364 3860 1433 3908 coire

372 3961 441 3999 stote.
453 3953 516 4000 Flos.
530 3954 575 4002 lib.
587 3956 638 4015 111,
649 3970 703 4023 etp.
713 3954 744 4011 63
756 3948 878 3997 Pleuron.
921 3948 1049 4009 meieststis
1061 3957 1085 3994 et
1094 3945 1222 3993 dememiae
1231 3944 1323 3992 odmen
1331 3940 1434 3989 arbitre-

372 4027 398 4073 in
410 4030 496 4094 Pomp.
515 4032 607 4079 Pirstss
618 4026 878 4089 enuntiarentur,
922 4038 963 4075 tur
975 4024 1073 4076 Subiits.
1091 4040 1135 4073 uec
1148 4023 1194 4071 scit
1209 4035 1292 4072 utrum
1311 4020 1361 4067 siut
1374 4020 1434 4067 insi-

371 4120 400 4153 ac
425 4105 456 4154 de
477 4107 507 4153 iis
529 4108 638 4155 usualem
661 4109 710 4171 egit
728 4104 878 4169 triumphum
922 4105 983 4153 titie.
995 4106 1022 4154 J.
1032 4107 1064 4152 V.
1075 4105 1104 4151 L.
