3176 4770
392 430 447 498 IN
473 430 1110 513 VERREMACT.11,LIB.111.
1219 452 1280 526 117

227 575 300 623 non
313 563 345 593 ¹⁰
364 551 474 622 verba
493 548 603 621 domo
624 552 769 648 patroni
782 562 809 593 ¹¹
835 550 1048 647 depromere
1067 551 1222 640 videtur,
1244 553 1287 623 ad
1327 572 1332 585 ·

222 685 332 731 omne
346 684 459 756 genus
471 662 641 756 nequitiae
654 659 921 730 accommodata
930 660 944 729 P
953 664 1067 744 voto,
1082 685 1125 730 m
1139 687 1290 745 enarra,

221 793 453 840 entrnnonto
480 794 551 840 ruo
579 794 727 841 caenas.
754 770 923 838 Consorti
949 768 1098 865 quidem
1121 771 1158 839 in
1182 771 1289 843 lucris

192 917 194 920 ⁴
221 893 332 975 atque
357 877 462 950 lurtis
483 882 669 976 geminust
693 894 730 950 et
746 878 929 949 simillimo
947 882 1131 975 nequitia,
1152 881 1288 977 impro-

223 990 353 1077 bitate,
371 990 530 1062 audacia.

269 1105 410 1174 LXVII.
425 1105 466 1171 lu
479 1125 648 1172 conones
660 1112 668 1143 ¹
687 1125 798 1172 canus
812 1123 1008 1170 uannnnne.
1022 1097 1121 1189 Quid
1133 1113 1187 1167 est
1199 1098 1287 1181 hoe,

221 1236 258 1281 m
281 1210 470 1281 cononre?
494 1235 569 1307 quo
597 1211 773 1308 pertinet?
794 1210 993 1306 Apronium
1016 1207 1148 1278 doces?
1172 1207 1289 1303 quid?

221 1321 257 1389 in
283 1335 437 1391 vestram
465 1320 676 1406 eohortem,
702 1335 738 1391 te
766 1322 967 1403 monitore,
994 1343 1039 1388 an
1066 1342 1130 1388 sua
1158 1333 1288 1414 sponte

221 1430 598 1526 perveneratiQuoo
623 1453 754 1512 eunoun
784 1446 875 1509 orus*
899 1452 975 1512 sm,
1005 1437 1182 1497 oreore&
1210 1432 1291 1516 Qua

222 1538 445 1634 impudentia
471 1540 604 1636 putatis
630 1539 774 1608 eumin
804 1536 1049 1607 dominatione
1076 1538 1202 1622 luisse,
1224 1538 1290 1633 qui

224 1649 258 1716 in
282 1642 391 1744 suga3
411 1662 483 1717 tam
507 1647 694 1743 improbus
714 1648 780 1716 siti
798 1651 868 1731 nit,
884 1648 1005 1716 omnia
1024 1648 1176 1742 pecunia
1195 1645 1287 1717 effici

224 1780 348 1852 posse:
373 1755 436 1842 da,
455 1754 653 1854 profunde,
670 1760 854 1853 opponet,
877 1756 906 1825 si
928 1755 1017 1825 velis
1030 1757 1184 1826 vincere.
1205 1760 1288 1827 Nou

222 1865 293 1937 hoc
311 1866 399 1936 mihi
419 1881 489 1937 tam
508 1866 700 1938 molestum
716 1882 788 1953 est,
810 1870 969 1963 Apronio
987 1865 1137 1937 suadere
1152 1868 1287 1936 Timar·

221 1974 380 2061 ebidem,
394 2000 503 2072 quam
522 1978 620 2072 quod
634 1977 705 2047 hoc
720 1973 842 2047 idem⁵
859 1991 1015 2075 patrono
1031 2000 1098 2047 suo
1112 1980 1285 2075 praecipit.

221 2089 269 2153 Tu
283 2084 542 2170 rosruuaurffi,
555 2096 695 2156 onmes⁷
711 2111 862 2158 vmoenn
874 2091 1130 2156 sonnuererre
1142 2085 1290 2181 quidem

223 2207 396 2288 praetore,
415 2219 490 2264 non
503 2196 717 2282 Sacerdote,
731 2220 806 2265 non
820 2195 1014 2285 Peducaeo,
1034 2220 1110 2265 non
1125 2193 1196 2265 hoc
1209 2197 1289 2292 ipso

220 2304 377 2374 Metello.
399 2308 474 2375 Sors
494 2310 697 2377 lllnrnmuu
725 2300 948 2376 sarrenruu⁸
979 2331 1068 2375 essu.
1099 2309 1175 2375 Hoc
1205 2330 1290 2376 vero

221 2416 305 2487 ferri
321 2419 394 2511 jam
415 2444 490 2489 non
509 2436 646 2517 potest,
665 2421 805 2491 irrideri
826 2424 891 2490 viri
910 2422 1055 2518 optimi,
1074 2425 1114 2491 L.
1136 2420 1290 2508 Metelli,

221 2531 430 2623 ingenium,
451 2545 487 2600 et
514 2533 699 2601 contemni
721 2556 762 2601 ac
783 2530 919 2629 despici
938 2558 957 2601 a
979 2529 1131 2628 fugitivo
1152 2533 1287 2601 Timar-

221 2637 335 2709 chide.
355 2644 391 2709 Si
409 2645 804 2729 transmutamus,
824 2667 941 2713 ouum
957 2666 1181 2713 Lonranrmus
1199 2666 1286 2712 con·

223 2772 340 2818 riores.
372 2754 439 2819 ilio
466 2750 699 2822 vehementer
727 2766 823 2823 errat
850 2751 1114 2834 Timarchides,
1136 2755 1199 2848 qui
1225 2767 1287 2821 aut

222 2856 404 2928 Volteium
425 2863 579 2956 pecunia
600 2866 785 2961 corrumpi
805 2877 908 2961 putet
926 2885 1054 2959 posse,
1075 2875 1138 2931 aut
1159 2863 1289 2933 Metel-

258 3070 296 3101 ιο.
311 3056 404 3103 Erneet.
414 3057 516 3105 reatituit
530 3070 653 3106 vetuenon
661 3076 724 3122 ,pro
770 3061 839 3108 culos
847 3059 877 3107 ad
889 3059 1055 3108 ulciscendum
1065 3069 1172 3122 puratos,
1183 3058 1285 3121 fugeret.

221 3150 314 3188 rrorme,
330 3133 423 3196 quode
444 3136 487 3183 MS
507 3138 590 3184 Nauu.
604 3150 726 3201 receptum
805 3148 829 3195 t.
843 3140 991 3187 Hotumunni
1004 3139 1087 3187 lectio.
1099 3138 1197 3201 Vulgo,
1207 3138 1281 3196 dore,

220 3222 264 3258 eet.
279 3210 344 3258 Illud
357 3210 487 3260 efficacius.
497 3215 521 3262 J.
535 3216 566 3261 V.
574 3216 603 3262 L.
765 3217 928 3283 profundere,
944 3234 1071 3282 opportere.
1082 3216 1192 3264 Lambin.
1203 3218 1283 3275 malit,

259 3307 298 3339 ιι.
310 3293 389 3337 Domo
394 3291 505 3354 patroni.
515 3293 608 3350 Verria,
617 3294 686 3353 cujus
697 3294 728 3343 li·
768 3299 919 3363 profundere
934 3312 1053 3362 oportere.
1066 3300 1082 3345 J
1085 3332 1091 3345 .
1105 3299 1135 3345 V.
1148 3300 1175 3345 L.

220 3370 302 3418 bertus
312 3371 542 3420 eratTimarehideo.
807 3379 832 3426 5.
846 3378 923 3426 Idem.
937 3377 1111 3424 Timarchides.

257 3464 298 3495 1a.
311 3449 421 3497 Gemt'no.
429 3451 582 3499 Tramlntum
595 3452 728 3513 agemiuir,
806 3459 833 3506 6.
850 3460 882 3504 Te
890 3457 1039 3522 postulante.
1055 3456 1126 3521 Apud
1145 3466 1282 3518 praetorem.

219 3529 262 3591 qui
270 3529 334 3576 inter
344 3544 371 3577 oe
381 3529 461 3578 edent
472 3546 524 3579 esee
532 3531 656 3580 simillimi.
809 3552 834 3596 7.
841 3538 937 3583 Omnes.
944 3535 1002 3583 Sub.
1009 3551 1054 3598 pro
1065 3533 1153 3598 quibua
1164 3534 1281 3596 postulas.

255 3608 357 3656 vart.
377 3625 398 3656 1.
410 3610 649 3676 teotonem
661 3627 726 3675 prte-
808 3615 831 3660 ii.
850 3616 972 3662 Metellum
991 3614 1132 3677 rapientem.
1156 3614 1213 3659 Hoo
1237 3622 1286 3668 est,

219 3687 279 3734 turin
296 3686 426 3736 miniati-oe.
772 3692 834 3739 nihil
847 3695 894 3739 nisi
915 3710 989 3756 quam
1005 3709 1065 3740 aeuo
1081 3690 1197 3751 judicio,
1217 3701 1285 3737 recto

253 3782 279 3814 a.
293 3767 405 3829 Oppone.
415 3768 611 3832 Quemcumque,
629 3786 678 3832 qua
690 3787 730 3816 ra·
773 3786 846 3818 sensu
854 3781 979 3827 utentem
993 3787 1045 3834 quo
1055 3786 1103 3816 noa
1113 3769 1186 3815 οῑὶιω
1194 3769 1287 3817 utimur

220 3846 286 3893 tione
299 3846 440 3909 oportebit,
454 3863 581 3913 expugnn
596 3849 728 3914 hunepre·
775 3849 873 3897 dicendi
905 3852 979 3897 modo
1006 3861 1034 3896 nt
1059 3847 1182 3895 hominem
1209 3864 1287 3912 perro

219 3925 269 3982 tio,
291 3925 360 3972 illum
379 3927 508 3984 convivio,
521 3944 565 3976 eeu
576 3931 661 3990 quavis
681 3930 726 3977 alia
773 3930 904 3994 proedltntn
918 3928 1017 3992 ingenio
1032 3927 1201 3991 depingimus.

220 4018 259 4062 re,
265 4016 340 4068 prout
353 4021 437 4052 eorum
446 4007 535 4070 cuique
546 4025 608 4071 opus
619 4009 672 4055 erit.
808 4026 834 4071 9.
843 4009 870 4056 Si
881 4007 1010 4056 Volteium.
1020 4008 1113 4070 Supra,
1124 4022 1178 4053 eum
1189 4010 1215 4056 t.
1226 4009 1286 4056 Vnt-

256 4083 280 4131 3.
294 4086 324 4129 In
330 4083 406 4148 firgo.
415 4087 498 4147 Quum
506 4087 575 4149 quati
584 4087 662 4135 hostie
673 4104 728 4150 epo·
772 4089 832 4141 telo,
846 4089 890 4153 qui
899 4088 1030 4152 plurimum
1041 4097 1136 4150 potest,
1147 4086 1289 4145 σκάψω·

221 4158 261 4206 liis
284 4172 384 4210 onumua
407 4174 463 4211 ante
485 4164 613 4213 Metellum
639 4178 663 4214 et
690 4167 727 4212 Si·
774 4167 835 4214 cido.
857 4228 860 4243 Ι
1293 4148 1300 4165 ⁸
