3054 4772
285 375 358 450 608
599 372 874 444 EXCURSUS
899 372 1043 442 XXIV.
1183 398 1187 411 ’

284 516 414 567 tannim
429 494 588 578 addebat,
603 511 763 585 «propter
776 494 1020 561 usumfructum
1029 524 1053 561 ι.
1065 494 1284 560 Continuatio
1295 516 1391 584 poo-

287 604 439 674 sessionis
461 625 521 691 per
540 600 715 685 colonum,
737 620 770 668 ct
791 601 969 667 aditionem
988 599 1176 667 hereditatis
1193 602 1390 665 manifesta
1506 604 1508 637 ³

286 729 347 779 ont·
366 709 494 776 AEbutii
508 708 630 773 etenim
647 726 754 798 portes
776 712 887 790 erunt,
903 707 1046 774 fundum
1063 707 1248 789 vindicare,
1267 722 1391 795 atque

291 819 335 886 ad
360 817 560 884 Caetenninm
582 815 689 881 solum
709 816 954 882 usumfructum
980 814 1176 904 pertinuisse
1197 814 1389 902 probare:

290 923 382 1016 quod
397 924 450 988 ille
473 938 544 987 tum
565 919 697 986 demum
719 923 824 988 luceto
843 922 1003 1003 instituit,
1028 942 1132 1010 quum
1150 919 1182 984 ri
1204 920 1388 984 Caecinam
1420 940 1431 961 ·

291 1031 434 1122 depulit,
450 1029 576 1118 qui,'ut
593 1028 688 1095 heroo
700 1028 825 1094 interca
835 1028 870 1092 iu
885 1027 1003 1093 veterio
1021 1025 1190 1090 locutionis
1202 1026 1278 1107 jura
1295 1046 1389 1089 sut>

292 1152 432 1205 onerem
450 1159 459 1202 t
473 1153 507 1202 ot
521 1136 587 1202 hoc
599 1151 668 1219 est,
686 1135 777 1224 quod
791 1134 922 1217 dicitur,
937 1133 1047 1198 eodem
1054 1134 1142 1221 jum.
1162 1132 1243 1197 Gn.

293 1326 755 1350 mmmmm
1202 1326 1354 1345 m

454 1519 956 1644 EXCURSUS
1003 1522 1210 1642 XXV

377 1758 442 1828 AD
466 1756 742 1828 0RlT10NEM
767 1755 857 1825 PRO
883 1756 1085 1842 CAECINA,
1108 1757 1207 1826 CAP.
1231 1755 1289 1828 33.

713 1920 951 1946 ..u-⁴·—

342 2078 378 2143 Sr
395 2099 476 2156 Qun>
492 2097 546 2140 ros
561 2096 625 2139 non
639 2094 733 2137 monn
749 2092 889 2153 noum,
904 2093 977 2136 ntus
992 2094 1036 2136 ιιι
1055 2094 1139 2138 uror
1152 2095 1291 2138 nmmmr
1311 2096 1378 2139 no-

300 2207 420 2251 ωιιιιι.
437 2178 774 2277 Legumprincipium
789 2178 938 2243 hocerat
954 2201 963 2243 ε
984 2208 997 2233 «
1009 2180 1151 2263 Consul,
1170 2181 1223 2244 rel
1241 2197 1377 2268 pretor,

300 2291 352 2356 rel
368 2289 450 2354 alius
467 2287 688 2376 magistratus,
700 2285 845 2372 quicum
858 2283 981 2373 populo
993 2301 1119 2374 egerat,
1130 2287 1289 2374 populum
1297 2288 1375 2367 jure

299 2396 434 2486 rogavit,
444 2393 653 2482 populusque
660 2390 781 2454 scivit».
788 2390 979 2454 Extremum
987 2389 1146 2456 muoz-st
1156 2392 1237 2480 quid
1241 2395 1294 2476 jus
1303 2414 1374 2458 non

299 2503 363 2567 fuit
374 2499 499 2590 rogari,
515 2497 583 2578 ejus
595 2518 631 2561 ea
641 2497 712 2585 lego
725 2495 866 2560 nihilum
880 2512 1053 2587 rogatum»
1064 2520 1073 2562 t
1083 2515 1212 2564 constat
1221 2524 1261 2565 ox
1270 2501 1373 2590 prima

299 2609 333 2672 in
356 2603 558 2684 Antonium,
581 2618 614 2666 et
636 2601 706 2692 lege
724 2599 864 2689 quadam
888 2601 976 2690 opud
1000 2604 1198 2670 Frontinum
1217 2606 1258 2672 de
1279 2626 1372 2694 ιιφιω

253 2762 258 2773 .
300 2705 471 2786 (luctibus,
488 2719 521 2768 et
540 2702 624 2768 libro
640 2701 759 2768 Valerii
773 2702 873 2786 Probi
891 2702 932 2769 de
950 2704 1046 2770 Notio
1062 2707 1235 2796 Antiquis,
1252 2710 1286 2772 in
1303 2726 1372 2796 quo

299 2833 411 2899 tamen
425 2811 575 2903 quodam
588 2827 741 2899 corrupta
758 2827 836 2875 sunt
853 2833 861 2875 :
877 2811 1023 2900 itemque
1040 2830 1074 2879 et
1090 2831 1171 2881 orat
1189 2838 1251 2905 pro
1265 2818 1371 2881 Domo

302 2945 361 2987 sua
377 2920 428 2985 his
446 2918 554 2983 verbis
573 2941 582 2983 ε
602 2916 708 2998 «Quae
728 2932 785 2981 tua
803 2917 866 2981 fuit
881 2919 1106 2984 consecratio?
1126 2922 1297 3005 Tuleram,
1320 2922 1370 2986 in·

302 3028 392 3117 quit,
411 3041 449 3089 ut
466 3024 549 3089 mihi
567 3022 697 3103 liceret,
714 3020 795 3110 quid
818 3044 886 3087 non
908 3043 1152 3113 excepera33ut
1169 3028 1197 3092 si
1214 3027 1306 3116 quod
1320 3028 1371 3109 jus
1515 3104 1516 3117 ,

302 3156 370 3198 non
389 3148 474 3201 esset
495 3151 626 3218 rogare,
647 3151 690 3193 ne
714 3145 798 3197 esset
818 3130 1014 3220 rogatum?-
1031 3132 1137 3197 Etiam
1160 3134 1194 3215 in
1218 3135 1310 3224 epist
1332 3133 1373 3200 od
1515 3120 1516 3133 ¹

304 3239 466 3319 Atticum,
481 3235 565 3300 libro
579 3233 650 3316 111,
667 3233 812 3322 Epistola
826 3256 835 3298 ε
849 3234 936 3299 Adv
952 3233 1019 3302 kal.
1033 3236 1091 3301 ubi
1111 3239 1316 3328 rogationem
1334 3239 1372 3304 de
1515 3264 1516 3273 ¹

303 3368 338 3410 se
359 3338 561 3433 restituendo
587 3338 738 3427 scriptum
762 3342 1047 3424 commemoravit,
1072 3342 1124 3407 his
1149 3345 1236 3410 notio
1260 3347 1370 3426 utitur,

303 3472 377 3540 qum
393 3447 458 3511 hoc
479 3441 681 3535 significant,
696 3444 740 3508 E.
760 3444 801 3508 H.
823 3444 860 3508 L.
882 3446 927 3510 Ν.
946 3445 983 3510 ll.
1004 3448 1062 3512 ubi
1080 3465 1188 3513 tomen
1206 3450 1234 3516 1.
1255 3473 1316 3539 pro
1334 3451 1371 3516 L.

302 3568 457 3641 corrupte
481 3549 612 3639 legitur.
636 3548 759 3613 Verum
780 3563 818 3612 ut
840 3548 882 3613 nd
904 3573 971 3619 rem
996 3569 1209 3635 revertamur,
1228 3556 1310 3644 quid
1328 3556 1372 3619 ita

304 3661 400 3726 Sullae
416 3679 483 3722 non
501 3655 565 3720 fuit
575 3654 628 3735 jus
641 3653 677 3719 id
692 3654 830 3744 rogare?
843 3655 907 3720 hoc
922 3655 1114 3747 intelligitur
1125 3683 1165 3724 ex
1175 3660 1290 3726 eodem
1305 3684 1377 3726 ora·
1444 3718 1448 3725 .

306 3768 395 3833 tione
410 3788 418 3829 :
433 3763 565 3846 «Quum
577 3762 659 3844 hoc,
671 3761 779 3849 inquit
791 3806 800 3842 ,
811 3761 892 3841 juris
908 3786 927 3826 a
942 3762 1120 3845 majoribus
1135 3766 1302 3857 proditum
1317 3768 1378 3852 sit,

306 3888 344 3935 ut
368 3894 465 3965 nemo
491 3870 568 3934 civis
587 3891 670 3933 rom.
697 3884 754 3933 tut
778 3868 980 3952 libertatem,
1003 3888 1061 3938 out
1086 3874 1249 3938 civiutem
1272 3875 1378 3963 possit

305 3977 469 4057 amittere,
489 3974 551 4039 nisi
567 3975 635 4063 ipsc
647 3991 761 4040 auctor
778 3975 881 4041 fuctus
901 3976 976 4043 sit.»
992 3979 1036 4043 Et
1054 3979 1163 4068 paullo
1185 3997 1260 4068 pont
1273 4003 1281 4044 ε
1296 3981 1375 4045 «luo

307 4078 514 4160 amajoribus
523 4080 702 4145 nostruin
714 4096 937 4168 eompuutum
955 4100 1022 4168 eet,
1039 4101 1078 4149 ut
1089 4085 1169 4151 ciris
1184 4106 1267 4152 rotn.
1278 4085 1378 4151 liber*
