3176 4770
307 406 373 475 128
614 404 664 471 tt.
691 403 729 468 Τ.
756 403 1050 472 CICERONIS

302 526 522 611 fideliorem,
540 538 606 594 aut
629 525 742 620 copiis
767 522 1061 620 locupletiorem,
1078 541 1140 596 aut
1152 530 1365 600 auctoritate

303 638 514 733 graviorem.
531 635 623 704 Huic
632 636 699 703 iste
712 634 749 700 in
760 633 1042 729 anuossingulos
1055 658 1170 732 quum
1183 641 1366 735 sexaginta

303 749 411 817 tritici
428 744 540 815 millia
557 741 722 814 modium
741 744 1007 839 imperavisset,
1030 767 1098 840 pro
1123 747 1243 817 tritico
1261 773 1366 818 num·

304 882 383 947 mos
409 854 577 939 abstulit,
603 852 730 948 quanti
755 862 854 921 erat²
873 854 911 920 in
934 852 1048 931 Sicilia
1070 855 1252 926 triticum:
1272 881 1365 952 quos

300 966 344 1037 de
364 964 511 1062 publicu
531 986 699 1033 nummos
717 976 920 1057 acceperat,
952 964 1103 1033 retinuit
1122 989 1262 1036 omnes.
1286 964 1364 1037 ob-

301 1076 446 1170 stupui,
478 1068 640 1165 judices,
667 1095 782 1166 quum
811 1069 881 1140 hoc
909 1071 998 1141 mihi
1027 1074 1185 1168 primum
1203 1075 1371 1153 ,Halesiae

302 1181 561 1255 demonstravit
589 1181 624 1249 in
654 1195 780 1251 senatu
808 1179 1057 1251 Halesinorum
1084 1182 1195 1253 homo
1222 1208 1363 1255 summo

300 1297 466 1390 ingenie,
487 1312 628 1361 summa
653 1288 860 1386 prudentia,
886 1313 1025 1361 summa
1042 1298 1363 1391 auctoritateprae·

301 1402 415 1485 ditus,
434 1399 622 1471 Halesinus
639 1402 789 1469 AEueas:
808 1399 868 1470 cui
888 1416 1033 1472 senatus
1054 1403 1202 1475 dederat
1218 1404 1363 1502 publice

302 1507 517 1609 [causam]³,
544 1524 586 1579 ut
601 1509 701 1578 mihi
724 1506 897 1605 fratrique
918 1535 1000 1587 meo
1022 1515 1152 1608 gratias
1170 1513 1364 1609 ageret3'et

302 1620 423 1703 simul,
441 1623 503 1717 qui
514 1644 581 1690 nos
592 1643 649 1706 ea,
660 1644 741 1715 quae
756 1619 799 1689 ad
810 1619 988 1713 judicium
1002 1623 1242 1717 pertinerent,
1256 1621 1363 1692 doce·

300 1746 366 1801 ret.
384 1735 631 1813 Demonstrat,
650 1729 744 1800 hauc
762 1732 863 1799 istius
877 1731 1177 1803 consuetudinem
1197 1756 1238 1803 ac
1253 1735 1363 1803 ratio·
1426 1812 1428 1815 ,
1526 1720 1529 1723 Χ

301 1866 387 1912 nem
400 1839 509 1910 fuis‘se
524 1868 532 1910 :
548 1865 664 1936 quum
676 1840 795 1911 omnis
808 1837 979 1911 [rumenti
993 1845 1097 1937 copia
1108 1841 1364 1913 decumarum‘*

299 1951 447 2020 nomine
461 1972 573 2046 penes
588 1952 696 2018 istum
711 1962 804 2019 esset
819 1949 980 2035 redacta,
1000 1951 1145 2021 solitum
1161 1975 1237 2021 esse
1255 1953 1362 2021 istum

300 2060 492 2157 pecuniam
502 2083 631 2155 cogere
640 2084 659 2128 a
669 2057 872 2129 civitatibus
883 2085 892 2144 3
904 2056 1130 2130 frumentum
1139 2059 1363 2157 improbare;

300 2184 480 2266 quantum
498 2166 671 2238 frumenti
688 2172 839 2238 Romam
858 2184 951 2239 esset
967 2167 1202 2254 mittendum,
1225 2184 1364 2239 tantum

299 2278 345 2349 de
353 2303 420 2351 suo
431 2273 604 2374 quaes1u5,
617 2275 711 2348 aede
725 2302 788 2347 sua
796 2276 1079 2375 copiafrumenti
1087 2282 1238 2349 mittere.
1250 2284 1364 2349 Posco

299 2385 478 2460 rationes⁶
492 2414 499 2454 ε
516 2389 668 2484 inspicio
681 2385 820 2456 literas:
832 2386 939 2457 video
952 2385 1123 2458 frumeuti
1133 2411 1285 2484 granum
1298 2392 1364 2458 Ha·

299 2498 450 2585 lesiuos,
464 2495 598 2593 quibus
611 2522 657 2565 cx
667 2494 774 2565 millia
787 2497 951 2566 modium
962 2498 1137 2594 imperata
1150 2512 1270 2580 erant,
1285 2496 1364 2566 nul·
1462 2586 1466 2591 ὁ
1491 2498 1540 2597 ..j

217 2687 219 2693 y
299 2609 376 2678 lum
394 2604 554 2677 dedisse:
571 2607 761 2704 pecuniam
783 2606 964 2690 Volcati0,
983 2604 1219 2693 Timarchidi,
1239 2604 1363 2676 scribat

300 2717 448 2789 dedisse.
473 2719 627 2813 Reperio
651 2740 765 2812 genus
786 2715 1014 2809 hujusmodi,
1038 2715 1197 2810 judices,
1219 2716 1364 2814 praedae,

302 2845 341 2901 ut
358 2844 504 2926 praetor,
522 2830 585 2924 qni
600 2826 825 2898 frumentum
839 2851 959 2897 emere
973 2824 1146 2915 debebat,
1160 2853 1236 2898 non
1251 2819 1364 2911 emat,

233 2950 237 2957 '
301 2940 364 3011 sed
394 2937 547 3024 vendat;
578 2940 763 3036 pecunias,
796 2961 887 3032 quas
917 2936 1119 3033 civitatibus
1149 2937 1364 3009 distribuere

301 3048 478 3135 debebat,
501 3072 559 3116 eas
579 3072 706 3117 omues
724 3061 859 3117 avertat
881 3063 988 3144 atque
1009 3047 1157 3120 auferat.
1176 3054 1257 3121 Non
1277 3050 1364 3120 mihi

298 3162 372 3253 jam
390 3156 545 3242 furtum,
568 3157 631 3227 sed
649 3171 853 3227 monstrum
874 3182 914 3227 ac
932 3157 1138 3255 prodigium
1156 3158 1363 3229 videbatur:

301 3271 482 3340 civitatum
518 3265 738 3337 frumentum
773 3267 1002 3364 improbare,
1041 3292 1145 3338 sunm
1188 3267 1363 3361 probare3

336 3530 361 3562 α.
377 3506 471 3574 Quanti
490 3517 552 3553 erat.
565 3505 613 3551 Pro
632 3502 725 3550 tutione
738 3503 810 3565 pretii
855 3514 946 3563 ageret.
956 3501 1031 3562 Quod
1037 3502 1063 3547 in
1073 3501 1178 3549 Siciliam
1187 3503 1220 3549 ad
1229 3501 1363 3564 colligenda

299 3612 350 3663 quo
368 3597 393 3640 in
411 3589 492 3637 Sicilia
502 3583 652 3634 vendebatur
672 3584 697 3629 in
714 3583 810 3631 modios
856 3582 937 3627 Verris
946 3580 1046 3629 crimina
1056 3581 1160 3644 profecti
1169 3597 1282 3630 ememus,

300 3674 417 3739 singulos,
891 3668 915 3715 4.
932 3660 1104 3709 Decumarum.
1128 3660 1363 3724 Secundamm,pro

336 3758 359 3803 3.
373 3750 521 3800 Dederat...
535 3758 644 3793 causam.
660 3743 722 3789 Rara
735 3751 760 3788 et
766 3756 809 3786 no·
853 3737 941 3801 quibus
953 3739 1056 3801 pecunia
1076 3738 1178 3787 dabatur
1190 3739 1332 3788 aratoribus.

300 3834 371 3882 tanda
386 3828 492 3883 locutio,
507 3841 553 3890 pro
567 3822 666 3871 dederat
676 3820 808 3882 negotium.
890 3817 914 3864 t.
928 3820 966 3864 De
979 3835 1023 3865 sno
1036 3832 1137 3882 qucrstu.
1149 3822 1186 3868 Dc
1199 3836 1229 3867 oo
1240 3819 1363 3869 ‘frumento
1449 3851 1459 3877 ς
1476 3808 1478 3812 ⁴

299 3939 332 3949 -
346 3912 450 3958 Causam
465 3904 595 3952 delendum
615 3911 696 3948 censet
716 3900 809 3945 Erneu.
854 3896 921 3959 quod
934 3897 1056 3960 praedatus
1068 3910 1119 3947 erat
1127 3900 1227 3963 copiose
1236 3917 1265 3948 cx
1280 3903 1364 3965 primis
1455 3892 1458 3897 ’

301 3987 485 4037 minaturum
504 3985 569 4029 idem
580 3980 623 4044 qui
634 3991 755 4039 tamquam
765 3991 808 4037 pe·
854 3975 971 4024 decumis.
1066 4036 1069 4043 Ι

299 4065 487 4113 mmoohoerens
499 4059 626 4122 expungit.
640 4053 810 4115 --Fratrique
889 4058 914 4102 6.
937 4060 1013 4103 Posco
1039 4057 1156 4105 rationes.
1175 4063 1250 4115 Acta,
1270 4059 1363 4107 tabulas

300 4161 363 4192 mco.
383 4138 485 4188 Patrocli
505 4141 532 4185 L.
551 4135 642 4183 'ratim
656 4162 691 4169 -
711 4133 810 4182 Gratias
854 4136 972 4199 publicar,
