3148 4780
347 451 402 521 m
426 450 636 549 ysaram
660 452 767 520 aer.
792 452 852 535 11,
876 453 966 521 ma.
993 456 1035 522 v.
1149 458 1215 556 37¹

167 574 304 659 ritiam,
325 573 472 642 nomine
488 568 607 641 classis
619 583 713 645 esset
726 570 765 639 in
777 568 909 659 Sicilia,
924 596 963 643 re
976 574 1123 669 quidem
1136 606 1221 654 vera

169 707 276 755 naves
301 683 445 767 inanes,
469 704 549 776 quae
571 677 729 776 praedam
751 683 914 777 praetori,
939 707 1013 757 nou
1036 710 1115 782 quae
1133 715 1221 786 prae-

168 792 326 864 donibus
354 805 491 862 metum
515 786 702 877 afferrent,
728 804 867 874 tamen,
898 816 1012 888 quum
1043 800 1080 866 P.
1109 801 1222 873 Caese.

169 902 266 977 tius6
284 920 320 977 et
337 910 375 976 P.
396 903 527 975 Tadius
548 902 674 974 decem
692 902 842 975 navibus
859 904 914 976 his
934 909 1140 1005 semiplenis
1160 926 1223 986 ua·

139 1075 143 1084 .
168 1017 347 1114 rigarent,
367 1038 496 1111 navem
517 1011 731 1110 quamdam,
754 1017 949 1110 piratarum
972 1019 1091 1114 prada
1115 1022 1223 1095 refer-

168 1139 260 1212 tam,
279 1150 355 1195 non
372 1136 566 1220 ceperunt,
580 1120 642 1193 sed
655 1119 899 1211 adduxerunt,
913 1150 1024 1196 onere
1038 1117 1106 1199 suo
1118 1132 1226 1227 plane

167 1248 305 1331 captam
329 1248 438 1329 atque
457 1231 671 1328 depressam.
690 1236 776 1302 Erat
796 1257 837 1303 ea
859 1237 958 1307 navis
975 1235 1083 1334 plena
1099 1238 1227 1333 juven-

168 1344 254 1413 tutis
269 1341 551 1423 formosissima,
569 1339 677 1437 plena
695 1343 831 1436 argenti
852 1340 936 1414 facti
953 1359 1062 1441 atque
1080 1351 1227 1445 signati,

168 1450 281 1522 multa
308 1474 392 1520 cum
424 1447 580 1545 stragula
605 1461 713 1518 veste.
740 1454 821 1521 Haec
846 1475 919 1521 una
944 1455 1043 1524 navis
1068 1479 1089 1526 a
1115 1457 1225 1532 classe

169 1574 294 1630 nostra
310 1583 384 1629 non
403 1569 507 1654 capta
521 1570 593 1642 est,
611 1554 675 1626 sed
691 1559 836 1629 inventa
853 1558 897 1629 ad
912 1562 1148 1658 Megaridem,
1162 1569 1227 1665 qui

169 1669 270 1739 locus
290 1679 345 1738 est
365 1690 441 1737 non
461 1664 568 1760 longe
588 1688 610 1735 a
631 1665 823 1760 Syracusis.
848 1667 957 1757 Quod
972 1668 1036 1740 ubi
1054 1672 1113 1743 isti
1130 1699 1227 1747 nun·

169 1781 299 1849 tiatum
320 1790 392 1865 est,
417 1776 557 1846 tametsi
580 1774 719 1845 inacta
741 1799 826 1847 cum
849 1777 1067 1855 mulierculis
1085 1784 1226 1877 jacebat

169 1887 311 1973 ebrius,
330 1887 442 1957 erexit
456 1909 495 1955 se
512 1898 652 1970 tamen,
668 1902 704 1956 et
717 1887 835 1965 statim
854 1891 1018 1984 quaestori
1035 1891 1227 1991 legatoque

101 2062 110 2075 ,
170 2021 237 2068 suo
255 1995 444 2068 custodes⁷
465 1994 561 2063 misit
577 1992 798 2087 complures,
815 2009 857 2067 ut
872 2001 994 2069 omnia
1007 1999 1076 2070 sibi
1088 2006 1228 2100 integra

169 2131 280 2205 quam
300 2110 458 2204 primum
479 2101 746 2174 exhiberentur.

217 2214 419 2313 Appellitur
440 2213 540 2284 navis
563 2213 777 2307 Syracusas:
794 2227 1023 2309 exspectatur
1042 2216 1089 2288 ab
1108 2225 1226 2293 omni·

170 2322 261 2410 bus;
289 2321 505 2420 supplicium
534 2314 655 2390 sumit
684 2319 729 2390 de
762 2322 909 2418 captivis
937 2338 1111 2419 putatur:
1139 2330 1227 2421 iste,

170 2434 272 2529 quasi
291 2429 410 2530 praeda
427 2430 496 2502 sibi
514 2427 681 2515 advecta,
702 2452 779 2499 uon
796 2428 1026 2527 praedonibus
1044 2438 1175 2534 captis,
1197 2445 1228 2512 si

171 2544 235 2640 qui
248 2567 350 2613 senes
364 2553 426 2611 aut
441 2538 620 2611 deformes
635 2552 753 2626 erant,
773 2563 834 2610 eos
847 2541 886 2611 in
899 2538 1058 2614 hostium
1075 2569 1229 2621 numero

171 2649 289 2739 ducit;
313 2652 377 2746 qui
405 2647 542 2745 aliquid
567 2645 710 2737 formae,
730 2654 860 2736 aetatis,
885 2650 1096 2750 artificiique
1118 2656 1229 2730 habe»

173 2756 282 2842 bant,
306 2756 453 2830 abducit
475 2781 622 2847 omnes,
648 2757 844 2828 nonnullos
873 2757 997 2830 scribis
1017 2764 1109 2850 suis,
1135 2765 1229 2855 filio,

171 2865 386 2961 cohortique
400 2865 597 2953 distribuit;
615 2865 892 2965 symphoniacos
904 2865 1070 2939 homines
1082 2893 1143 2941 sex
1157 2876 1230 2944 cui·

171 2975 255 3047 dam
279 2977 394 3045 amico
416 2999 483 3046 suo
505 2979 655 3046 Romam
680 2978 823 3046 muneri
849 2975 953 3045 misit.
980 2979 1062 3047 Nox
1078 2977 1137 3049 illa
1155 2994 1230 3053 tota

209 3208 234 3255 6.
247 3207 273 3254 P.
290 3202 412 3253 Curetim.
424 3203 508 3251 Verri·
521 3212 637 3266 quator.
645 3229 681 3240 -
723 3205 822 3269 eligere,
832 3220 910 3268 quum
920 3206 1141 3273 vellentindnlgere
1149 3213 1228 3276 μὴ),

174 3290 203 3335 Ρ.
222 3284 321 3335 Tadius.
335 3281 450 3344 Ejusdem
465 3281 569 3345 legetur.
585 3307 621 3317 -
631 3282 681 3328 Au·
723 3283 798 3333 Unde
810 3280 932 3345 ἀιτάζιιν,
950 3286 978 3334 in
994 3286 1067 3336 litore
1079 3291 1182 3346 vauri,
1200 3292 1227 3340 id

170 3365 383 3431 masuerum.
397 3364 461 3410 Vm
473 3371 531 3409 sunt
544 3376 598 3424 quse
609 3375 682 3409 orue-
724 3375 772 3423 est,
783 3363 885 3428 epulari.

87 3432 90 3435 i
174 3438 682 3504 mentietmgniliceutioessntiaelabo-
760 3442 1231 3509 7.Gmtudes.llumineequiebeem.

174 3534 267 3571 mutar.
287 3519 412 3585 Signatum
428 3529 466 3567 eet
482 3518 598 3582 pecunia,
615 3517 681 3581 quie,
724 3531 779 3568 rent
790 3536 822 3569 ne
832 3520 893 3584 (prid
905 3521 968 3569 clm
978 3534 1141 3575 amoveretur.

174 3600 212 3649 uti
223 3614 304 3657 nune,
317 3600 414 3663 signnm
426 3596 527 3660 aliquod
537 3596 681 3661 impressum
757 3599 1148 3666 8.Supplreiumsumi.8nmptm
1153 3603 1231 3654 iri.—
1245 3633 1251 3643 -

174 3678 268 3728 habuit.
278 3680 353 3725 -In
366 3689 433 3725 acta.
449 3676 479 3724 Id
496 3686 545 3733 est,
560 3677 586 3723 in
598 3676 679 3724 litore.
723 3672 755 3719 Iu
766 3667 871 3718 bouum
883 3686 982 3719 numeru
993 3670 1078 3732 ducit,
1089 3671 1116 3720 id
1127 3683 1179 3733 est,
1190 3674 1231 3722 ul·

176 3758 238 3805 Nem
248 3769 332 3805 utam
344 3755 420 3820 vulgo
433 3755 578 3818 Syracusani
587 3754 645 3803 litus
654 3754 682 3802 il·
725 3750 786 3797 timo
796 3748 919 3812 supplicio
930 3747 1013 3797 efficit.
1025 3776 1061 3786 -
1070 3751 1167 3799 AEtau's.
1181 3753 1231 3815 Qui

175 3835 219 3884 lud
239 3835 401 3900 appellabant.
420 3833 572 3882 Describitur
593 3849 681 3897 supra,
724 3839 794 3876 aetate
806 3826 943 3887 llorebsn13
955 3827 1130 3878 adolescentes.
1148 3832 1231 3893 Infra,

177 3930 230 3977 cap.
248 3930 285 3961 ru.
298 3914 337 3960 Fit
349 3930 363 3960 a
377 3928 456 3976 graeeo
470 3907 541 3964 ἀκτή.
554 3914 607 3959 Hae
620 3927 680 3959 voce
725 3923 781 3970 cap.
799 3922 842 3968 ²9·
855 3932 892 3943 -
904 3904 1020 3973 Artificii.
1038 3905 1088 3969 Qui
1099 3918 1175 3957 artem
1188 3911 1232 3960 nli.

177 4007 234 4038 usus
247 4002 282 4039 est
290 3990 362 4039 etiem
369 3991 498 4054 Virgilius,
508 3993 563 4039 En·
574 3990 678 4051 V‚613:
723 4002 797 4050 quern
809 3986 943 4045 callebant,
953 3985 1046 4034 scilieet
1052 3985 1146 4047 literas,
1159 3992 1233 4039 musi-

177 4071 231 4116 «At
245 4069 332 4132 procul
349 4069 377 4117 in
395 4070 446 4118 sola
466 4080 563 4119 secreoe
574 4068 681 4118 Troades
724 4063 1232 4129 cnm,ec.-c0toreique.1³mroriae.sd.

175 4157 256 4195 acta».
271 4147 384 4195 Solebeut
400 4160 480 4198 autem
492 4159 583 4198 veteres
599 4157 681 4196 actam
725 4146 786 4194 Exc.
798 4144 829 4193 de
838 4147 908 4193 Praet.
917 4158 988 4207 prov.
1001 4155 1020 4194 t.
1031 4147 1052 4205 1,
1062 4156 1123 4207 pert.
1131 4148 1232 4195 secund.

1082 4233 1138 4313 ad.
