3186 4772
403 404 455 472 IN
480 402 697 471 VERREM
722 403 830 471 ACT.
857 403 911 485 ΙΙ,
935 402 1025 470 LIB.
1053 401 1095 469 V.
1207 396 1277 485 343

218 546 282 595 nes
297 521 461 593 viderint.
482 525 549 594 Hic
561 524 612 593 ita
628 522 772 593 vivebat
788 525 854 592 iste
873 519 993 591 bonus
1014 524 1209 617 imperator
1226 521 1280 591 hi-

217 631 340 704 bernis
355 631 556 720 mensibus,
574 646 616 702 ut
627 657 709 704 cum
729 657 805 703 non
821 629 943 719 facile,
961 655 1036 701 non
1052 630 1163 703 modo
1179 645 1281 702 extra

218 754 371 831 tectum,
385 741 449 813 sed
470 764 518 813 ne
536 756 637 813 extra
653 742 786 814 lectum
809 741 957 838 quidem
974 740 1165 835 quisquam
1179 739 1278 812 vide·

216 865 274 922 ret
295 878 304 920 :
324 853 374 922 ita
389 850 459 923 diei
478 849 633 923 brevitas
654 852 846 937 conviviis,
863 851 980 921 noctis
999 847 1188 944 longitudo
1202 861 1278 918 stu·

217 962 292 1056 pris
309 974 346 1030 et
366 958 506 1059 flagitiis
525 959 790 1033 conterebatur.
817 963 940 1051 Quum
959 969 1100 1028 autem⁷
1122 980 1184 1027 ver
1202 980 1279 1028 csse

217 1083 393 1165 coeperat,
419 1069 524 1164 cujus
541 1070 685 1140 initium
702 1070 768 1142 iste
786 1094 859 1141 non
874 1093 894 1139 a
908 1069 1079 1153 Favoni0‚
1098 1090 1217 1162 neque
1232 1064 1279 1137 ab

216 1175 338 1273 aliquo
363 1172 484 1249 astro⁸
506 1177 675 1265 notabat3
703 1178 787 1265 sed,
812 1202 927 1275 quum
953 1186 1094 1249 rosam⁹
1120 1173 1280 1262 viderat,

216 1297 305 1356 tunc
322 1288 482 1383 incipere
493 1312 556 1358 ver
572 1286 812 1359 arbitrabatur
830 1315 839 1358 ε
857 1285 966 1358 dabat
980 1309 1018 1357 sc
1036 1282 1151 1355 labori
1169 1297 1280 1380 atque

215 1393 426 1484 itineribus3
447 1396 486 1465 in
500 1394 634 1492 quibus
647 1384 762 1493 usque
773 1421 817 1469 eo
834 1393 1070 1495 sepraebebat
1082 1393 1279 1491 patientem

217 1516 328 1598 atque
344 1504 557 1599 impigrum,
578 1520 620 1576 ut
637 1529 720 1577 eum
736 1531 845 1577 nemo
858 1528 1033 1602 umquam
1049 1506 1088 1574 in
1105 1527 1202 1600 equo
1224 1525 1279 1574 se·

217 1609 363 1682 dentem
380 1612 568 1684 viderct¹⁰.

266 1724 324 1791 XI.
347 1725 456 1810 Nam,
485 1738 526 1794 ut
549 1746 629 1795 mos
653 1722 742 1794 fuit-¹
774 1724 946 1823 Bithyniae
973 1725 1133 1824 regibus,
1155 1724 1280 1795 lectica

217 1828 444 1927 octophoro²
464 1829 665 1919 ferebatur,
685 1836 722 1903 in
748 1858 821 1931 qua
838 1834 1006 1932 pulvinus
1026 1847 1102 1907 crat
1123 1833 1278 1931 perluci-

217 1936 303 2027 dus,
322 1938 523 2013 Melitensi³
539 1964 620 2014 rosa
637 1940 750 2014 fartus
769 1971 778 2014 z
795 1943 872 2041 ipse
890 1957 1010 2015 autern
1024 1965 1198 2015 coronam
1214 1940 1278 2010 ba-

254 2129 367 2191 7.Quum
376 2140 465 2177 autem.
474 2128 546 2177 Veris
554 2128 650 2178 initium
661 2131 726 2177 vario
767 2129 889 2183 luxuriam
904 2132 1005 2193 ejusque
1024 2129 1162 2194 auporbiam
1182 2130 1279 2191 ponitur

216 2216 311 2254 votam
321 2207 481 2271 migrarunt.
495 2208 525 2257 C.
540 2206 622 2256 Julius
632 2208 726 2266 Cacsar,
768 2206 901 2257 adumbret.
921 2209 1024 2255 Lectica
1037 2223 1094 2255 urua
1107 2224 1138 2255 cx
1155 2207 1213 2256 Aria
1226 2209 1278 2254 Ro·

217 2283 319 2333 dovictia
327 2285 726 2350 Pompeiiprraiboa‚quumacad
767 2302 831 2334 naua
850 2286 963 2350 portauit
989 2285 1137 2333 Graccbauia
1162 2286 1278 2350 tempori·

218 2362 382 2412 ordinandum
402 2364 543 2429 reipublicae
563 2375 651 2413 aratum
664 2381 725 2413 cou-
767 2363 821 2413 bur.
845 2366 880 2412 Ea
899 2364 987 2430 aoepiua
1006 2364 1113 2423 seminar,
1136 2379 1190 2413 raro
1212 2363 1276 2420 viri,

160 2469 163 2474 -
217 2442 727 2509 vertimt,factorquecorrigcretfflriuci·
767 2444 952 2508 nisiinrupinir
962 2442 1278 2503 dcliciia‚autmorbo,vc-

217 2520 286 2584 pium
307 2523 370 2570 varia
388 2523 473 2570 statuit
491 2522 523 2571 ad
536 2521 600 2570 dictu
613 2534 726 2571 octavum
768 2523 902 2573 ctabartur.
908 2523 968 2572 vit.
977 2538 1050 2587 cupra
1060 2522 1104 2570 lib.
1111 2525 1155 2581 tv,
1164 2538 1219 2586 cap.
1234 2531 1276 2579 rt.

218 2611 274 2649 anta
282 2600 397 2649 kalendar
407 2601 506 2665 aprilis,
517 2601 567 2650 hoo
581 2614 629 2661 cat,
637 2600 678 2649 dic
692 2604 725 2650 ²5
769 2603 917 2652 Iaeoticaruru
930 2619 1014 2664 urum,
1026 2602 1084 2667 quia
1096 2601 1159 2651 ultra
1177 2601 1277 2648 modum

218 2678 631 2728 martiibCaeaar-iarationcnortra
641 2695 726 2745 parum
768 2681 879 2746 vulgatur
904 2682 998 2737 lucrat,
1021 2682 1100 2732 Caeaar
1120 2691 1205 2744 poatca
1224 2678 1277 2744 lega

219 2754 293 2805 dictat
309 2756 380 2806 ratio.
398 2758 483 2807 Nostri
503 2759 567 2806 enim
579 2759 726 2824 principium
769 2760 884 2809 coarcuit.
898 2760 999 2806 Sucron.
1015 2758 1107 2807 insul.
1122 2758 1232 2822 cap.ti.

218 2833 281 2881 illud
296 2846 383 2883 notant
395 2852 409 2883 a
419 2838 499 2902 primo
513 2839 590 2901 gradu
600 2839 691 2888 Arietis
700 2839 726 2886 iu
804 2854 829 2885 a.
845 2836 990 2901 Octaphoro.
1003 2836 1067 2898 Quia
1079 2846 1137 2883 octo
1151 2850 1276 2882 servorum

219 2929 291 2978 quem
300 2913 654 2983 aoliugrrditur.Veriaprimua
660 2933 726 2966 meu·
767 2917 874 2967 homerio
886 2914 1015 2963 letabatur.
1028 2915 1051 2961 Ο
1064 2905 1120 2961 rerc
1132 2928 1225 2961 novum
1233 2928 1276 2976 gc-

219 2992 254 3041 aia
274 2993 396 3041 veteribua
414 2993 539 3044 dicebatur
556 3012 604 3044 ver
623 3013 726 3058 rovum,
768 3012 815 3045 uua
827 2994 991 3060 imperatoria!
1010 2992 1053 3057 qui
1074 2993 1152 3042 nescit,
1163 2991 1277 3039 virtutem

220 3071 341 3121 arundus
362 3072 485 3131 «daritiam,
510 3075 594 3121 tertius
608 3091 725 3140 proeceps.
768 3072 963 3139 pulverulentam
974 3070 1277 3131 oaae‚coloratam‚callo-

219 3151 296 3214 Quod
309 3151 380 3198 etiam
392 3151 418 3198 iu
437 3151 515 3199 tribua
529 3151 582 3200 aliia
595 3153 653 3200 anni
666 3164 727 3201 tcm-
769 3168 808 3200 raa
819 3150 907 3200 habero
924 3167 1009 3200 manua
1019 3166 1026 3201 :
1038 3162 1065 3199 ut
1077 3151 1112 3199 ait
1124 3151 1181 3200 Son.
1199 3149 1229 3199 dc
1242 3150 1276 3199 V.

219 3228 321 3294 poribus
332 3228 511 3276 observabatur.
769 3231 798 3278 B.
809 3246 862 3294 cap.
875 3247 899 3291 7.

257 3308 282 3358 8.
291 3309 329 3357 Ab
341 3309 425 3372 aliquo
438 3317 516 3357 astro,
526 3307 566 3355 Ab
577 3323 627 3355 uuo
644 3308 727 3371 aliquo
806 3304 829 3357 ³.
842 3307 969 3358 Melitmri.
983 3308 1118 3358 Meliteuaia
1130 3324 1184 3356 rora
1202 3307 1278 3357 nulli·

220 3404 234 3436 a
247 3387 323 3451 aignia
335 3386 465 3435 duodecim
481 3384 587 3445 zodiaci,
604 3388 655 3434 aive
666 3386 728 3435 illud
769 3386 923 3438 bilautlatur.
934 3387 1018 3438 Codex
1030 3388 1113 3437 Uraiui
1125 3387 1279 3437 babctdiilr-

219 3466 251 3513 ait
261 3466 399 3531 Aquarius,
416 3464 466 3513 rire
475 3464 557 3523 Aries,
570 3474 612 3512 aut
624 3463 729 3529 quodvis
769 3466 808 3514 ria
820 3484 892 3523 rora,
905 3483 959 3532 quar
971 3467 1045 3517 lectio
1059 3468 1156 3516 Graevio
1167 3482 1219 3515 nou
1228 3465 1279 3514 dia·

220 3544 295 3595 aliud.
770 3547 853 3609 plicet.
873 3545 944 3594 Certe
961 3546 1080 3595 Milesiam
1099 3562 1180 3594 rotam
1193 3543 1277 3592 laudat

256 3640 283 3687 9.
292 3623 342 3670 Sed
348 3639 422 3687 quum
432 3638 521 3670 rosam.
530 3624 591 3685 Quae
606 3638 660 3669 vere
669 3637 729 3687 prae·
771 3624 874 3682 Pliniua,
883 3624 925 3673 lib.
933 3626 997 3672 xx]
1004 3641 1071 3689 ,cap.
1083 3632 1108 3680 4.
1117 3625 1202 3686 Itaque
1209 3623 1278 3669 lien-

221 3702 304 3768 ciprii,
314 3702 399 3750 saltem
411 3701 477 3766 apud
488 3717 550 3759 uos,
561 3700 726 3749 aoletflorerc.
769 3701 814 3750 ric.
832 3702 863 3753 dc
878 3703 983 3750 ldcamea
1001 3702 1095 3766 legebat
1113 3703 1203 3765 (quam
1225 3702 1278 3762 ejus

259 3795 299 3830 ιο.
308 3781 432 3828 dedentem
441 3779 543 3828 videret.
551 3780 627 3828 Aliud
633 3790 657 3827 ct
666 3781 728 3828 mul·
771 3783 934 3841 conjecturam
940 3782 1057 3842 adjuvant
1064 3780 1162 3845 plurimi
1171 3778 1280 3845 codices)

221 3871 248 3908 to
256 3858 371 3907 illustrius
382 3859 504 3923 patientia
514 3859 651 3923 exemplum
660 3859 729 3909 dabit
772 3859 904 3907 Melitensis
915 3874 961 3922 pro
973 3858 1093 3907 Melicerta*
1098 3893 1107 3920 ,
1117 3869 1144 3906 ut
1157 3868 1218 3906 earet
1229 3859 1279 3906 eli·

222 3938 322 3987 Sucton.
331 3940 358 3985 iu
369 3938 420 3987 sul.
429 3936 471 4000 57.
772 3937 1008 4000 quclitenai‚quod
1017 3936 1075 3984 olim
1087 3938 1134 3985 luit
1144 3937 1281 3998 indebetis,

257 4019 303 4065 11.
320 4034 343 4066 r.
366 4019 396 4064 Ut
413 4033 464 4065 mos
474 4015 538 4083 ficit.
557 4017 619 4069 Cum
631 4017 728 4082 ragibua
771 4027 859 4081 utpote
871 4016 1036 4064 tcnuiraimum
1046 4027 1070 4064 ct
1085 4017 1278 4066 subtilissimum.

222 4096 447 4160 BithyniaeVerram
455 4095 727 4161 murmurantium,
771 4097 1025 4162 Receperuutllrncrt.
1038 4098 1120 4149 eruut
