3054 4772
265 426 338 513 604
575 426 852 498 EXCURSUS
872 426 997 496 XXII.

262 549 324 614 niti
340 547 427 615 diest
439 546 633 634 disibodum,
646 548 688 616 de
703 572 745 615 eo
760 548 930 614 consultus
941 544 1121 635 Aquillius,
1134 546 1254 635 aliique
1264 548 1344 612 fue·

263 655 349 738 rint,
372 653 491 720 dehoc
508 656 714 745 potissimum
732 654 876 722 dubitari
891 668 1028 719 constat.
1043 651 1167 717 Confer
1181 675 1255 741 quse
1271 652 1345 719 dixi

263 760 305 827 ad
319 783 390 851 esp.
410 783 461 828 ιι.
479 760 565 828 Gsu.

810 941 1321 964 mmmmm

389 1120 901 1257 Excessus
954 1035 1218 1251 xxiii

348 1379 414 1449 AD
438 1376 713 1448 ORATIONEM
736 1375 829 1446 PRO
854 1374 1055 1458 CAEClNA,
1080 1373 1179 1443 CAP.
1199 1368 1255 1442 31.

689 1549 929 1578 *-

312 1708 460 1797 Nt'siqtts'
474 1709 509 1773 in
525 1731 562 1773 eo
577 1707 648 1776 Ioco
665 1724 758 1793 esset,
775 1710 944 1799 nunejem
958 1707 1227 1799 possseoncedis,
1248 1730 1348 1790 curn,

268 1815 326 1904 qni
336 1836 400 1878 non
407 1814 586 1904 possideat,
599 1838 700 1903 negat
713 1816 809 1905 dp't‘ct'
818 1837 918 1903 posse.
932 1815 986 1880 Sic
999 1813 1074 1879 Aldi
1086 1815 1176 1879 libet.
1189 1814 1268 1897 Alii,
1280 1814 1352 1902 opi·

270 1941 343 2002 nor,
352 1942 468 1985 omnes
480 1943 490 1986 t
502 1952 516 1978 ι
524 1920 596 1986 Nisi
610 1922 667 2010 qui
679 1921 715 1985 in
726 1943 766 1986 eo
775 1921 849 1985 loco
865 1922 978 2003 fuerit,
995 1942 1088 1985 nunc
1097 1921 1156 2008 qui
1167 1918 1350 2008 possident,

269 2047 364 2110 eum,
381 2026 600 2092 etiamsinon
615 2027 715 2092 fuerit
730 2027 766 2091 iu
779 2047 820 2092 eo
836 2027 926 2109 loco,
940 2025 1034 2108 dejici
1051 2048 1147 2114 posse
1158 2025 1311 2091 concedis
1321 2057 1347 2090 ι.

272 2131 381 2214 Quam
397 2132 571 2198 lectionem
588 2132 678 2197 hnud
694 2133 763 2198 scio
780 2155 846 2221 qus
863 2131 906 2198 de
919 2153 1015 2197 cause
1030 2131 1180 2196 librarius
1196 2152 1272 2195 cum
1285 2130 1353 2196 luc

270 2254 424 2328 corrupto
434 2255 469 2305 et
476 2240 695 2305 contaminata
703 2240 962 2305 commutaverit.
974 2237 1250 2303 Sensusestenim
1260 2235 1351 2301 illius

273 2345 495 2431 apertissimus
506 2368 515 2410 ε
527 2360 621 2410 antes
638 2367 766 2434 semper
781 2346 911 2435 negavit
926 2343 1083 2410 AEbotius
1101 2342 1261 2425 deiectum
1279 2342 1353 2406 css-

273 2447 380 2519 cinnm
396 2472 434 2513 ex
449 2448 555 2513 fundo
570 2450 781 2532 Fulciniano,
801 2448 891 2539 quod
907 2450 942 2513 in
963 2472 1003 2514 eo
1019 2472 1087 2514 non
1111 2447 1243 2531 fuisset,
1258 2470 1353 2512 nunc

270 2551 336 2616 hoo
352 2551 449 2618 dicit:
464 2552 627 2633 dejectum
643 2570 773 2619 tentum
789 2556 848 2644 qui
863 2554 1027 2645 possidet,
1044 2554 1099 2619 coi
1110 2555 1227 2618 Cicero
1240 2554 1287 2618 sic
1300 2576 1355 2617 re·

271 2657 336 2721 lert
350 2681 359 2723 ε
375 2658 540 2724 Possessio
561 2658 683 2750 duplex
696 2678 766 2745 est,
783 2679 842 2727 sut
857 2662 957 2727 animi
980 2662 1103 2727 scilicet
1115 2678 1173 2725 aut
1188 2660 1354 2748 corporis,

273 2762 393 2829 absens
415 2765 504 2830 enim
523 2788 679 2857 corpote,
697 2768 809 2835 auimo
824 2784 934 2834 temen
954 2768 1094 2834 retinere
1110 2766 1354 2856 possessionem

272 2886 392 2960 potest,
407 2871 511 2963 Finge
524 2896 616 2940 nunc
633 2874 722 2958 ejus,
738 2875 797 2963 qui
812 2875 924 2941 animo
941 2890 1069 2940 tuntum
1085 2871 1291 2963 possidebat,
1305 2873 1355 2935 fs·

274 2975 397 3041 milism
410 2975 568 3058 dejectam
580 3001 672 3044 esse:
687 2980 715 3044 si
728 3001 828 3044 nemo
839 2996 948 3070 potest
961 2978 1072 3061 dejici,
1088 2978 1150 3042 nisi
1161 2978 1217 3066 qui
1230 2978 1266 3042 in
1279 2976 1356 3041 looo

273 3099 343 3166 est,
369 3081 514 3164 dejectus
537 3107 605 3151 non
625 3085 769 3170 dicetur,
788 3086 900 3176 itaque
917 3087 1039 3151 sentire
1060 3102 1156 3150 antes
1182 3082 1358 3149 videbatur

276 3185 432 3255 AEbuttus
444 3212 453 3255 t
465 3191 517 3255 sin
529 3190 681 3273 dejicitur
689 3194 890 3283 vicumque
901 3190 1063 3283 possidet,
1078 3207 1118 3256 ttt
1129 3189 1231 3256 modo
1240 3188 1357 3255 deleu-

274 3290 340 3376 dit,
367 3292 531 3374 dejectum
553 3319 689 3385 quoque
709 3298 800 3364 hunc
822 3297 888 3364 dici
912 3298 1045 3363 necesse
1068 3312 1145 3362 est:
1170 3317 1272 3384 qttsre
1295 3317 1358 3385 pu-

275 3400 410 3491 gnantia
427 3400 575 3489 loquitur
588 3402 755 3470 AEbutius.
773 3401 839 3469 Sed
854 3404 935 3470 huio
948 3403 1119 3469 colummis
1136 3402 1287 3467 facillime
1303 3422 1357 3465 te-

277 3504 484 3596 spondeturt
499 3529 576 3573 nam
594 3532 670 3598 quse
684 3526 779 3576 untes
796 3508 879 3577 dixit
896 3508 1070 3591 AEbutius,
1089 3508 1132 3573 de
1152 3529 1192 3572 eo
1210 3507 1268 3597 qui
1286 3528 1357 3570 noo

278 3612 441 3703 possidet,
456 3614 664 3705 intelligenda
678 3633 775 3683 sunt:
791 3632 831 3682 ut
842 3617 975 3706 copiose
990 3639 1090 3707 supra
1104 3615 1215 3681 multis
1227 3615 1260 3678 in
1274 3612 1359 3677 loeis

280 3718 504 3803 ostendimus,
520 3721 547 3787 si
565 3722 639 3811 quis
662 3722 750 3787 enim
773 3723 920 3812 qttsmvis
942 3744 1010 3787 non
1033 3720 1233 3811 possideret,
1248 3740 1356 3807 quum

276 3840 386 3893 temen
396 3827 431 3893 in
445 3827 518 3892 loco
531 3843 630 3911 esset,
641 3829 773 3895 exeoti
784 3828 917 3894 armatis
927 3828 1120 3893 hominibus
1131 3826 1275 3907 dejectus
1285 3839 1360 3889 est>

277 3928 411 3998 decreto
427 3935 573 4022 protoris
588 3933 811 4001 restituendus
828 3953 887 4002 est.
906 3922 1009 4001 Hori.

320 4036 419 4125 Quod
431 4040 570 4126 negabas
587 4065 775 4131 quemquam
792 4042 993 4131 dejict'potse
1002 4093 1011 4123 ,
1032 4044 1094 4105 nisi
1107 4041 1168 4129 qui
1182 4042 1216 4103 t‘n
1232 4060 1267 4102 eo
1285 4037 1364 4100 loco

275 4141 390 4229 flectit.
420 4142 519 4209 Nune
534 4148 591 4233 qttt'
602 4147 783 4235 possideat,
805 4170 875 4212 sum
893 4154 988 4214 etiam
1007 4143 1239 4232 sinensium
1264 4145 1298 4207 in
1324 4166 1365 4206 eo
