3200 4768
396 446 449 515 ut
475 445 896 529 vernantensi,
921 447 1017 513 mn.
1044 449 1111 515 ιν.
1211 473 1282 542 αις,

223 580 277 638 est
292 561 417 636 tantif’.
434 563 532 636 Cedo
549 562 706 650 tabulas;
725 564 838 647 dilue,
853 588 937 635 sane
956 569 1091 635 crimen
1105 566 1176 638 hoc
1192 569 1281 639 Cali-

223 676 391 763 dianum,
410 674 496 745 dum
515 699 582 771 ego
603 673 743 745 tabulas
762 674 946 771 adspicere
968 675 1113 771 possim.
1137 681 1285 748 Verum·

224 800 345 856 tamen
371 783 459 882 quid
488 797 583 869 erat,
605 783 705 880 quod
734 782 892 854 Calidius
910 787 1032 853 Romae
1054 800 1282 880 quereretur,

224 917 280 981 se,
297 919 409 991 quum
425 907 479 964 tot
491 917 605 963 annos
621 895 657 963 in
672 893 789 964 Sicilia
802 893 1056 990 negotiaretur,
1073 891 1137 963 abs
1153 909 1188 965 te
1204 897 1283 967 solo

224 1005 273 1074 ita
297 1028 372 1074 esse
397 1017 665 1100 contemptum,
693 1007 741 1073 ita
766 1001 995 1100 despectum,
1019 1015 1061 1071 ut
1082 1005 1190 1073 etiam
1212 1030 1284 1075 una

224 1138 307 1184 cum
336 1115 471 1185 ceteris*
491 1114 618 1184 Siculis
644 1113 920 1211 despoliaretur,
946 1113 977 1183 si
1005 1115 1166 1184 emeres?
1188 1115 1283 1204 Quid

224 1241 318 1314 erat,
338 1224 437 1322 quod
456 1222 710 1313 confirmabat,
731 1249 769 1296 se
787 1224 850 1295 abs
868 1239 904 1295 te
923 1239 1111 1320 argentum
1133 1249 1209 1296 esse
1228 1248 1284 1298 re-

224 1343 440 1437 petiturum,
456 1343 484 1411 si
502 1339 568 1409 tibi
583 1365 645 1409 sua
662 1338 847 1410 voluntate
861 1337 1090 1409 vendiderat?
1105 1342 1159 1408 Tu
1174 1363 1285 1437 porro

225 1475 350 1546 posses
373 1449 509 1537 lacere,
528 1464 568 1521 ut
594 1454 660 1520 Cu.
680 1448 821 1520 Calidio
838 1473 914 1519 non
931 1447 1121 1520 redderes?
1140 1474 1286 1547 praeser-

227 1564 290 1628 tim
309 1583 423 1655 quum
444 1562 474 1629 is
492 1564 531 1630 L.
552 1562 717 1644 Sisenna,
736 1556 924 1629 delensore
942 1575 1027 1649 tuo,
1047 1575 1118 1630 tam
1138 1558 1286 1632 familia·

227 1670 313 1737 riter
338 1682 520 1756 uteretur3
541 1683 576 1739 et
599 1693 713 1764 quum
733 1668 860 1739 ceteris
879 1665 1112 1741 familiaribus
1130 1673 1287 1744 Sisennae

226 1777 463 1849 reddidisses?

274 1886 436 1960 Deinde⁷
464 1913 540 1958 non
565 1891 695 1986 opinor
721 1904 936 1987 negaturum
962 1915 1039 1962 esse
1065 1906 1120 1981 te,
1147 1892 1285 1964 homini

227 1998 403 2086 honesto,
434 1997 497 2069 sed
529 2022 602 2068 non
635 1999 851 2095 gratiosiori,
883 2024 993 2097 quam
1027 1999 1183 2072 Calidius
1211 2014 1287 2087 est,

226 2113 266 2179 L.
279 2107 427 2195 Cordio,
443 2123 629 2204 argentum
642 2132 709 2205 per
718 2104 989 2197 Potamonemll,
999 2112 1152 2180 amicum
1165 2124 1287 2197 tuum,

227 2216 450 2288 reddidisse:
476 2219 538 2314 qui
566 2217 715 2313 quidem
739 2232 942 2288 ceterorum
969 2242 1110 2290 causam
1133 2219 1230 2316 apud
1253 2235 1288 2293 te

227 2325 492 2398 difficilioreme
513 2327 606 2398 lecit.
628 2331 718 2399 Nam
741 2352 856 2423 quum
875 2342 910 2400 te
930 2328 1180 2426 compluribus
1200 2353 1288 2400 con-

227 2435 403 2509 firmasses
420 2435 665 2524 redditurum,
684 2453 918 2536 posteaquam
941 2437 1094 2510 Gordius
1112 2463 1179 2536 pro
1195 2440 1288 2510 testi·

228 2552 353 2618 monio
378 2546 487 2633 dixit,
515 2563 551 2618 te
577 2545 646 2618 sibi
670 2545 885 2635 reddidisse,
907 2547 1017 2619 finem
1041 2546 1216 2619 reddendi
1239 2546 1289 2619 fe·

229 2659 326 2744 cisti3
342 2657 443 2755 quod
457 2658 680 2745 intellexisti,
697 2671 750 2741 te,
767 2657 886 2754 praeda
902 2656 946 2728 de
963 2657 1131 2729 manibus
1147 2664 1288 2745 amissa,

230 2770 473 2838 testimonium
494 2782 615 2838 tamen
637 2764 801 2865 effugere
816 2792 892 2838 non
911 2792 1027 2865 posse.
1049 2772 1114 2839 Cn.
1133 2768 1287 2856 Calidio,

883 2908 888 2935 l

230 2988 314 3037 otum,
331 2993 406 3043 quum
428 2980 481 3043 ipse
500 2982 588 3029 Verres
601 2996 627 3029 se
644 2978 742 3029 tsbulss.
782 2979 871 3041 ereptis
878 2978 973 3033 Calidio
980 2978 1088 3043 equuleis
1096 2979 1290 3036 sccusatlonem3

229 3057 318 3105 lsorum
331 3073 449 3104 annorum
462 3075 514 3106 non
526 3060 657 3107 confecisse
667 3060 738 3106 fatea-
781 3073 833 3105 nou
846 3072 909 3121 segre
920 3056 996 3107 leram
1008 3075 1047 3107 me
1056 3057 1133 3106 refelli
1143 3058 1217 3118 ,dum
1225 3057 1293 3108 tshu·

229 3146 279 3183 tur.
288 3135 396 3195 Conjicit
407 3135 549 3203 Dssjsrds'rss
562 3153 631 3200 posse
644 3138 679 3184 sic
696 3154 738 3185 ex·
781 3136 817 3185 lss
828 3147 881 3186 tuss
891 3138 1009 3202 inspicere
1018 3138 1289 3202 possim.Vernmtameu

230 3213 329 3277 plicari,
342 3225 370 3260 ut
382 3230 409 3261 es
422 3215 495 3262 verba
507 3215 576 3262 Verri
587 3214 739 3274 tribuentem
782 3215 869 3265 lmstrs
892 3227 964 3281 peto·,
977 3227 1001 3265 et
1015 3217 1035 3264 si
1049 3232 1104 3265 vers
1125 3216 1233 3275 emisses,
1246 3232 1291 3266 our

230 3295 263 3340 ita
276 3303 303 3340 ut
317 3291 382 3339 dicat
402 3296 505 3344 Verres:
515 3293 582 3340 «emi
595 3307 601 3341 :
612 3294 739 3357 pecuniam
782 3292 900 3353 Calidius,
910 3305 958 3342 etc.

229 3372 319 3420 solvi».
330 3372 485 3436 Respondeat
498 3372 599 3421 Cicero:
614 3372 707 3420 «credo
715 3395 738 3421 ».
820 3389 845 3434 7.
855 3373 956 3421 Deinde.
963 3375 1024 3438 Reg.
1038 3384 1063 3421 et
1074 3376 1157 3421 Fraus.
1172 3372 1290 3437 Denique.

229 3452 426 3513 Adtatt'srres,
440 3452 533 3501 «etiam
550 3451 638 3499 tabule
656 3452 739 3516 profe·
782 3455 815 3500 H.
823 3469 845 3501 e.
856 3464 885 3500 ut
898 3468 948 3500 uuo
960 3452 1037 3499 verbo
1050 3451 1183 3503 absolvam.

230 3541 340 3579 untur».
354 3531 461 3579 Sednou
472 3547 583 3590 neeesse,
597 3532 687 3579 etsstis
695 3548 739 3596 per
818 3532 843 3579 θ.
868 3535 1035 3583 Potamonem.
1051 3535 1075 3579 ls
1088 3541 1125 3579 est
1142 3529 1295 3592 1..Pspirius

231 3628 255 3657 se
275 3610 357 3659 vivida
376 3621 413 3658 est
432 3612 519 3658 oratio.
540 3613 648 3674 Quoquo
674 3612 738 3659 enim
783 3611 1047 3674 Potamo,quoscriba
1056 3606 1292 3661 ususesstCaecilius

232 3689 306 3737 modo
322 3690 405 3738 subest
426 3691 513 3738 ironia.
530 3691 580 3753 Qui
593 3694 681 3739 Verres
694 3708 737 3738 au·
783 3700 891 3751 qnaestor
904 3690 995 3738 Verris.

231 3785 318 3816 norum
336 3769 430 3818 tabulas
448 3770 567 3833 proferat,
583 3773 703 3832 quaejam
714 3785 740 3818 se
820 3781 845 3828 9.
864 3766 1040 3833 Difficilr'orem.
1054 3764 1118 3828 Quis
1134 3761 1292 3811 nihilominus

233 3848 357 3895 confusus
370 3858 407 3897 est
422 3847 501 3896 nullas
511 3847 618 3896 habere?
784 3854 869 3892 eontra
886 3855 911 3891 te
923 3843 995 3891 verbs
1008 3843 1078 3903 lecit3
1091 3857 1123 3888 ex
1134 3855 1185 3902 quo
1199 3840 1295 3888 intelle·

268 3928 294 3974 6.
310 3928 355 3974 Est
369 3926 442 3975 tanti.
461 3928 510 3975 Res
534 3934 571 3975 est
591 3926 649 3974 setis
660 3926 741 3989 magni
782 3923 857 3981 xisti,
870 3922 981 3986 quamvis
1002 3921 1082 3969 ablata
1100 3920 1253 3981 restitueres,
1271 3930 1296 3968 te

234 4005 363 4065 momenti,
375 4015 402 4053 ut
410 4015 511 4069 propter
523 4020 575 4052 essu
586 4003 681 4053 tabulas
688 4015 741 4052 tnss
785 4004 856 4052 etism
866 4001 1012 4050 testimoniis
1021 4000 1114 4065 urgeri,
1123 3999 1187 4049 unde
1195 3998 1293 4065 coepisti

236 4083 350 4144 proferas.
365 4085 412 4131 Res
425 4083 499 4147 igitur
511 4081 619 4131 ostende.
638 4083 742 4141 llelelle,
786 4083 915 4131 consilium
927 4081 990 4129 turta
1002 4079 1123 4129 servandi.
1136 4079 1195 4129 lude
1209 4080 1294 4129 durior

236 4159 257 4206 si
270 4170 350 4223 potes,
364 4164 412 4213 tois
434 4162 522 4213 sabulis
541 4162 605 4210 banc
622 4177 699 4210 mesm
713 4161 743 4209 de
788 4174 923 4213 ceterorum
935 4172 971 4210 est
984 4162 1047 4210 laets
1061 4160 1180 4213 conditio.
