<?xml version="1.0" encoding="UTF-8"?>
<!DOCTYPE html PUBLIC "-//W3C//DTD XHTML 1.0 Transitional//EN"
    "http://www.w3.org/TR/xhtml1/DTD/xhtml1-transitional.dtd">
<html xmlns="http://www.w3.org/1999/xhtml" xml:lang="en" lang="en">
 <head>
  <title>
</title>
<meta http-equiv="Content-Type" content="text/html;charset=utf-8" />
  <meta name='ocr-system' content='tesseract 3.04.00' />
  <meta name='ocr-capabilities' content='ocr_page ocr_carea ocr_par ocr_line ocrx_word'/>
</head>
<body>
  <div class='ocr_page' id='page_1' title='image "./mtciceronisquae00bouigoog/mtciceronisquae00bouigoog_0099.png"; bbox 0 0 3176 4770; ppageno 0'>
   <div class='ocr_carea' id='block_1_1' title="bbox 324 438 1067 523">
    <p class='ocr_par' dir='ltr' id='par_1_1' title="bbox 324 438 1067 523">
     <span class='ocr_line' id='line_1_1' title="bbox 324 438 1067 523; baseline -0.003 -15"><span class='ocrx_word' id='word_1_1' title='bbox 324 440 369 523; x_wconf 72' lang='lat' dir='ltr'>dl</span> <span class='ocrx_word' id='word_1_2' title='bbox 642 441 690 507; x_wconf 89' lang='lat' dir='ltr'>M.</span> <span class='ocrx_word' id='word_1_3' title='bbox 716 442 753 506; x_wconf 87' lang='grc' dir='ltr'>Τ.</span> <span class='ocrx_word' id='word_1_4' title='bbox 782 438 1067 507; x_wconf 85' lang='lat' dir='ltr'><strong>CICERONIS</strong></span> 
     </span>
    </p>
   </div>
   <div class='ocr_carea' id='block_1_2' title="bbox 248 558 1385 3530">
    <p class='ocr_par' dir='ltr' id='par_1_2' title="bbox 248 558 1385 1615">
     <span class='ocr_line' id='line_1_2' title="bbox 319 558 1385 656; baseline -0.002 -26"><span class='ocrx_word' id='word_1_5' title='bbox 319 574 476 632; x_wconf 85' lang='lat' dir='ltr'>aratores</span> <span class='ocrx_word' id='word_1_6' title='bbox 494 560 738 656; x_wconf 81' lang='lat' dir='ltr'>Centuripini,</span> <span class='ocrx_word' id='word_1_7' title='bbox 756 560 820 654; x_wconf 89' lang='lat' dir='ltr'>qui</span> <span class='ocrx_word' id='word_1_8' title='bbox 839 581 1012 627; x_wconf 89' lang='lat' dir='ltr'>numerus</span> <span class='ocrx_word' id='word_1_9' title='bbox 1027 570 1081 626; x_wconf 89' lang='lat' dir='ltr'>est</span> <span class='ocrx_word' id='word_1_10' title='bbox 1093 558 1130 626; x_wconf 91' lang='lat' dir='ltr'>in</span> <span class='ocrx_word' id='word_1_11' title='bbox 1146 558 1260 628; x_wconf 85' lang='lat' dir='ltr'>Sicilia</span> <span class='ocrx_word' id='word_1_12' title='bbox 1273 561 1385 630; x_wconf 82' lang='lat' dir='ltr'>maxi-</span> 
     </span>
     <span class='ocr_line' id='line_1_3' title="bbox 320 664 1385 763; baseline 0 -25"><span class='ocrx_word' id='word_1_13' title='bbox 320 693 400 738; x_wconf 87' lang='lat' dir='ltr'>mus</span> <span class='ocrx_word' id='word_1_14' title='bbox 431 667 621 740; x_wconf 88' lang='lat' dir='ltr'>hominum</span> <span class='ocrx_word' id='word_1_15' title='bbox 659 666 998 737; x_wconf 90' lang='lat' dir='ltr'>honestissimorum</span> <span class='ocrx_word' id='word_1_16' title='bbox 1026 681 1063 737; x_wconf 89' lang='lat' dir='ltr'>et</span> <span class='ocrx_word' id='word_1_17' title='bbox 1087 664 1385 763; x_wconf 87' lang='lat' dir='ltr'>locupletissimo-</span> 
     </span>
     <span class='ocr_line' id='line_1_4' title="bbox 248 773 1384 873; baseline 0.004 -29"><span class='ocrx_word' id='word_1_18' title='bbox 248 836 251 844; x_wconf 91' lang='lat'>.</span> <span class='ocrx_word' id='word_1_19' title='bbox 319 792 423 865; x_wconf 90' lang='lat' dir='ltr'>rum,</span> <span class='ocrx_word' id='word_1_20' title='bbox 442 792 515 849; x_wconf 92' lang='lat' dir='ltr'>tres</span> <span class='ocrx_word' id='word_1_21' title='bbox 533 778 687 873; x_wconf 85' lang='lat' dir='ltr'>legatos,</span> <span class='ocrx_word' id='word_1_22' title='bbox 712 776 807 846; x_wconf 83' lang='lat' dir='ltr'>cives</span> <span class='ocrx_word' id='word_1_23' title='bbox 824 798 930 861; x_wconf 85' lang='lat' dir='ltr'>suos,</span> <span class='ocrx_word' id='word_1_24' title='bbox 948 773 1177 872; x_wconf 83' lang='lat' dir='ltr'>delegerunt,</span> <span class='ocrx_word' id='word_1_25' title='bbox 1199 791 1241 847; x_wconf 92' lang='lat' dir='ltr'>ut</span> <span class='ocrx_word' id='word_1_26' title='bbox 1258 803 1384 848; x_wconf 90' lang='lat' dir='ltr'>eorum</span> 
     </span>
     <span class='ocr_line' id='line_1_5' title="bbox 320 882 1383 982; baseline -0.005 -22"><span class='ocrx_word' id='word_1_27' title='bbox 320 890 524 960; x_wconf 92' lang='lat' dir='ltr'>testimonio</span> <span class='ocrx_word' id='word_1_28' title='bbox 549 911 623 956; x_wconf 89' lang='lat' dir='ltr'>non</span> <span class='ocrx_word' id='word_1_29' title='bbox 648 888 758 956; x_wconf 91' lang='lat' dir='ltr'>unius</span> <span class='ocrx_word' id='word_1_30' title='bbox 786 886 881 981; x_wconf 79' lang='lat' dir='ltr'>agri,</span> <span class='ocrx_word' id='word_1_31' title='bbox 900 882 963 954; x_wconf 90' lang='lat' dir='ltr'>sed</span> <span class='ocrx_word' id='word_1_32' title='bbox 985 908 1100 982; x_wconf 83' lang='lat' dir='ltr'>prope</span> <span class='ocrx_word' id='word_1_33' title='bbox 1123 885 1234 956; x_wconf 89' lang='lat' dir='ltr'>totius</span> <span class='ocrx_word' id='word_1_34' title='bbox 1259 886 1383 957; x_wconf 80' lang='lat' dir='ltr'>sicittae</span> 
     </span>
     <span class='ocr_line' id='line_1_6' title="bbox 317 994 1383 1092; baseline -0.002 -23"><span class='ocrx_word' id='word_1_35' title='bbox 317 998 532 1069; x_wconf 80' lang='lat' dir='ltr'>calamitates</span> <span class='ocrx_word' id='word_1_36' title='bbox 550 997 822 1092; x_wconf 82' lang='lat' dir='ltr'>cognosceretis.</span> <span class='ocrx_word' id='word_1_37' title='bbox 843 998 955 1065; x_wconf 77' lang='lat' dir='ltr'>Arent</span> <span class='ocrx_word' id='word_1_38' title='bbox 967 996 1068 1087; x_wconf 88' lang='lat' dir='ltr'>enim</span> <span class='ocrx_word' id='word_1_39' title='bbox 1087 1008 1162 1066; x_wconf 93' lang='lat' dir='ltr'>tota</span> <span class='ocrx_word' id='word_1_40' title='bbox 1177 996 1296 1066; x_wconf 82' lang='lat' dir='ltr'>Sicilia</span> <span class='ocrx_word' id='word_1_41' title='bbox 1308 994 1383 1067; x_wconf 89' lang='lat' dir='ltr'>fere</span> 
     </span>
     <span class='ocr_line' id='line_1_7' title="bbox 317 1105 1383 1203; baseline -0.005 -23"><span class='ocrx_word' id='word_1_42' title='bbox 317 1107 562 1203; x_wconf 83' lang='lat' dir='ltr'>Centuripini:</span> <span class='ocrx_word' id='word_1_43' title='bbox 582 1119 618 1175; x_wconf 89' lang='lat' dir='ltr'>et</span> <span class='ocrx_word' id='word_1_44' title='bbox 632 1105 752 1176; x_wconf 91' lang='lat' dir='ltr'>hocin</span> <span class='ocrx_word' id='word_1_45' title='bbox 768 1120 803 1176; x_wconf 94' lang='lat' dir='ltr'>te</span> <span class='ocrx_word' id='word_1_46' title='bbox 819 1109 998 1203; x_wconf 84' lang='lat' dir='ltr'>graviores</span> <span class='ocrx_word' id='word_1_47' title='bbox 1011 1107 1253 1202; x_wconf 86' lang='lat' dir='ltr'>certioresque</span> <span class='ocrx_word' id='word_1_48' title='bbox 1275 1119 1383 1175; x_wconf 87' lang='lat' dir='ltr'>testes</span> 
     </span>
     <span class='ocr_line' id='line_1_8' title="bbox 316 1208 1381 1312; baseline -0.004 -25"><span class='ocrx_word' id='word_1_49' title='bbox 316 1232 420 1303; x_wconf 79' lang='lat' dir='ltr'>sunt,</span> <span class='ocrx_word' id='word_1_50' title='bbox 437 1214 543 1312; x_wconf 70' lang='lat' dir='ltr'>&#39;quo&#39;d</span> <span class='ocrx_word' id='word_1_51' title='bbox 566 1208 691 1287; x_wconf 73' lang='lat' dir='ltr'>ceterae</span> <span class='ocrx_word' id='word_1_52' title='bbox 719 1218 878 1287; x_wconf 86' lang='lat' dir='ltr'>civitates</span> <span class='ocrx_word' id='word_1_53' title='bbox 903 1215 976 1286; x_wconf 93' lang='lat' dir='ltr'>suis</span> <span class='ocrx_word' id='word_1_54' title='bbox 1001 1214 1117 1285; x_wconf 90' lang='lat' dir='ltr'>solum</span> <span class='ocrx_word' id='word_1_55' title='bbox 1142 1213 1381 1285; x_wconf 87' lang='lat' dir='ltr'>incommodis</span> 
     </span>
     <span class='ocr_line' id='line_1_9' title="bbox 316 1322 1383 1423; baseline -0.002 -27"><span class='ocrx_word' id='word_1_56' title='bbox 316 1338 614 1412; x_wconf 80' lang='lat' dir='ltr'>commoventur3</span> <span class='ocrx_word' id='word_1_57' title='bbox 633 1326 884 1423; x_wconf 87' lang='lat' dir='ltr'>Centuripini,</span> <span class='ocrx_word' id='word_1_58' title='bbox 909 1323 1010 1422; x_wconf 91' lang='lat' dir='ltr'>quod</span> <span class='ocrx_word' id='word_1_59' title='bbox 1032 1327 1070 1394; x_wconf 89' lang='lat' dir='ltr'>in</span> <span class='ocrx_word' id='word_1_60' title='bbox 1095 1327 1284 1394; x_wconf 82' lang='lat' dir='ltr'>omnium⁷</span> <span class='ocrx_word' id='word_1_61' title='bbox 1308 1322 1383 1395; x_wconf 87' lang='lat' dir='ltr'>fere</span> 
     </span>
     <span class='ocr_line' id='line_1_10' title="bbox 317 1433 1381 1532; baseline -0.001 -29"><span class='ocrx_word' id='word_1_62' title='bbox 317 1433 452 1505; x_wconf 85' lang='lat' dir='ltr'>linibus</span> <span class='ocrx_word' id='word_1_63' title='bbox 470 1433 607 1505; x_wconf 90' lang='lat' dir='ltr'>habent</span> <span class='ocrx_word' id='word_1_64' title='bbox 631 1437 893 1532; x_wconf 90' lang='lat' dir='ltr'>possessiones,</span> <span class='ocrx_word' id='word_1_65' title='bbox 913 1435 1019 1506; x_wconf 88' lang='lat' dir='ltr'>etiam</span> <span class='ocrx_word' id='word_1_66' title='bbox 1040 1447 1239 1504; x_wconf 89' lang='lat' dir='ltr'>ceterarum</span> <span class='ocrx_word' id='word_1_67' title='bbox 1259 1434 1381 1503; x_wconf 87' lang='lat' dir='ltr'>civita·</span> 
     </span>
     <span class='ocr_line' id='line_1_11' title="bbox 315 1542 1053 1615; baseline 0 -3"><span class='ocrx_word' id='word_1_68' title='bbox 315 1559 393 1614; x_wconf 91' lang='lat' dir='ltr'>tum</span> <span class='ocrx_word' id='word_1_69' title='bbox 412 1543 542 1614; x_wconf 88' lang='lat' dir='ltr'>damna</span> <span class='ocrx_word' id='word_1_70' title='bbox 558 1568 599 1614; x_wconf 89' lang='lat' dir='ltr'>ac</span> <span class='ocrx_word' id='word_1_71' title='bbox 618 1542 835 1615; x_wconf 86' lang='lat' dir='ltr'>detrimenta</span> <span class='ocrx_word' id='word_1_72' title='bbox 853 1557 1053 1615; x_wconf 86' lang='lat' dir='ltr'>senserunt.</span> 
     </span>
    </p>

    <p class='ocr_par' dir='ltr' id='par_1_3' title="bbox 295 1652 1381 3189">
     <span class='ocr_line' id='line_1_12' title="bbox 363 1652 1380 1741; baseline -0.004 -18"><span class='ocrx_word' id='word_1_73' title='bbox 363 1657 488 1724; x_wconf 84' lang='lat' dir='ltr'><strong>XLVI.</strong></span> <span class='ocrx_word' id='word_1_74' title='bbox 514 1658 669 1741; x_wconf 87' lang='lat' dir='ltr'>Verum,</span> <span class='ocrx_word' id='word_1_75' title='bbox 695 1668 735 1725; x_wconf 88' lang='lat' dir='ltr'>ut</span> <span class='ocrx_word' id='word_1_76' title='bbox 760 1652 855 1740; x_wconf 86' lang='lat' dir='ltr'>dixi,</span> <span class='ocrx_word' id='word_1_77' title='bbox 884 1655 976 1723; x_wconf 81' lang='lat' dir='ltr'>ratio</span> <span class='ocrx_word' id='word_1_78' title='bbox 1006 1667 1102 1723; x_wconf 86' lang='lat' dir='ltr'>certa</span> <span class='ocrx_word' id='word_1_79' title='bbox 1129 1661 1206 1722; x_wconf 84' lang='lat' dir='ltr'>est¹</span> <span class='ocrx_word' id='word_1_80' title='bbox 1235 1654 1380 1720; x_wconf 86' lang='lat' dir='ltr'>AEtnen-</span> 
     </span>
     <span class='ocr_line' id='line_1_13' title="bbox 314 1760 1381 1859; baseline 0 -27"><span class='ocrx_word' id='word_1_81' title='bbox 314 1763 427 1847; x_wconf 91' lang='lat' dir='ltr'>sium,</span> <span class='ocrx_word' id='word_1_82' title='bbox 451 1775 487 1832; x_wconf 87' lang='lat' dir='ltr'>et</span> <span class='ocrx_word' id='word_1_83' title='bbox 507 1760 662 1859; x_wconf 90' lang='lat' dir='ltr'>publicis</span> <span class='ocrx_word' id='word_1_84' title='bbox 685 1776 722 1833; x_wconf 88' lang='lat' dir='ltr'>et</span> <span class='ocrx_word' id='word_1_85' title='bbox 742 1764 887 1859; x_wconf 87' lang='lat' dir='ltr'>privatis</span> <span class='ocrx_word' id='word_1_86' title='bbox 911 1762 1022 1832; x_wconf 90' lang='lat' dir='ltr'>literis</span> <span class='ocrx_word' id='word_1_87' title='bbox 1043 1763 1272 1857; x_wconf 84' lang='lat' dir='ltr'>consignata:</span> <span class='ocrx_word' id='word_1_88' title='bbox 1294 1785 1381 1832; x_wconf 81' lang='lat' dir='ltr'>meae</span> 
     </span>
     <span class='ocr_line' id='line_1_14' title="bbox 315 1870 1379 1968; baseline 0 -27"><span class='ocrx_word' id='word_1_89' title='bbox 315 1871 506 1967; x_wconf 84' lang='lat' dir='ltr'>diligentiae</span> <span class='ocrx_word' id='word_1_90' title='bbox 532 1883 707 1968; x_wconf 80' lang='lat' dir='ltr'>pensum²</span> <span class='ocrx_word' id='word_1_91' title='bbox 730 1871 841 1967; x_wconf 84' lang='lat' dir='ltr'>magis</span> <span class='ocrx_word' id='word_1_92' title='bbox 859 1872 896 1940; x_wconf 90' lang='lat' dir='ltr'>iu</span> <span class='ocrx_word' id='word_1_93' title='bbox 913 1870 1092 1940; x_wconf 90' lang='lat' dir='ltr'>Leontino</span> <span class='ocrx_word' id='word_1_94' title='bbox 1116 1894 1202 1965; x_wconf 83' lang='lat' dir='ltr'>agro</span> <span class='ocrx_word' id='word_1_95' title='bbox 1226 1884 1279 1940; x_wconf 89' lang='lat' dir='ltr'>est</span> <span class='ocrx_word' id='word_1_96' title='bbox 1303 1873 1379 1941; x_wconf 84' lang='lat' dir='ltr'>exi·</span> 
     </span>
     <span class='ocr_line' id='line_1_15' title="bbox 313 1979 1379 2079; baseline -0.002 -28"><span class='ocrx_word' id='word_1_97' title='bbox 313 1981 492 2078; x_wconf 83' lang='lat' dir='ltr'>gendum,</span> <span class='ocrx_word' id='word_1_98' title='bbox 521 1997 672 2079; x_wconf 90' lang='lat' dir='ltr'>propter</span> <span class='ocrx_word' id='word_1_99' title='bbox 700 1979 794 2051; x_wconf 90' lang='lat' dir='ltr'>banc</span> <span class='ocrx_word' id='word_1_100' title='bbox 816 2004 979 2067; x_wconf 89' lang='lat' dir='ltr'>causam,</span> <span class='ocrx_word' id='word_1_101' title='bbox 1001 1979 1103 2078; x_wconf 92' lang='lat' dir='ltr'>quod</span> <span class='ocrx_word' id='word_1_102' title='bbox 1125 1980 1193 2076; x_wconf 92' lang='lat' dir='ltr'>ipsi</span> <span class='ocrx_word' id='word_1_103' title='bbox 1212 1981 1379 2049; x_wconf 74' lang='lat' dir='ltr'>leontini</span> 
     </span>
     <span class='ocr_line' id='line_1_16' title="bbox 311 2088 1378 2188; baseline -0.004 -27"><span class='ocrx_word' id='word_1_104' title='bbox 311 2089 455 2188; x_wconf 89' lang='lat' dir='ltr'>publice</span> <span class='ocrx_word' id='word_1_105' title='bbox 489 2115 565 2162; x_wconf 90' lang='lat' dir='ltr'>non</span> <span class='ocrx_word' id='word_1_106' title='bbox 597 2114 682 2162; x_wconf 88' lang='lat' dir='ltr'>sane</span> <span class='ocrx_word' id='word_1_107' title='bbox 715 2114 775 2162; x_wconf 89' lang='lat' dir='ltr'>me</span> <span class='ocrx_word' id='word_1_108' title='bbox 809 2090 967 2161; x_wconf 90' lang='lat' dir='ltr'>multum</span> <span class='ocrx_word' id='word_1_109' title='bbox 997 2088 1223 2183; x_wconf 85' lang='lat' dir='ltr'>adjuverunt.</span> <span class='ocrx_word' id='word_1_110' title='bbox 1251 2090 1378 2184; x_wconf 83' lang='lat' dir='ltr'>Neque</span> 
     </span>
     <span class='ocr_line' id='line_1_17' title="bbox 312 2199 1378 2298; baseline -0.003 -27"><span class='ocrx_word' id='word_1_111' title='bbox 312 2203 409 2271; x_wconf 90' lang='lat' dir='ltr'>enim</span> <span class='ocrx_word' id='word_1_112' title='bbox 433 2227 516 2289; x_wconf 90' lang='lat' dir='ltr'>eos,</span> <span class='ocrx_word' id='word_1_113' title='bbox 543 2203 613 2271; x_wconf 90' lang='lat' dir='ltr'>isto</span> <span class='ocrx_word' id='word_1_114' title='bbox 643 2216 813 2298; x_wconf 85' lang='lat' dir='ltr'>praetore,</span> <span class='ocrx_word' id='word_1_115' title='bbox 840 2199 896 2270; x_wconf 78' lang='lat' dir='ltr'>lia·</span> <span class='ocrx_word' id='word_1_116' title='bbox 926 2199 1209 2271; x_wconf 76' lang='lat' dir='ltr'>decumanorum</span> <span class='ocrx_word' id='word_1_117' title='bbox 1238 2199 1378 2294; x_wconf 85' lang='lat' dir='ltr'>injuriae</span> 
     </span>
     <span class='ocr_line' id='line_1_18' title="bbox 313 2310 1378 2407; baseline -0.002 -27"><span class='ocrx_word' id='word_1_118' title='bbox 313 2311 506 2382; x_wconf 86' lang='lat' dir='ltr'>laeserunt:</span> <span class='ocrx_word' id='word_1_119' title='bbox 528 2314 652 2407; x_wconf 86' lang='lat' dir='ltr'>potius</span> <span class='ocrx_word' id='word_1_120' title='bbox 674 2312 800 2398; x_wconf 89' lang='lat' dir='ltr'>etiam,</span> <span class='ocrx_word' id='word_1_121' title='bbox 819 2311 978 2405; x_wconf 83' lang='lat' dir='ltr'>judices,</span> <span class='ocrx_word' id='word_1_122' title='bbox 1000 2310 1224 2404; x_wconf 85' lang='lat' dir='ltr'>adjuverunt.</span> <span class='ocrx_word' id='word_1_123' title='bbox 1244 2310 1378 2380; x_wconf 90' lang='lat' dir='ltr'>Mirum</span> 
     </span>
     <span class='ocr_line' id='line_1_19' title="bbox 311 2416 1378 2505; baseline -0.002 -16"><span class='ocrx_word' id='word_1_124' title='bbox 311 2418 461 2490; x_wconf 88' lang='lat' dir='ltr'>fortasse</span> <span class='ocrx_word' id='word_1_125' title='bbox 479 2420 549 2490; x_wconf 93' lang='lat' dir='ltr'>hoc</span> <span class='ocrx_word' id='word_1_126' title='bbox 568 2418 689 2505; x_wconf 90' lang='lat' dir='ltr'>vobis,</span> <span class='ocrx_word' id='word_1_127' title='bbox 708 2435 772 2491; x_wconf 91' lang='lat' dir='ltr'>aut</span> <span class='ocrx_word' id='word_1_128' title='bbox 790 2418 1000 2491; x_wconf 87' lang='lat' dir='ltr'>incredibile</span> <span class='ocrx_word' id='word_1_129' title='bbox 1020 2416 1194 2503; x_wconf 87' lang='lat' dir='ltr'>videatur,</span> <span class='ocrx_word' id='word_1_130' title='bbox 1213 2422 1251 2487; x_wconf 90' lang='lat' dir='ltr'>in</span> <span class='ocrx_word' id='word_1_131' title='bbox 1272 2420 1378 2488; x_wconf 87' lang='lat' dir='ltr'>tantis</span> 
     </span>
     <span class='ocr_line' id='line_1_20' title="bbox 311 2526 1378 2626; baseline -0.002 -28"><span class='ocrx_word' id='word_1_132' title='bbox 311 2543 493 2599; x_wconf 83' lang='lat' dir='ltr'>aratorum</span> <span class='ocrx_word' id='word_1_133' title='bbox 512 2526 772 2618; x_wconf 87' lang='lat' dir='ltr'>incommodis,</span> <span class='ocrx_word' id='word_1_134' title='bbox 793 2531 1013 2616; x_wconf 86' lang='lat' dir='ltr'>Leontinos,</span> <span class='ocrx_word' id='word_1_135' title='bbox 1038 2530 1102 2624; x_wconf 92' lang='lat' dir='ltr'>qui</span> <span class='ocrx_word' id='word_1_136' title='bbox 1128 2528 1307 2626; x_wconf 89' lang='lat' dir='ltr'>principes</span> <span class='ocrx_word' id='word_1_137' title='bbox 1325 2530 1378 2597; x_wconf 90' lang='lat' dir='ltr'>rei</span> 
     </span>
     <span class='ocr_line' id='line_1_21' title="bbox 310 2634 1376 2735; baseline 0.003 -30"><span class='ocrx_word' id='word_1_138' title='bbox 310 2634 554 2708; x_wconf 80' lang='lat' dir='ltr'>frumentariae</span> <span class='ocrx_word' id='word_1_139' title='bbox 572 2635 736 2721; x_wconf 82' lang='lat' dir='ltr'>luerunt,</span> <span class='ocrx_word' id='word_1_140' title='bbox 759 2653 924 2735; x_wconf 82' lang='lat' dir='ltr'>expertes</span> <span class='ocrx_word' id='word_1_141' title='bbox 939 2636 1252 2709; x_wconf 88' lang='lat' dir='ltr'>incommodorum</span> <span class='ocrx_word' id='word_1_142' title='bbox 1268 2650 1376 2734; x_wconf 88' lang='lat' dir='ltr'>atque</span> 
     </span>
     <span class='ocr_line' id='line_1_22' title="bbox 312 2745 1376 2843; baseline 0.004 -29"><span class='ocrx_word' id='word_1_143' title='bbox 312 2748 525 2839; x_wconf 86' lang='lat' dir='ltr'>injuriarum</span> <span class='ocrx_word' id='word_1_144' title='bbox 554 2745 674 2820; x_wconf 86' lang='lat' dir='ltr'>fuisse.</span> <span class='ocrx_word' id='word_1_145' title='bbox 706 2753 784 2818; x_wconf 89' lang='lat' dir='ltr'>Hoc</span> <span class='ocrx_word' id='word_1_146' title='bbox 806 2773 920 2819; x_wconf 83' lang='lat' dir='ltr'>causae</span> <span class='ocrx_word' id='word_1_147' title='bbox 945 2760 1018 2833; x_wconf 90' lang='lat' dir='ltr'>est,</span> <span class='ocrx_word' id='word_1_148' title='bbox 1035 2745 1193 2841; x_wconf 85' lang='lat' dir='ltr'>judices,</span> <span class='ocrx_word' id='word_1_149' title='bbox 1211 2747 1313 2843; x_wconf 92' lang='lat' dir='ltr'>quod</span> <span class='ocrx_word' id='word_1_150' title='bbox 1339 2752 1376 2819; x_wconf 92' lang='lat' dir='ltr'>in</span> 
     </span>
     <span class='ocr_line' id='line_1_23' title="bbox 310 2852 1375 2953; baseline 0.002 -29"><span class='ocrx_word' id='word_1_151' title='bbox 310 2880 397 2953; x_wconf 79' lang='lat' dir='ltr'>agro</span> <span class='ocrx_word' id='word_1_152' title='bbox 424 2860 626 2940; x_wconf 90' lang='lat' dir='ltr'>Leontino,</span> <span class='ocrx_word' id='word_1_153' title='bbox 654 2873 783 2952; x_wconf 86' lang='lat' dir='ltr'>praeter</span> <span class='ocrx_word' id='word_1_154' title='bbox 808 2880 918 2926; x_wconf 91' lang='lat' dir='ltr'>unam</span> <span class='ocrx_word' id='word_1_155' title='bbox 946 2855 1163 2953; x_wconf 82' lang='lat' dir='ltr'>Mnasistrati</span> <span class='ocrx_word' id='word_1_156' title='bbox 1187 2852 1375 2947; x_wconf 81' lang='lat' dir='ltr'>familiam,</span> 
     </span>
     <span class='ocr_line' id='line_1_24' title="bbox 309 2961 1374 3065; baseline 0.001 -28"><span class='ocrx_word' id='word_1_157' title='bbox 309 2964 450 3065; x_wconf 84' lang='lat' dir='ltr'>glebam</span> <span class='ocrx_word' id='word_1_158' title='bbox 475 2968 737 3036; x_wconf 86' lang='lat' dir='ltr'>Leontinorum</span> <span class='ocrx_word' id='word_1_159' title='bbox 763 2963 922 3063; x_wconf 90' lang='lat' dir='ltr'>possidet</span> <span class='ocrx_word' id='word_1_160' title='bbox 946 2961 1091 3036; x_wconf 74' lang='lat' dir='ltr'>nem03.</span> <span class='ocrx_word' id='word_1_161' title='bbox 1121 2971 1247 3062; x_wconf 89' lang='lat' dir='ltr'>Itaque</span> <span class='ocrx_word' id='word_1_162' title='bbox 1270 2971 1374 3038; x_wconf 88' lang='lat' dir='ltr'>Mna·</span> 
     </span>
     <span class='ocr_line' id='line_1_25' title="bbox 295 3073 1374 3189; baseline 0.003 -46"><span class='ocrx_word' id='word_1_163' title='bbox 295 3075 458 3189; x_wconf 33' lang='lat' dir='ltr'>lustrati,</span> <span class='ocrx_word' id='word_1_164' title='bbox 479 3073 635 3145; x_wconf 91' lang='lat' dir='ltr'>hominis</span> <span class='ocrx_word' id='word_1_165' title='bbox 653 3075 1017 3174; x_wconf 83' lang='lat' dir='ltr'>honestissimiatque</span> <span class='ocrx_word' id='word_1_166' title='bbox 1032 3077 1161 3176; x_wconf 90' lang='lat' dir='ltr'>optimi</span> <span class='ocrx_word' id='word_1_167' title='bbox 1178 3077 1266 3165; x_wconf 88' lang='lat' dir='ltr'>viri,</span> <span class='ocrx_word' id='word_1_168' title='bbox 1281 3079 1374 3147; x_wconf 91' lang='lat' dir='ltr'>testi·</span> 
     </span>
    </p>

    <p class='ocr_par' dir='ltr' id='par_1_4' title="bbox 308 3228 1375 3451">
     <span class='ocr_line' id='line_1_26' title="bbox 345 3228 1375 3296; baseline 0.006 -21"><span class='ocrx_word' id='word_1_169' title='bbox 345 3246 368 3290; x_wconf 78' lang='lat'>7.</span> <span class='ocrx_word' id='word_1_170' title='bbox 387 3229 452 3277; x_wconf 84' lang='lat' dir='ltr'>Sioe</span> <span class='ocrx_word' id='word_1_171' title='bbox 472 3228 530 3278; x_wconf 86' lang='lat' dir='ltr'>eod.</span> <span class='ocrx_word' id='word_1_172' title='bbox 548 3229 680 3278; x_wconf 69' lang='lat' dir='ltr'>Nannieno</span> <span class='ocrx_word' id='word_1_173' title='bbox 701 3230 818 3279; x_wconf 85' lang='lat' dir='ltr'>dederunt</span> <span class='ocrx_word' id='word_1_174' title='bbox 899 3234 925 3283; x_wconf 83' lang='grc'>3.</span> <span class='ocrx_word' id='word_1_175' title='bbox 945 3234 1052 3283; x_wconf 77' lang='lat' dir='ltr'>Possidet</span> <span class='ocrx_word' id='word_1_176' title='bbox 1076 3250 1154 3281; x_wconf 84' lang='lat' dir='ltr'>nemo.</span> <span class='ocrx_word' id='word_1_177' title='bbox 1172 3235 1264 3296; x_wconf 82' lang='lat' dir='ltr'>Nempe</span> <span class='ocrx_word' id='word_1_178' title='bbox 1284 3233 1375 3282; x_wconf 88' lang='lat' dir='ltr'>Centa-</span> 
     </span>
     <span class='ocr_line' id='line_1_27' title="bbox 308 3308 1374 3377; baseline 0.002 -21"><span class='ocrx_word' id='word_1_179' title='bbox 308 3309 339 3356; x_wconf 85' lang='lat' dir='ltr'>C.</span> <span class='ocrx_word' id='word_1_180' title='bbox 352 3309 438 3372; x_wconf 86' lang='lat' dir='ltr'>Steph.</span> <span class='ocrx_word' id='word_1_181' title='bbox 451 3309 524 3356; x_wconf 86' lang='lat' dir='ltr'>Grut.</span> <span class='ocrx_word' id='word_1_182' title='bbox 536 3308 586 3357; x_wconf 78' lang='lat' dir='ltr'>alii.</span> <span class='ocrx_word' id='word_1_183' title='bbox 597 3309 662 3357; x_wconf 77' lang='lat' dir='ltr'>Mala</span> <span class='ocrx_word' id='word_1_184' title='bbox 673 3320 743 3357; x_wconf 77' lang='lat' dir='ltr'>antea</span> <span class='ocrx_word' id='word_1_185' title='bbox 753 3309 817 3375; x_wconf 78' lang='lat' dir='ltr'>lege·</span> <span class='ocrx_word' id='word_1_186' title='bbox 863 3314 937 3377; x_wconf 88' lang='lat' dir='ltr'>ripini</span> <span class='ocrx_word' id='word_1_187' title='bbox 956 3314 1134 3360; x_wconf 83' lang='lat' dir='ltr'>Leontinorum</span> <span class='ocrx_word' id='word_1_188' title='bbox 1155 3319 1231 3357; x_wconf 79' lang='lat' dir='ltr'>terras</span> <span class='ocrx_word' id='word_1_189' title='bbox 1247 3311 1374 3373; x_wconf 81' lang='lat' dir='ltr'>plerasque</span> 
     </span>
     <span class='ocr_line' id='line_1_28' title="bbox 308 3386 1374 3451; baseline 0.003 -18"><span class='ocrx_word' id='word_1_190' title='bbox 308 3386 379 3434; x_wconf 80' lang='lat' dir='ltr'>batur</span> <span class='ocrx_word' id='word_1_191' title='bbox 393 3387 510 3436; x_wconf 81' lang='lat' dir='ltr'>omnibus.</span> <span class='ocrx_word' id='word_1_192' title='bbox 519 3388 544 3436; x_wconf 85' lang='lat' dir='ltr'>J.</span> <span class='ocrx_word' id='word_1_193' title='bbox 555 3390 586 3434; x_wconf 88' lang='lat' dir='ltr'>V.</span> <span class='ocrx_word' id='word_1_194' title='bbox 596 3390 623 3436; x_wconf 88' lang='lat' dir='ltr'>L.</span> <span class='ocrx_word' id='word_1_195' title='bbox 863 3404 940 3440; x_wconf 76' lang='lat' dir='ltr'>amnt.</span> <span class='ocrx_word' id='word_1_196' title='bbox 947 3391 1015 3438; x_wconf 78' lang='lat' dir='ltr'>Infra</span> <span class='ocrx_word' id='word_1_197' title='bbox 1023 3388 1290 3451; x_wconf 67' lang='lat' dir='ltr'>48.Qnumodoantem</span> <span class='ocrx_word' id='word_1_198' title='bbox 1298 3390 1374 3436; x_wconf 71' lang='lat' dir='ltr'>Leon</span> 
     </span>
    </p>

    <p class='ocr_par' dir='ltr' id='par_1_5' title="bbox 343 3466 1373 3530">
     <span class='ocr_line' id='line_1_29' title="bbox 343 3466 1373 3530; baseline 0.002 -17"><span class='ocrx_word' id='word_1_199' title='bbox 343 3466 824 3524; x_wconf 75' lang='lat' dir='ltr'>XLV1.1.llatiocertaert,etc.Certo&#39;</span> <span class='ocrx_word' id='word_1_200' title='bbox 862 3472 906 3516; x_wconf 90' lang='lat' dir='ltr'>tini</span> <span class='ocrx_word' id='word_1_201' title='bbox 920 3485 951 3516; x_wconf 84' lang='lat' dir='ltr'>ex</span> <span class='ocrx_word' id='word_1_202' title='bbox 968 3467 1076 3530; x_wconf 76' lang='lat' dir='ltr'>Apronii</span> <span class='ocrx_word' id='word_1_203' title='bbox 1098 3467 1189 3530; x_wconf 79' lang='lat' dir='ltr'>rapinis</span> <span class='ocrx_word' id='word_1_204' title='bbox 1206 3478 1325 3529; x_wconf 74' lang='lat' dir='ltr'>quaestum</span> <span class='ocrx_word' id='word_1_205' title='bbox 1339 3468 1373 3516; x_wconf 77' lang='lat' dir='ltr'>t&#39;e·</span> 
     </span>
    </p>
   </div>
   <div class='ocr_carea' id='block_1_3' title="bbox 306 3542 1373 3687">
    <p class='ocr_par' dir='ltr' id='par_1_6' title="bbox 306 3542 1373 3687">
     <span class='ocr_line' id='line_1_30' title="bbox 306 3542 1373 3611; baseline 0.002 -20"><span class='ocrx_word' id='word_1_206' title='bbox 306 3542 420 3595; x_wconf 77' lang='lat' dir='ltr'>affirmari</span> <span class='ocrx_word' id='word_1_207' title='bbox 433 3554 514 3608; x_wconf 79' lang='lat' dir='ltr'>potest</span> <span class='ocrx_word' id='word_1_208' title='bbox 527 3544 558 3591; x_wconf 85' lang='lat' dir='ltr'>de</span> <span class='ocrx_word' id='word_1_209' title='bbox 566 3545 728 3603; x_wconf 79' lang='lat' dir='ltr'>AEtnenribns,</span> <span class='ocrx_word' id='word_1_210' title='bbox 741 3563 817 3611; x_wconf 76' lang='lat' dir='ltr'>quan-</span> <span class='ocrx_word' id='word_1_211' title='bbox 862 3547 954 3607; x_wconf 82' lang='lat' dir='ltr'>cerint,</span> <span class='ocrx_word' id='word_1_212' title='bbox 966 3555 1048 3592; x_wconf 78' lang='lat' dir='ltr'>tacent</span> <span class='ocrx_word' id='word_1_213' title='bbox 1058 3554 1273 3603; x_wconf 79' lang='lat' dir='ltr'>commentatores,</span> <span class='ocrx_word' id='word_1_214' title='bbox 1282 3562 1327 3592; x_wconf 85' lang='lat' dir='ltr'>nec</span> <span class='ocrx_word' id='word_1_215' title='bbox 1337 3547 1373 3593; x_wconf 82' lang='lat' dir='ltr'>la·</span> 
     </span>
     <span class='ocr_line' id='line_1_31' title="bbox 307 3621 1373 3687; baseline 0.002 -17"><span class='ocrx_word' id='word_1_216' title='bbox 307 3634 360 3670; x_wconf 85' lang='lat' dir='ltr'>tnm</span> <span class='ocrx_word' id='word_1_217' title='bbox 371 3621 560 3685; x_wconf 78' lang='lat' dir='ltr'>dederint,quia</span> <span class='ocrx_word' id='word_1_218' title='bbox 571 3622 624 3670; x_wconf 71' lang='lat' dir='ltr'>hnc</span> <span class='ocrx_word' id='word_1_219' title='bbox 632 3622 737 3687; x_wconf 80' lang='lat' dir='ltr'>puhlicis</span> <span class='ocrx_word' id='word_1_220' title='bbox 746 3625 817 3673; x_wconf 75' lang='lat' dir='ltr'>taba·</span> <span class='ocrx_word' id='word_1_221' title='bbox 860 3625 906 3672; x_wconf 85' lang='lat' dir='ltr'>eiie</span> <span class='ocrx_word' id='word_1_222' title='bbox 919 3622 975 3687; x_wconf 83' lang='lat' dir='ltr'>quia</span> <span class='ocrx_word' id='word_1_223' title='bbox 989 3623 1086 3671; x_wconf 82' lang='lat' dir='ltr'>dixerit.</span> <span class='ocrx_word' id='word_1_224' title='bbox 1099 3625 1189 3671; x_wconf 79' lang='lat' dir='ltr'>Forsan</span> <span class='ocrx_word' id='word_1_225' title='bbox 1201 3634 1281 3671; x_wconf 84' lang='lat' dir='ltr'>tamen</span> <span class='ocrx_word' id='word_1_226' title='bbox 1297 3640 1373 3687; x_wconf 84' lang='lat' dir='ltr'>quum</span> 
     </span>
    </p>
   </div>
   <div class='ocr_carea' id='block_1_4' title="bbox 304 3701 817 4220">
    <p class='ocr_par' dir='ltr' id='par_1_7' title="bbox 305 3701 817 4063">
     <span class='ocr_line' id='line_1_32' title="bbox 305 3701 817 3767; baseline 0.004 -19"><span class='ocrx_word' id='word_1_227' title='bbox 305 3701 336 3750; x_wconf 84' lang='lat' dir='ltr'>lis</span> <span class='ocrx_word' id='word_1_228' title='bbox 346 3713 403 3751; x_wconf 84' lang='lat' dir='ltr'>sunt</span> <span class='ocrx_word' id='word_1_229' title='bbox 412 3702 560 3764; x_wconf 73' lang='lat' dir='ltr'>consignata.</span> <span class='ocrx_word' id='word_1_230' title='bbox 571 3702 655 3764; x_wconf 81' lang='lat' dir='ltr'>Itaque</span> <span class='ocrx_word' id='word_1_231' title='bbox 664 3703 709 3749; x_wconf 85' lang='lat' dir='ltr'>ista</span> <span class='ocrx_word' id='word_1_232' title='bbox 719 3703 817 3767; x_wconf 73' lang='lat' dir='ltr'>indaga-</span> 
     </span>
     <span class='ocr_line' id='line_1_33' title="bbox 306 3779 814 3845; baseline 0.01 -20"><span class='ocrx_word' id='word_1_233' title='bbox 306 3780 342 3826; x_wconf 87' lang='lat' dir='ltr'>tio</span> <span class='ocrx_word' id='word_1_234' title='bbox 356 3797 405 3827; x_wconf 90' lang='lat' dir='ltr'>non</span> <span class='ocrx_word' id='word_1_235' title='bbox 419 3797 495 3828; x_wconf 82' lang='lat' dir='ltr'>meam</span> <span class='ocrx_word' id='word_1_236' title='bbox 504 3779 655 3844; x_wconf 78' lang='lat' dir='ltr'>diligentiam</span> <span class='ocrx_word' id='word_1_237' title='bbox 667 3781 814 3845; x_wconf 72' lang='lat' dir='ltr'>requirebat.</span> 
     </span>
     <span class='ocr_line' id='line_1_34' title="bbox 305 3858 815 3921; baseline 0.008 -18"><span class='ocrx_word' id='word_1_238' title='bbox 305 3858 394 3905; x_wconf 79' lang='lat' dir='ltr'>sedin</span> <span class='ocrx_word' id='word_1_239' title='bbox 416 3862 590 3908; x_wconf 83' lang='lat' dir='ltr'>Leontinorum</span> <span class='ocrx_word' id='word_1_240' title='bbox 603 3861 698 3921; x_wconf 79' lang='lat' dir='ltr'>injuriis</span> <span class='ocrx_word' id='word_1_241' title='bbox 716 3861 815 3907; x_wconf 82' lang='lat' dir='ltr'>investi·</span> 
     </span>
     <span class='ocr_line' id='line_1_35' title="bbox 306 3936 814 4001; baseline 0.002 -19"><span class='ocrx_word' id='word_1_242' title='bbox 306 3936 408 3997; x_wconf 75' lang='lat' dir='ltr'>gandia,</span> <span class='ocrx_word' id='word_1_243' title='bbox 422 3953 481 3985; x_wconf 80' lang='lat' dir='ltr'>mete</span> <span class='ocrx_word' id='word_1_244' title='bbox 499 3938 630 4001; x_wconf 70' lang='lat' dir='ltr'>diligentiae</span> <span class='ocrx_word' id='word_1_245' title='bbox 645 3949 682 3986; x_wconf 81' lang='lat' dir='ltr'>est</span> <span class='ocrx_word' id='word_1_246' title='bbox 700 3951 814 4000; x_wconf 77' lang='lat' dir='ltr'>pensum,</span> 
     </span>
     <span class='ocr_line' id='line_1_36' title="bbox 305 4012 629 4063; baseline 0.006 -6"><span class='ocrx_word' id='word_1_247' title='bbox 305 4013 324 4059; x_wconf 93' lang='lat' dir='ltr'>i.</span> <span class='ocrx_word' id='word_1_248' title='bbox 336 4029 359 4061; x_wconf 86' lang='lat' dir='ltr'>e.</span> <span class='ocrx_word' id='word_1_249' title='bbox 372 4012 481 4061; x_wconf 80' lang='lat' dir='ltr'>officium</span> <span class='ocrx_word' id='word_1_250' title='bbox 492 4032 519 4062; x_wconf 80' lang='lat' dir='ltr'>nc</span> <span class='ocrx_word' id='word_1_251' title='bbox 533 4032 629 4063; x_wconf 83' lang='lat' dir='ltr'>munus.</span> 
     </span>
    </p>

    <p class='ocr_par' dir='ltr' id='par_1_8' title="bbox 304 4090 813 4220">
     <span class='ocr_line' id='line_1_37' title="bbox 341 4090 813 4155; baseline 0.011 -19"><span class='ocrx_word' id='word_1_252' title='bbox 341 4107 365 4136; x_wconf 81' lang='lat' dir='ltr'>a.</span> <span class='ocrx_word' id='word_1_253' title='bbox 372 4091 450 4148; x_wconf 85' lang='lat' dir='ltr'>Olim,</span> <span class='ocrx_word' id='word_1_254' title='bbox 457 4094 613 4155; x_wconf 66' lang='lat' dir='ltr'>«consignata</span> <span class='ocrx_word' id='word_1_255' title='bbox 620 4105 672 4136; x_wconf 82' lang='lat' dir='ltr'>mea</span> <span class='ocrx_word' id='word_1_256' title='bbox 681 4090 813 4152; x_wconf 81' lang='lat' dir='ltr'>diligentia.</span> 
     </span>
     <span class='ocr_line' id='line_1_38' title="bbox 304 4167 735 4220; baseline -0.012 0"><span class='ocrx_word' id='word_1_257' title='bbox 304 4175 408 4220; x_wconf 77' lang='lat' dir='ltr'>Peneum</span> <span class='ocrx_word' id='word_1_258' title='bbox 415 4192 438 4219; x_wconf 68' lang='lat' dir='ltr'>n.</span> <span class='ocrx_word' id='word_1_259' title='bbox 452 4171 543 4216; x_wconf 80' lang='lat' dir='ltr'>Verum</span> <span class='ocrx_word' id='word_1_260' title='bbox 553 4168 615 4218; x_wconf 83' lang='lat' dir='ltr'>vidit</span> <span class='ocrx_word' id='word_1_261' title='bbox 626 4167 735 4216; x_wconf 77' lang='lat' dir='ltr'>anbin.</span> 
     </span>
    </p>
   </div>
   <div class='ocr_carea' id='block_1_5' title="bbox 858 3701 1373 4002">
    <p class='ocr_par' dir='ltr' id='par_1_9' title="bbox 858 3701 1373 4002">
     <span class='ocr_line' id='line_1_39' title="bbox 858 3701 1373 3766; baseline 0.004 -17"><span class='ocrx_word' id='word_1_262' title='bbox 858 3701 1018 3766; x_wconf 74' lang='lat' dir='ltr'>negotiationi</span> <span class='ocrx_word' id='word_1_263' title='bbox 1034 3712 1221 3760; x_wconf 79' lang='lat' dir='ltr'>vacarent,eam</span> <span class='ocrx_word' id='word_1_264' title='bbox 1236 3703 1323 3763; x_wconf 79' lang='lat' dir='ltr'>majori</span> <span class='ocrx_word' id='word_1_265' title='bbox 1335 3703 1373 3751; x_wconf 90' lang='lat' dir='ltr'>ln·</span> 
     </span>
     <span class='ocr_line' id='line_1_40' title="bbox 860 3791 1372 3845; baseline 0.002 -17"><span class='ocrx_word' id='word_1_266' title='bbox 860 3796 917 3845; x_wconf 83' lang='lat' dir='ltr'>cro,</span> <span class='ocrx_word' id='word_1_267' title='bbox 940 3791 1041 3845; x_wconf 86' lang='lat' dir='ltr'>propter</span> <span class='ocrx_word' id='word_1_268' title='bbox 1061 3792 1216 3829; x_wconf 82' lang='lat' dir='ltr'>communem</span> <span class='ocrx_word' id='word_1_269' title='bbox 1239 3794 1372 3830; x_wconf 73' lang='lat' dir='ltr'>ceruorum</span> 
     </span>
     <span class='ocr_line' id='line_1_41' title="bbox 860 3859 1372 3925; baseline 0.002 -18"><span class='ocrx_word' id='word_1_270' title='bbox 860 3860 976 3923; x_wconf 80' lang='lat' dir='ltr'>inopiam,</span> <span class='ocrx_word' id='word_1_271' title='bbox 987 3860 1143 3918; x_wconf 77' lang='lat' dir='ltr'>exercebaut3</span> <span class='ocrx_word' id='word_1_272' title='bbox 1155 3872 1179 3909; x_wconf 84' lang='lat' dir='ltr'>ct</span> <span class='ocrx_word' id='word_1_273' title='bbox 1188 3861 1316 3925; x_wconf 82' lang='lat' dir='ltr'>pecuniam</span> <span class='ocrx_word' id='word_1_274' title='bbox 1326 3859 1372 3908; x_wconf 81' lang='lat' dir='ltr'>snb</span> 
     </span>
     <span class='ocr_line' id='line_1_42' title="bbox 859 3938 1372 4002; baseline 0.004 -16"><span class='ocrx_word' id='word_1_275' title='bbox 859 3955 932 3987; x_wconf 80' lang='lat' dir='ltr'>usura</span> <span class='ocrx_word' id='word_1_276' title='bbox 953 3939 1063 4002; x_wconf 75' lang='lat' dir='ltr'>graviore</span> <span class='ocrx_word' id='word_1_277' title='bbox 1085 3938 1262 3998; x_wconf 75' lang='lat' dir='ltr'>collocabant3</span> <span class='ocrx_word' id='word_1_278' title='bbox 1288 3942 1322 3988; x_wconf 82' lang='lat' dir='ltr'>ita</span> <span class='ocrx_word' id='word_1_279' title='bbox 1344 3951 1372 3988; x_wconf 87' lang='lat' dir='ltr'>ut</span> 
     </span>
    </p>
   </div>
   <div class='ocr_carea' id='block_1_6' title="bbox 858 4018 1451 4082">
    <p class='ocr_par' dir='ltr' id='par_1_10' title="bbox 858 4018 1451 4082">
     <span class='ocr_line' id='line_1_43' title="bbox 858 4018 1451 4082; baseline 0.007 -17"><span class='ocrx_word' id='word_1_280' title='bbox 858 4019 927 4082; x_wconf 86' lang='lat' dir='ltr'>qnod</span> <span class='ocrx_word' id='word_1_281' title='bbox 933 4018 1019 4065; x_wconf 86' lang='lat' dir='ltr'>ceteris</span> <span class='ocrx_word' id='word_1_282' title='bbox 1028 4018 1142 4067; x_wconf 84' lang='lat' dir='ltr'>omnibns</span> <span class='ocrx_word' id='word_1_283' title='bbox 1152 4018 1298 4068; x_wconf 85' lang='lat' dir='ltr'>detrimento</span> <span class='ocrx_word' id='word_1_284' title='bbox 1309 4031 1371 4067; x_wconf 76' lang='lat' dir='ltr'>erret</span> <span class='ocrx_word' id='word_1_285' title='bbox 1448 4062 1451 4069; x_wconf 87' lang='lat'>.</span> 
     </span>
    </p>
   </div>
   <div class='ocr_carea' id='block_1_7' title="bbox 858 4096 1369 4237">
    <p class='ocr_par' dir='ltr' id='par_1_11' title="bbox 858 4096 1369 4237">
     <span class='ocr_line' id='line_1_44' title="bbox 858 4096 1369 4163; baseline 0.006 -21"><span class='ocrx_word' id='word_1_286' title='bbox 858 4112 886 4144; x_wconf 83' lang='lat' dir='ltr'>nc</span> <span class='ocrx_word' id='word_1_287' title='bbox 900 4096 1026 4160; x_wconf 83' lang='lat' dir='ltr'>perniciei,</span> <span class='ocrx_word' id='word_1_288' title='bbox 1035 4098 1084 4159; x_wconf 86' lang='lat' dir='ltr'>ipsi</span> <span class='ocrx_word' id='word_1_289' title='bbox 1093 4097 1203 4145; x_wconf 79' lang='lat' dir='ltr'>maximae</span> <span class='ocrx_word' id='word_1_290' title='bbox 1214 4098 1315 4147; x_wconf 85' lang='lat' dir='ltr'>utilitati</span> <span class='ocrx_word' id='word_1_291' title='bbox 1324 4114 1369 4163; x_wconf 79' lang='lat' dir='ltr'>ap·</span> 
     </span>
     <span class='ocr_line' id='line_1_45' title="bbox 858 4186 985 4237; baseline 0.016 -17"><span class='ocrx_word' id='word_1_292' title='bbox 858 4186 985 4237; x_wconf 86' lang='lat' dir='ltr'>ponerent.</span> 
     </span>
    </p>
   </div>
   <div class='ocr_carea' id='block_1_8' title="bbox 0 0 1592 4770">
    <p class='ocr_par' dir='ltr' id='par_1_12' title="bbox 0 0 1592 4770">
     <span class='ocr_line' id='line_1_46' title="bbox 0 0 1592 4770; baseline 0 5"><span class='ocrx_word' id='word_1_293' title='bbox 0 0 1592 4770; x_wconf 95' lang='lat' dir='ltr'> </span> 
     </span>
    </p>
   </div>
  </div>
 </body>
</html>
