3186 4772
576 408 972 479 insonaturum.
1225 406 1294 508 3¹7

276 547 333 607 tas,
346 544 377 592 et
391 531 441 591 illa
455 528 541 590 Sestii
561 528 671 607 lictoris
688 548 804 602 manns,
820 548 886 607 quse
905 527 1113 589 consuetudine
1123 528 1183 608 jam
1194 546 1299 610 sponte

275 629 312 687 ad
333 628 441 687 civium
461 644 587 702 corpora
603 623 770 684 ferebatur?
784 628 855 703 Cap.
870 623 917 683 ts.
942 628 1046 684 Nonne
1058 644 1148 702 quom
1163 628 1227 704 quis
1241 629 1297 688 ista

274 725 356 802 legit,
374 724 499 782 animum
510 721 572 800 ejus
585 721 680 800 imago
692 721 823 799 quadam
837 733 868 778 et
877 718 1126 778 sonusverbcrum
1137 735 1166 780 et
1175 743 1297 799 vocum,

275 833 304 879 et
318 819 505 899 ejulationum
519 816 788 895 circumplectitur?
807 821 912 875 Nonne
925 834 963 873 ex
976 814 1011 873 iis
1025 816 1147 875 affectus
1159 819 1297 897 sequitur,

274 937 334 976 non
345 916 429 975 aliter
442 934 528 994 quam
542 914 566 973 si
580 911 666 972 rebus
679 914 748 992 ipsis
762 913 984 972 interessemus?
998 917 1033 971 Δ.
1048 914 1123 972 Gell.
1137 917 1185 987 X,
1198 915 1226 973 3.
1239 917 1296 976 Sed

266 1033 365 1091 ⁴quum
378 1009 576 1091 voluptatibus
596 1010 726 1069 maximis
748 1008 894 1069 fastidium
916 1007 1070 1068 finitimum
1091 1010 1143 1082 sit,
1164 1022 1193 1068 et
1209 1031 1298 1089 quum

274 1122 377 1168 ornata
394 1109 455 1167 sine
475 1106 685 1167 intermissione
704 1106 816 1177 oratio,
840 1104 972 1183 quamvis
990 1105 1075 1164 claris
1095 1106 1133 1164 sit
1151 1107 1298 1167 coloribus

273 1207 366 1285 picta,
387 1218 447 1264 non
468 1204 559 1283 possit
580 1204 611 1262 in
629 1202 820 1262 delectatione
837 1221 898 1260 esse
917 1200 1071 1275 diuturna3
1093 1222 1210 1262 summae
1230 1205 1298 1265 artis

275 1303 343 1371 tuit,
357 1315 391 1361 ut
404 1300 525 1360 haberet
538 1301 588 1359 illa
601 1301 632 1358 in
645 1299 769 1359 dicendo
783 1298 953 1371 admiratio,
974 1318 1007 1357 ac
1021 1318 1131 1357 summa
1146 1300 1220 1373 laus,
1235 1321 1300 1375 um-

273 1399 356 1459 bram
371 1398 534 1469 interdum,
555 1411 583 1457 et
597 1397 748 1456 intervalla
761 1416 898 1469 recessus,
910 1395 1026 1474 quibus,
1037 1397 1147 1456 variata
1159 1399 1299 1472 oratione,

272 1498 365 1567 fieret,
380 1507 412 1553 ut
422 1508 540 1552 ornatus
551 1494 688 1571 perpetui
699 1492 815 1551 fastidio
830 1505 1049 1564 occurreretur;
1068 1505 1098 1553 ct
1110 1491 1152 1567 id,
1165 1494 1244 1572 quod
1255 1506 1298 1553 est

274 1592 485 1661 illuminatum,
502 1603 616 1648 exstare
628 1590 732 1666 magis,
745 1602 775 1647 et
789 1589 915 1647 eminere
925 1588 1083 1648 videretur.

313 1694 413 1747 Partes
426 1686 512 1764 hujus
526 1685 666 1745 orationis
678 1698 760 1758 suot,
775 1684 943 1755 exordium,
959 1685 997 1743 ad
1009 1706 1073 1764 cap.
1085 1705 1120 1760 ²3
1137 1688 1300 1762 contentio,

274 1784 339 1862 q‘uae
351 1797 440 1862 caput
451 1781 540 1841 habet
553 1781 675 1860 duple13
693 1783 725 1839 ιο
741 1781 866 1840 ostendit
884 1792 982 1840 orator
998 1780 1035 1839 ad
1049 1802 1112 1860 cap.
1128 1782 1181 1856 38,
1204 1804 1300 1863 neque

274 1881 305 1939 in
327 1879 406 1939 bello
430 1879 633 1957 lugitivorum,
648 1897 742 1955 neque
762 1878 792 1936 in
814 1876 892 1936 bello
909 1877 1080 1956 pradonum
1096 1879 1184 1937 ullam
1199 1881 1299 1939 Verris

273 1977 411 2036 virtutem
424 1974 639 2054 imperatoriam
653 1973 805 2046 enituisse3
818 1986 922 2032 contra
934 1973 965 2031 iu
978 1987 1103 2052 utroque
1117 1974 1194 2033 bello
1211 1975 1300 2035 istum

273 2077 395 2151 ignare,
411 2090 513 2143 avare,
525 2083 555 2128 et
567 2067 720 2127 libidinose
733 2087 794 2126 esse
807 2082 968 2140 versatum3
985 2070 1020 2126 2⁰
1032 2071 1132 2127 Verris
1144 2068 1299 2129 crudelitas

274 2169 304 2227 in
318 2167 494 2240 nauarchos,
509 2179 538 2224 et
549 2167 580 2224 in
593 2166 669 2224 cives
680 2182 816 2221 romanos
830 2162 1002 2235 declaratur,
1015 2163 1052 2222 ad
1064 2164 1111 2222 68.
1123 2164 1200 2223 Huic
1210 2165 1299 2244 capiti

272 2265 425 2344 subjicitur
441 2265 617 2343 apostropha
629 2260 667 2320 ad
681 2259 870 2320 Hortensium
885 2270 915 2316 et
928 2258 964 2317 ad
976 2257 1107 2334 judices,
1123 2278 1171 2333 7²·

311 2362 461 2422 Peroratio
472 2359 558 2437 hujus
571 2358 640 2417 libri
651 2371 679 2416 et
690 2352 779 2416 tdtius
789 2356 947 2415 iuverrem
959 2355 1158 2429 accusationis,
1167 2375 1229 2436 cap.
1243 2377 1298 2432 72,

272 2459 306 2517 fit
318 2459 506 2517 renovatione
521 2455 674 2514 criminum
682 2454 798 2520 Verris,
813 2472 867 2531 per
882 2452 1104 2511 obtestationem
1117 2452 1210 2525 Jovis,
1225 2453 1300 2512 deo-

273 2575 396 2634 rumque
415 2575 449 2614 ac
464 2553 583 2612 dearum
597 2552 739 2619 omnium,
759 2562 792 2608 ut
813 2570 867 2628 pro
888 2549 965 2608 bello
988 2551 1145 2628 sacrilego,
1161 2550 1241 2628 quod
1257 2550 1298 2609 eis

273 2652 327 2710 iste
341 2650 458 2723 indixit,
472 2649 527 2728 ipsi
538 2667 664 2727 poeuasa
678 2646 874 2705 conscelerato
886 2646 1003 2704 homine
1018 2658 1167 2724 repetant,
1177 2667 1298 2726 eamque

273 2747 344 2805 dent
354 2760 478 2805 mentem
491 2743 654 2824 judicibus,
664 2757 713 2815 ut,
727 2762 794 2822 quae
800 2741 948 2801 Ciceronis
957 2740 1028 2799 fides
1038 2741 1190 2820 iungenda
1200 2745 1299 2802 Verris

273 2863 359 2902 causa
375 2845 444 2915 fuit,
459 2843 560 2903 eadem
571 2844 687 2902 illorum
703 2842 733 2900 in
743 2839 901 2919 judicanda
912 2839 957 2897 sit.
971 2843 1005 2895 lu
1019 2839 1219 2916 superioribus
1229 2861 1297 2901 nar-

274 2936 434 2997 rationibus
453 2940 494 2996 ita
514 2939 647 3018 prolecto
668 2956 811 2996 summum
837 2935 949 3014 apicem
972 2931 1098 2991 duorum
1125 2935 1298 3007 affectuum,
1344 2984 1350 2997 ,

274 3036 476 3096 misericordia
492 3051 522 3096 et
534 3035 609 3110 odii,
624 3056 743 3114 magnus
757 3048 856 3094 orator
870 3032 995 3111 attigisse
1009 3030 1173 3107 videbatur,
1194 3047 1228 3093 ut
1236 3034 1296 3111 jam

273 3133 410 3205 allectus,
427 3151 487 3210 quo
499 3132 734 3209 progrederetur,
753 3133 832 3190 ultra
846 3148 904 3187 non
921 3127 1060 3202 haberet,
1081 3142 1111 3187 ct
1132 3126 1162 3187 in
1181 3130 1296 3209 epilogo

274 3248 404 3290 crescere
423 3248 484 3287 non
503 3241 602 3307 posset
620 3229 725 3287 oratio.
748 3234 787 3287 At
807 3226 976 3286 immortalis
990 3225 1098 3305 ingenii
1111 3226 1157 3284 vir
1170 3227 1298 3286 humano

273 3326 412 3406 quiddam
426 3325 495 3385 odio
511 3324 602 3403 majus
616 3324 740 3402 reperit;
760 3322 831 3383 deos
850 3324 928 3402 ipsos
947 3324 978 3382 in
994 3335 1106 3401 partem
1126 3323 1297 3385 vindictam-

272 3442 330 3501 quc
346 3434 447 3493 voost3
462 3439 512 3479 eos
527 3419 669 3478 nefarium
682 3418 842 3479 inVerrem
856 3419 990 3491 suscitat,
1006 3437 1056 3477 cos
1074 3418 1219 3497 sigillatim
1239 3418 1296 3478 ob-

273 3531 404 3587 testatur,
414 3531 448 3576 ut
459 3516 546 3577 istum
557 3516 612 3596 ipsi
624 3515 801 3594 praecipitem
812 3514 959 3594 impellant
971 3527 1000 3573 et
1009 3514 1154 3592 perditum
1167 3513 1296 3573 funditus

272 3626 413 3676 evertant
422 3613 508 3675 Unde
520 3633 579 3672 non
592 3612 696 3672 mirum
709 3612 765 3672 hac
777 3613 904 3690 perlecta
918 3612 1089 3671 exclamasse
1100 3610 1295 3670 doctissimum
1337 3679 1343 3687 ,
1410 3688 1415 3696 Ι

272 3713 386 3773 virum:
404 3711 540 3772 uUtinam
554 3710 629 3769 lianc
645 3708 765 3787 hujusce
778 3709 917 3768 orationis
930 3721 1044 3788 partem
1056 3708 1125 3766 riva
1138 3726 1210 3766 voce
1223 3705 1296 3765 mihi

274 3809 374 3868 audire
388 3808 433 3866 vel
450 3826 467 3866 a
481 3807 633 3875 Cicerone,
644 3807 692 3865 vel
706 3806 881 3866 aCioeronis
896 3805 981 3863 simili
995 3804 1137 3862 liceret!-

312 3904 394 3964 lllam
404 3902 492 3963 Gavii
504 3902 713 3981 suppliciorum
727 3901 966 3981 descriptionem,
979 3918 1044 3977 quas
1059 3897 1172 3957 initium
1186 3897 1265 3957 ducit
1278 3919 1296 3957 a

273 4020 336 4078 cap.
350 4000 403 4075 58,
418 4002 577 4062 A.Gellius
594 4001 723 4080 impense
745 3984 922 4070 admiratur,
944 4010 973 4056 et
999 3995 1113 4055 confert
1133 4015 1199 4055 cum
1225 3993 1295 4053 locis

275 4094 390 4157 duobus
409 4117 586 4161 summorum
608 4099 766 4181 superioris
782 4097 873 4158 aetatis
889 4108 1056 4167 oratomm,
1076 4094 1107 4154 in
1127 4104 1296 4174 argumento
