3148 4780
323 410 393 484 382
646 414 696 482 Μ.
720 415 759 482 Τ.
787 413 1068 483 CICERONIS

320 552 358 607 et
371 551 492 608 tamen
506 558 566 623 ea,
578 558 659 631 quae
672 535 867 605 certissima
884 548 967 604 sunt
978 532 1088 628 hujus
1103 535 1263 606 criminis
1278 559 1381 633 argu·

319 662 456 732 menta,
470 645 687 743 pratermisi.
696 643 790 715 Volo
806 646 903 715 erum
915 643 1005 714 mihi
1019 657 1138 715 totum
1151 669 1228 718 esse
1243 648 1379 718 crimen

244 758 249 765 '
319 750 430 826 hoc¹³
449 755 629 849 integrum
647 766 723 822 :est
748 766 866 823 certus
882 752 1000 838 locus,
1021 766 1118 825 certa
1145 753 1223 843 lex,
1240 769 1380 829 certum

318 862 493 951 tribuual,
514 885 589 958 quo
606 859 677 931 hoc
693 860 907 932 reservetur.

366 977 493 1044 XXXI.
519 977 592 1041 Hac
621 984 718 1040 tanta
748 971 888 1068 praeda¹
912 986 1059 1057 auctus,
1081 975 1289 1072 mancipiis,
1321 1001 1379 1047 ar·

316 1097 444 1181 genio,
469 1093 566 1152 veste
583 1078 841 1176 locupletatus,
858 1079 973 1151 nihilo
998 1079 1204 1177 diligentior
1224 1083 1269 1156 ad
1289 1083 1376 1155 clas-

312 1219 390 1265 sem
407 1187 623 1277 ornandam,
642 1189 771 1260 milites
791 1189 1038 1262 revocandos²
1059 1190 1283 1288 alendosque
1299 1215 1378 1264 esse

316 1306 427 1402 coepit
441 1329 451 1390 ;
464 1316 582 1399 ¹quum
598 1323 640 1370 ea
659 1323 717 1370 ros
739 1324 815 1369 uon
833 1300 951 1371 solum
968 1301 1160 1397 provinciae
1173 1300 1297 1387 saluti,
1315 1327 1377 1375 vc·

294 1436 299 1459 ¹
316 1438 398 1487 rum
416 1411 523 1483 etiam
544 1411 612 1506 ipsi
630 1405 777 1506 praedae³
797 1432 874 1481 esse
891 1423 1025 1508 possut.
1041 1414 1131 1483 Nam
1149 1424 1270 1482 aestate
1282 1435 1377 1482 sum·

314 1546 395 1606 ma,
417 1543 493 1616 quo
517 1532 681 1615 tempore
702 1521 811 1590 ceteri
835 1533 1007 1616 praetores
1032 1518 1135 1592 obire
1156 1523 1375 1618 provinciam

314 1645 352 1701 et
366 1625 604 1699 concursarel
621 1641 909 1717 consueverunt,
921 1642 985 1700 aut
998 1629 1105 1700 ctiam
1120 1629 1158 1704 in
1176 1644 1279 1701 tanto
1289 1655 1376 1728 prae·

313 1737 451 1825 donum
472 1752 571 1808 metu
595 1751 632 1807 et
658 1736 819 1833 periculo
838 1738 905 1832 ipsi
931 1738 1118 1834 navigare3
1140 1762 1186 1810 eo
1210 1753 1375 1837 tempore

314 1847 360 1919 ad
375 1848 550 1918 luxuriam
570 1844 812 1943 libidinesque
831 1869 932 1932 suas,
954 1844 1066 1917 domo
1083 1870 1147 1921 sua
1163 1848 1277 1944 regia,
1296 1873 1375 1946 quae

312 1959 405 2054 regis
421 1958 585 2027 Hieronis
593 1954 676 2036 fuit,
691 1979 764 2051 qua
779 1968 950 2051 praetores
964 1958 1018 2025 uti
1034 1955 1167 2044 solent,
1183 1972 1374 2030 contentus

312 2092 390 2138 non
412 2065 481 2137 fuit
507 2092 515 2134 :
538 2062 790 2151 tabernacula,
811 2063 1117 2159 quemadmodum
1141 2082 1373 2139 consueverat

229 2264 233 2273 ¹
311 2173 535 2274 temporibus
559 2173 705 2260 aestivis‚
731 2171 832 2270 quod
854 2187 957 2245 antea
974 2170 989 2217 ⁵
1006 2174 1080 2269 jum
1105 2175 1372 2265 demonstravi,

307 2284 485 2356 carbaseis
499 2281 755 2369 intentavelis‚
773 2280 941 2353 collocari
954 2282 1060 2376 jussit
1076 2287 1114 2355 in
1128 2285 1233 2358 litore
1250 2313 1259 2356 :
1274 2285 1374 2385 quod

307 2410 363 2466 est
384 2394 469 2464 litus
486 2395 525 2461 in
545 2392 666 2463 Insula
692 2394 874 2488 Syracusis
898 2407 980 2490 post
1001 2393 1186 2467 Arethusae
1214 2394 1373 2484 fontem,

308 2514 457 2597 propter
470 2501 589 2595 ipsum
604 2501 792 2570 introitum
800 2514 911 2597 atque
920 2502 1054 2574 ostium
1064 2518 1212 2601 portus,
1225 2529 1370 2578 amoeno

306 2624 441 2680 sancet
456 2606 503 2679 ab
519 2606 661 2679 arbitris
676 2623 817 2681 remoto
831 2609 923 2681 loco.
939 2614 1007 2682 Hic
1022 2611 1099 2683 dies
1115 2613 1252 2684 festivos
1269 2636 1369 2685 sexa·

306 2724 406 2816 ginta
419 2732 551 2818 praetor
562 2719 687 2816 populi
701 2720 861 2805 romani,
876 2717 1020 2792 cust0s⁶
1037 2719 1275 2817 defensorque
1286 2744 1370 2819 pro-

305 2830 449 2920 vinciae,
461 2830 511 2901 sic
519 2830 621 2915 vixit,
636 2843 678 2900 ut
688 2826 877 2900 muliebria
886 2828 1048 2928 qnotidie
1062 2834 1225 2904 convivia
1233 2846 1369 2921 essent3

342 3032 382 3080 13.
398 3029 492 3079 Crimen
505 3029 559 3078 lsoc.
569 3031 711 3092 Maiestatis.
724 3057 760 3067 -
773 3031 815 3078 En
858 3028 880 3077 si
901 3041 964 3079 esset
984 3042 1082 3091 oruata,
1101 3030 1205 3095 predari
1223 3044 1322 3097 poterut
1337 3048 1369 3083 ex

305 3121 381 3156 ceruus
394 3108 469 3157 locus.
481 3110 662 3172 cognoscendis
672 3108 814 3158 criminibus
857 3109 1023 3173 pradonibus.

303 3188 433 3247 majestatis
443 3186 704 3235 destinatus-Certa
716 3188 767 3236 ier.
775 3189 813 3236 De
893 3196 917 3246 4.
928 3191 1083 3239 concremare.
1093 3189 1190 3238 Dicitur
1197 3190 1269 3239 etism
1277 3190 1308 3240 ds
1315 3208 1366 3241 uno

305 3261 435 3324 majestate.
454 3290 489 3300 -
510 3265 605 3313 Certum
621 3265 735 3315 tribunal.
754 3268 813 3327 Ejus
855 3264 970 3327 bomine,
983 3268 1026 3333 qui
1039 3269 1192 3333 negotiorum
1205 3281 1366 3330 anonumum

304 3343 415 3410 praetoris
422 3343 464 3406 qui
472 3343 502 3389 de
509 3344 632 3403 majestate
641 3344 813 3408 quoeritAper·
856 3347 953 3396 alterius
963 3362 1046 3406 musa,
1060 3347 1150 3394 multos
1158 3347 1255 3407 inrisit,
1264 3348 1365 3404 sulum,

304 3437 328 3472 te
339 3423 410 3470 Verri
423 3422 528 3468 minatur
539 3420 660 3482 judicium
671 3424 811 3483 majestatis.
855 3437 880 3474 et
895 3426 971 3475 modo
981 3425 1045 3483 huc,
1059 3425 1135 3473 modo
1145 3424 1205 3473 illuc
1217 3427 1299 3475 currit.
1313 3428 1363 3475 rm

339 3500 438 3549 xm
455 3514 478 3546 1.
489 3499 543 3546 Hac
554 3507 624 3545 tanta
633 3499 730 3564 produ.
748 3501 812 3550 Vide
855 3521 886 3553 eo
893 3505 955 3553 dixit
965 3519 1174 3569 concurren,pro
1184 3505 1300 3567 Quintio,
1308 3519 1363 3568 cap.

302 3597 376 3645 supra
387 3595 441 3644 cap.
455 3577 498 3626 οὗ.
506 3579 559 3625 Huc
568 3578 673 3641 pertinet
682 3578 735 3627 lusu
743 3596 812 3645 repe·
832 3613 836 3637 .
859 3584 899 3631 ιδ.
912 3585 993 3645 Quare
1006 3596 1058 3629 nou
1068 3598 1165 3630 necem
1178 3599 1235 3631 eum
1247 3583 1364 3632 lambino

302 3662 374 3721 titio,
390 3670 418 3707 ut
429 3657 539 3719 judicum
550 3657 664 3705 memoria
675 3671 813 3720 renovetur,
854 3661 920 3726 legas
928 3660 1161 3712 «circumcursare».

300 3751 325 3787 et
347 3738 470 3804 sequeutia
492 3736 615 3801 prioribus
637 3749 811 3799 annectuntur,
891 3740 915 3788 5.
928 3740 1091 3801 Quodanten.
1113 3742 1191 3804 Supra
1209 3756 1263 3805 cap.
1280 3757 1364 3790 ra.-

301 3817 742 3867 morstransitionis.lleditoratorad
752 3819 812 3866 clas·
856 3817 991 3867 carbaseis.
1011 3818 1041 3867 Id
1056 3831 1107 3879 est,
1123 3818 1207 3877 lineis,
1228 3836 1304 3883 quum
1323 3820 1365 3867 alii

300 3913 349 3944 sem
359 3914 431 3961 qusm
440 3901 577 3946 Verressua
586 3897 686 3946 libidine
694 3897 809 3963 perdidit.
853 3908 979 3946 uterentur
989 3898 1073 3947 laneis.
1088 3925 1124 3934 -
1135 3900 1167 3946 In
1184 3899 1279 3948 Insula.
1289 3900 1327 3946 De
1335 3914 1363 3946 es

338 3990 363 4020 ι.
376 3975 810 4039 Βενοοαηᾰοε.ραοιρκιίοᾰίιιιίκ-
852 3986 879 4023 et
898 3974 928 4024 de
943 3978 1061 4027 Arethusa
1078 3978 1163 4036 fonte,
1183 3977 1236 4027 sid.
1256 3977 1299 4025 lib.
1313 3979 1362 4035 Π,

302 4064 347 4101 rut.
359 4053 435 4114 Suprs
445 4068 499 4115 cup.
510 4055 553 4101 2⁵.
852 4070 906 4119 usp.
921 4056 962 4102 53.

338 4132 360 4176 3.
376 4127 429 4190 ipsi
437 4129 538 4192 proedoe.
549 4129 612 4176 Nam
621 4144 677 4177 cum
687 4146 715 4176 es
724 4128 807 4189 curse,
887 4136 913 4182 6.
929 4134 1021 4183 Crator.
1040 4134 1090 4196 Qui
1103 4134 1134 4182 ad
1147 4135 1173 4185 id
1184 4136 1291 4185 muueris
1303 4150 1362 4199 pro·
