3116 4774
389 404 584 474 ORATIO
609 407 708 475 PRO
733 409 773 476 A.
799 400 1009 477 cfficlttt.
1154 402 1226 479 503

172 526 440 612 controversiis,
460 523 715 629 praescribatis,
728 540 769 599 ut
793 523 1060 621 confligendum
1080 524 1169 613 sibi,
1190 541 1226 599 et

171 636 281 707 armis
306 634 564 706 decertandum
593 648 739 732 putent3
767 660 832 721 ne,
860 631 1166 731 quemadmodum
1188 641 1226 707 in

172 743 270 816 bello
282 768 391 842 poena
410 746 545 842 ignavis
564 741 610 815 ab
624 742 901 842 imperatoribus
915 744 1162 830 constituitur,
1178 745 1228 816 sic

173 858 212 924 in
234 854 378 949 judiciis
403 853 560 925 deterior
588 877 694 925 causa
722 857 768 925 sit
795 877 941 939 eorum,
965 853 1028 949 qui
1051 850 1229 948 fugerint,

172 987 282 1058 quam
303 964 368 1058 qui
388 963 434 1035 ad
458 976 659 1035 extremum
683 986 799 1059 usque
819 961 1082 1033 contenderint.
1104 964 1228 1052 Quum

173 1070 218 1140 de
228 1072 310 1165 jure
323 1084 359 1141 et
371 1068 558 1168 legitimis⁶
571 1070 763 1143 hominum
772 1072 1023 1143 controversiis
1034 1070 1229 1167 loquimur,

173 1193 208 1249 et
228 1184 267 1249 in
285 1179 342 1250 his
356 1179 466 1257 rebus
485 1183 558 1255 vim
578 1183 826 1268 nominamus,
840 1181 1045 1277 pertenuis-⁷
1067 1180 1230 1255 visintei·

172 1289 232 1383 ligi
249 1286 370 1360 debet.
389 1289 473 1361 Vidi
490 1305 662 1378 armatos,
685 1292 849 1387 quamvis
869 1313 1023 1387 paucos:
1038 1294 1229 1387 magnatis

172 1410 237 1467 est.
256 1399 400 1469 Decessi
419 1399 526 1469 unius
541 1397 699 1469 hominis
723 1399 796 1473 teio
818 1403 1047 1496 perterritus:
1068 1398 1229 1494 dejectus

173 1504 414 1602 detrususque
431 1531 524 1577 sum.
546 1511 623 1580 Hoc
636 1507 666 1579 si
683 1507 731 1577 ita
746 1509 925 1592 statuetis3
941 1530 1013 1585 non
1028 1507 1139 1583 modo
1154 1532 1228 1581 nnn

172 1614 260 1700 erit,
280 1636 345 1685 cnr
363 1614 570 1712 depugnare
592 1619 782 1712 quisquam
803 1616 972 1712 posthac,
996 1620 1230 1715 possessionis

174 1745 297 1807 causa,
313 1723 415 1810 velit,
431 1723 494 1797 sed
512 1750 558 1797 ne
575 1724 667 1796 illud
681 1723 847 1821 quidem,
864 1749 930 1795 cur
942 1750 1155 1825 repugnare.
1169 1730 1229 1801 Sin

174 1852 295 1909 autem
320 1842 395 1911 vim
421 1843 499 1912 sine
524 1840 639 1929 crede,
665 1844 743 1913 sine
762 1840 1030 1924 vulneratione,
1052 1846 1129 1917 sine
1151 1868 1230 1916 sam

173 1950 302 2041 guine,
320 1950 456 2022 nullam
470 1952 693 2049 intelligetis3
712 1952 896 2037 statuetis,
913 1949 1077 2023 homines
1094 1976 1230 2049 posses·

173 2057 282 2127 sionis
299 2059 503 2155 cupidiores
523 2084 635 2157 quam
652 2056 756 2132 vitar⁸
775 2084 852 2131 esse
872 2073 1056 2156 oportere·

221 2170 332 2237 XVII.
354 2172 428 2266 Age
452 2194 555 2256 vero,
577 2168 622 2241 de
647 2170 682 2238 vi
699 2182 736 2239 te
754 2169 871 2266 ipsum
889 2165 1033 2238 habebo
1049 2166 1230 2261 judicem,

173 2272 304 2368 AEburi.
327 2278 541 2375 Responde,
562 2280 590 2349 si
607 2276 674 2349 tihi
688 2277 840 2348 videtur.
861 2280 902 2347 In
919 2272 1073 2347 fundum
1090 2280 1231 2350 Caecina

174 2399 297 2455 utrum
330 2386 448 2460 noluit
477 2388 643 2473 tandem,
673 2411 719 2459 an
751 2411 827 2457 non
860 2387 1003 2483 potuit1
1037 2385 1232 2458 accedere?

174 2495 295 2583 Quum
318 2509 357 2567 te
379 2494 578 2585 obstitisse,
603 2510 640 2569 et
664 2496 860 2595 repulisse²
884 2495 989 2582 dicis,
1012 2510 1108 2568 certe
1132 2496 1231 2567 huuc

209 2668 234 2716 6.
259 2665 406 2733 Legininu..
421 2666 596 2718 controversiis.
617 2670 678 2731 Qun
722 2667 800 2716 credes
812 2678 854 2715 eut
866 2667 965 2715 vulnera
977 2667 1038 2716 sectr
1047 2662 1103 2718 sint.
1113 2670 1231 2718 lior-r.-

176 2745 258 2808 tegam
287 2746 521 2811 interdictorumque
552 2747 679 2812 prseceptis
723 2747 840 2794 Homines
854 2745 1229 2811 deberepotinsdevits,qunnr

175 2822 407 2887 desquamatis.
417 2827 635 2889 Tou-Equitius
643 2826 679 2873 in·
724 2825 755 2875 de
767 2825 919 2888 possessione
932 2823 1025 2875 cedere.
1042 2824 1182 2873 Absurdutn
1192 2826 1232 2884 jn·

175 2902 268 2951 strutio
279 2903 404 2965 tripartita.
418 2904 473 2952 Um
488 2921 544 2968 pars
557 2906 679 2970 legitima,
725 2902 825 2952 dicium.
843 2902 906 2951 Nam
923 2904 972 2950 vita
993 2902 1097 2953 fortunis
1118 2903 1230 2953 omuibus

175 2980 249 3028 alters
262 2982 425 3040 conveniens,
440 2984 509 3031 tertis
523 2985 681 3035 morisretn·
724 2982 910 3047 anteponenda,
946 2982 1043 3031 nedum
1074 2982 1229 3046 poueseioni.

176 3070 235 3108 stete
248 3058 417 3111 confirmatu».
432 3065 532 3113 Pusu.
725 3061 815 3111 tundis
832 3060 931 3125 quidem
948 3076 1022 3124 quem
1042 3062 1098 3113 vitoe
1116 3061 1158 3108 ulii
1174 3072 1231 3111 suut

213 3155 236 3199 7.
254 3139 387 3187 Pertenur's.
400 3141 459 3189 Non
468 3150 554 3197 utros,
573 3150 598 3189 et
613 3139 682 3189 vehe-
725 3140 878 3204 cupidIores,
893 3152 922 3189 ut
933 3141 1000 3207 apud
1009 3141 1098 3205 virgil.
1108 3142 1177 3203 «Qui
1185 3142 1233 3189 vitu

65 3220 68 3225 ’
177 3235 258 3277 mene,
273 3218 317 3269 sed
329 3219 467 3282 pemigur.
482 3244 518 3255 -
537 3221 630 3282 Megara
641 3219 681 3266 vis
725 3218 787 3269 bene
801 3219 884 3269 ereda
900 3221 977 3269 emt..
996 3221 1072 3269 nem:
1087 3219 1232 3283 «vitamque

94 3332 95 3335 ,
176 3310 219 3345 ere.
237 3297 369 3360 Quomodo
386 3314 486 3361 magns,
504 3298 525 3345 ri
542 3299 682 3361 munis?
725 3298 812 3347 volunt
833 3313 880 3362 pro
898 3298 970 3347 lsude
986 3299 1108 3363 parisus
1122 3300 1158 3349 At
1176 3315 1232 3363 por·

79 3409 82 3417 ·
96 3400 97 3405 =
177 3379 215 3425 Ex
227 3377 407 3443 computatione
420 3379 457 3427 ris
467 3375 568 3427 bellicae.
581 3402 616 3414 -
629 3377 680 3425 th·
724 3377 799 3427 tenio
807 3377 892 3427 mus·
902 3378 1038 3443 recuperari
1045 3387 1136 3445 potest,
1147 3378 1232 3426 emisse

177 3455 276 3507 surdum
297 3456 345 3505 hoc
364 3453 463 3504 Schiitz.
482 3455 638 3518 pronuntiat,
658 3465 681 3503 et
724 3457 773 3504 rite
786 3472 838 3505 non
850 3467 941 3520 potest.
954 3459 1056 3507 tum.

178 3537 317 3596 conjectura
339 3534 427 3582 ductus
448 3534 519 3598 legit,
543 3534 625 3583 uineta
645 3536 683 3583 vis
760 3532 1233 3588 xvu.1.urrumrotuurandem.aa

178 3616 240 3653 est».
253 3607 279 3654 J·
290 3606 322 3652 v·
337 3606 363 3652 L·
375 3631 411 3645 ···
428 3604 476 3653 Sed
486 3603 683 3671 ¹1⁰⁸·V1tlg·ffi⁰
726 3629 774 3660 non
780 3612 861 3677 pertrait
871 3612 1098 3662 mederernetnir
1108 3610 1233 3668 voluntas,

179 3701 228 3733 non
238 3683 398 3733 recedendum
410 3693 683 3755 putamur,qnumcu1t·
725 3706 757 3739 nn
765 3691 866 3740 incultos
874 3689 1020 3739 accedendi?
1034 3688 1184 3737 Dilsmmatir
1197 3688 1234 3736 vir

179 3775 217 3811 cta
235 3763 358 3828 superiora
380 3762 540 3827 inferioraque
560 3763 623 3822 bene
636 3763 684 3813 sibi
727 3770 791 3818 inest
799 3771 826 3817 in
835 3768 976 3818 definitione
985 3768 1034 3827 vis,
1043 3783 1099 3830 quae
1107 3777 1144 3814 est
1152 3782 1234 3815 neuu-

178 3842 299 3891 cohaersre
311 3843 445 3892 videantur.
728 3848 785 3899 ritus
791 3847 903 3912 impositi
913 3848 1032 3897 contraria
1042 3844 1174 3902 voluntati3¹
1181 3844 1199 3891 l.
1212 3859 1234 3902 1,

215 3927 239 3973 8.
257 3925 416 3977 Possessionr's
438 3924 588 3990 wpr'dr'nres,
611 3941 685 3990 quum
728 3928 762 3977 D.
775 3927 842 3992 quod
853 3927 879 3975 ri
886 3937 995 3975 metusve
1006 3939 1084 3973 muru
1096 3926 1173 3972 Iun.

66 4049 69 4053 .
180 4004 247 4055 νίιω.
274 4005 309 4050 Ut
331 4021 381 4053 non
404 4006 472 4070 prins
497 4003 684 4070 poumiouem,
765 4023 790 4057 a.
805 4008 917 4071 quante
925 4003 1042 4054 obstitisse
1053 4015 1078 4052 et
1088 4000 1235 4068 repudiasse.

182 4097 253 4143 quam
266 4079 341 4130 vium
352 4083 502 4148 relinquant,
513 4083 540 4133 id
552 4095 684 4151 anquam
728 4086 834 4151 Quidem
852 4084 901 4151 legi
917 4084 959 4135 tue
978 4081 1081 4146 solunt,
1102 4080 1232 4149 repauset
