3148 4780
277 350 349 423 366
592 354 638 419 M.
664 352 704 420 Τ.
729 351 1021 421 CICERONIS

275 472 502 546 vendidisset.
521 475 613 544 Nam
632 474 754 543 statim
769 477 809 542 L.
827 471 1011 557 Metellus,
1024 483 1064 540 ut
1077 470 1134 540 isti
1149 474 1340 558 suecessit,

248 616 257 635 ι
276 609 321 655 ex
339 588 378 654 C.
398 580 600 653 Sacerdotis
619 596 655 654 et
673 587 767 654 Sext.
787 582 947 654 Peducaei
964 582 1130 652 instituto
1150 605 1192 651 ac
1209 580 1342 668 literis,

275 691 499 765 frumentum
517 693 737 763 Mamertinis
756 693 955 789 imperarit.
977 695 1070 762 Tum
1084 689 1135 759 illi
1153 690 1341 762 intellexe-

274 817 381 887 runt,
400 825 437 872 se
453 799 509 886 id,
527 799 627 896 quod
645 825 665 871 a
682 801 777 871 malo
793 797 981 873 auctore¹⁵
997 803 1187 886 emissent,
1205 799 1343 871 diutius

275 911 441 982 obtinere
460 934 536 980 non
556 934 672 1007 posse.

323 1025 434 1091 xxlt.
457 1025 531 1117 Age
551 1044 679 1116 porro,
699 1034 759 1107 tu,
777 1021 893 1116 quite
910 1033 981 1089 tam
998 1018 1206 1115 religiosum
1224 1018 1340 1089 existi·

275 1132 365 1203 mari
384 1130 528 1201 voluisti
552 1131 785 1228 interpretem
809 1128 1005 1218 foederum,
1026 1154 1092 1200 cur
1114 1129 1339 1199 Tauromini·

276 1242 368 1312 tanis
386 1239 627 1328 trumentum,
645 1264 712 1311 cur
736 1240 875 1311 Netinis
893 1239 1097 1336 imperasti?
1116 1262 1271 1336 quarum
1289 1239 1340 1309 ci·

274 1354 426 1422 vitatum
444 1364 598 1447 utraque
616 1347 789 1420 foederata
806 1364 872 1421 est
891 1353 943 1421 Ae
962 1350 1083 1420 Netini
1102 1347 1251 1447 quidem
1272 1346 1340 1419 sibi

274 1487 349 1533 non
368 1457 586 1532 defuerunt:
605 1482 690 1530 nam
712 1459 819 1530 simul
841 1484 882 1530 ac
904 1459 1166 1556 pronuntiasti,
1186 1455 1340 1529 libenter

275 1585 310 1640 te
339 1569 562 1640 Mamertinis
592 1568 763 1666 quidem¹
795 1574 996 1653 remittere,
1026 1584 1061 1639 te
1088 1568 1276 1656 adierunt,
1304 1583 1341 1639 et

274 1677 437 1750 eamdem
466 1703 565 1750 suam
591 1704 734 1750 causam
763 1676 910 1751 foederis
941 1703 1017 1750 esse
1050 1678 1262 1750 docuerunt.
1285 1682 1341 1748 Tu

273 1789 376 1861 aliter
398 1788 592 1861 decernere
619 1790 656 1858 in
686 1787 811 1859 eadem
839 1812 945 1859 causa
968 1813 1043 1859 non
1068 1788 1227 1885 potuisti.
1253 1790 1339 1857 Pro·
1384 1826 1387 1829 ·

274 1903 435 1986 nuntias,
459 1900 610 1971 Netinos
631 1896 855 1969 frumentum
877 1897 962 1969 dare
986 1923 1063 1969 non
1086 1912 1280 1996 oportere:
1303 1911 1341 1969 et

197 2032 204 2071 .·
275 2008 320 2080 ab
341 2009 398 2080 his
416 2025 536 2080 tamen
555 2011 677 2105 exigis.
699 2006 798 2079 Cedo
823 2008 913 2079 mihi
935 2007 1094 2103 ejusdem
1116 2010 1278 2107 praetoris
1294 2007 1337 2078 li·

273 2132 367 2191 teras
386 2134 423 2191 et
439 2143 561 2190 rerum
584 2116 830 2204 decretarum,
849 2134 885 2193 et
903 2116 1075 2190 frumenti
1095 2120 1281 2217 imperati,
1302 2132 1339 2189 et

274 2230 381 2301 tritici
401 2230 525 2328 empti.
551 2234 716 2300 Ltrsnn²
741 2252 919 2300 rnnroms
939 2252 1062 2298 aunum
1081 2250 1338 2313 nncnmaamt,

272 2362 453 2411 rnumnrrrr
474 2363 665 2423 impanari,
687 2363 730 2408 nr
750 2363 878 2410 rnrrrct
901 2361 1021 2408 surm.
1041 2338 1139 2427 Quid
1159 2342 1283 2437 potius
1299 2341 1340 2408 in

273 2446 340 2518 hac
365 2462 462 2517 tanta
485 2471 526 2517 ae
547 2461 621 2517 tam
642 2451 742 2544 turpi
763 2448 1003 2521 inconstantia
1018 2449 1190 2546 suspicari
1209 2471 1337 2545 possu-

273 2580 375 2642 mus,
395 2554 555 2661 judiees,
573 2579 683 2651 quam
702 2556 756 2645 id,
780 2558 880 2656 quod
902 2583 1048 2631 necesse
1070 2573 1144 2647 est,
1162 2570 1224 2629 aut
1242 2557 1335 2626 istia

273 2665 412 2737 Netinis
438 2665 648 2763 pecuniam,
675 2691 792 2764 quum
816 2684 1000 2767 posceret,
1023 2692 1099 2740 non
1122 2667 1256 2755 datam,
1274 2679 1337 2737 aut

272 2774 309 2846 id
333 2801 409 2848 esse
434 2791 575 2863 actum,
600 2791 641 2848 ut
664 2778 908 2874 intelligerent
928 2779 1154 2867 Mamertini,
1180 2775 1276 2848 bene
1299 2799 1337 2847 se

223 2936 230 2945 -
271 2887 369 2984 apud
388 2888 495 2959 istum
511 2902 583 2958 tam
601 2887 715 2959 multa
730 2885 870 2986 pretia³
895 2912 936 2959 ac
956 2911 1108 2960 munera
1125 2885 1338 2967 collocasse,

271 3021 386 3092 quum
408 2997 502 3068 idem
523 2997 580 3067 alii
597 3000 687 3092 juris
701 3024 745 3070 ex
757 2998 884 3070 eadem
899 3023 1005 3070 causa
1019 3022 1094 3068 non
1107 2997 1338 3068 obtinerent?
1428 3020 1448 3056 ·-

319 3108 385 3175 Hic
403 3105 491 3175 mibi
511 3107 618 3176 etiam
634 3107 785 3181 audebit
801 3110 1025 3181 mentionem
1043 3106 1160 3178 facere
1181 3108 1336 3177 Mamer·
1391 3158 1395 3165 .
1433 3164 1437 3170 .

271 3215 355 3289 tinae
377 3212 617 3285 laudationis?
643 3217 680 3285 in
708 3241 782 3313 qna
805 3242 916 3316 quam
941 3218 1056 3289 multa
1077 3218 1147 3289 sint
1169 3214 1336 3303 vulnera,

309 3375 349 3422 15.
365 3374 434 3422 Malo
444 3385 553 3424 ancwin.
568 3378 666 3426 Auctor
677 3378 705 3428 b.
716 3380 735 3428 l.
749 3380 780 3429 de
859 3400 886 3430 α.
904 3382 1001 3430 Lirem.
1017 3383 1133 3430 Moriere
1146 3396 1230 3429 omnm
1250 3378 1334 3427 titulos

270 3454 416 3514 venditore,
434 3463 460 3501 st
472 3454 552 3502 matus
564 3467 653 3503 auctor
664 3458 708 3520 qui
726 3461 779 3506 evi·
823 3461 881 3509 libri
902 3463 964 3509 MSS
984 3476 1034 3507 non
1056 3471 1201 3523 agnoscam.
1222 3457 1334 3506 emto·

194 3567 198 3585 .
253 3536 377 3593 ,ctionem
396 3544 573 3598 pmumnou
591 3546 680 3599 potest.
692 3540 780 3588 Verres
823 3539 956 3589 nonnullos
967 3539 1095 3602 expunxit.
1106 3541 1166 3587 tv.
1180 3534 1337 3586 L.-·ns'tict

270 3614 302 3661 ita
317 3614 414 3671 dieitur,
427 3615 484 3676 quir
493 3624 606 3677 prestare
614 3631 667 3663 non
676 3628 780 3680 potent,
824 3615 906 3682 empti.
924 3614 1000 3664 Abest
1018 3631 1032 3662 a
1053 3617 1151 3665 duobus
1167 3618 1248 3676 MSS,
1266 3625 1291 3664 et
1307 3628 1338 3663 ex

269 3693 338 3756 quod
347 3695 387 3754 jus
398 3691 564 3753 Mamertinis,
577 3704 678 3759 accepto
687 3698 783 3760 proclo,
826 3697 967 3761 gtmiemate
988 3706 1072 3744 natum
1090 3706 1160 3761 putat
1181 3695 1337 3744 cantonius.

271 3772 420 3822 vendiderat.
827 3774 966 3826 Amntttur
980 3774 1081 3824 schlin.
1250 3808 1255 3817 ‚

305 3853 390 3900 xxn.
406 3869 429 3901 1.
447 3853 557 3916 Quidem.
566 3854 607 3903 Sic
620 3854 694 3904 babet
706 3848 782 3904 editio
862 3856 886 3900 3.
897 3854 978 3901 Multa
985 3854 1076 3918 pretiis.
1088 3854 1192 3903 Multam
1201 3852 1338 3919 pecudum,

272 3930 303 3977 n.
318 3929 401 3993 steph.
414 3933 542 3994 emim,
552 3934 672 3998 quiddam
684 3952 694 3983 .·
705 3935 782 3992 mals,
824 3931 915 3981 multos
921 3934 1192 3982 nummum—Munera.
1200 3932 1255 3981 Alia
1265 3932 1336 3979 donn.

270 4023 321 4063 non
327 4008 391 4055 sulm
402 4009 534 4073 quiddam,
544 4012 587 4060 sed
598 4015 680 4062 omnin
692 4017 780 4063 Verres
825 4014 906 4060 Grrev.
921 4028 966 4076 per
976 4011 999 4060 lv
1008 4007 1053 4060 tit
1064 4005 1132 4060 dunis
1141 4012 1256 4078 intelligit
1262 4008 1337 4058 multa

270 4087 361 4141 remisit
374 4087 533 4136 manarunt..
823 4090 930 4155 pretiosa
944 4106 1052 4139 munera.
