3200 4768
394 388 445 458 IN
470 385 687 455 VERREM
711 384 820 454 ACT.
842 386 902 469 II,
926 387 1023 455 LIB.
1045 390 1108 456 IV.
1208 392 1277 462 223

223 535 333 608 quam
355 508 561 581 tenuissime
580 506 619 574 in
637 501 832 577 donatione
850 505 1065 577 histrionum
1082 512 1277 584 aestimavit.

224 621 378 691 Tametsi
393 614 606 712 jamdudum
625 638 726 703 err0,
740 620 804 711 qui
815 632 889 685 tam
904 610 1019 686 multa
1031 615 1077 688 de
1092 621 1192 692 istius
1207 647 1282 694 em·

226 725 412 826 ptionibus
432 723 542 798 verba
558 724 705 806 faciam,
732 739 768 794 et
790 748 967 821 quaeram,
986 741 1109 797 utrum
1133 734 1281 819 emeris,

225 842 371 925 necrol,
393 850 430 910 et
450 831 656 934 quomodo,
678 848 714 904 et
732 835 859 931 quanti
875 836 1030 905 emeris:
1052 837 1151 932 quod
1168 840 1281 914 verbo

226 954 419 1049 transigere
437 972 597 1048 possum.
620 945 695 1019 Ede
713 946 802 1018 mihi
824 952 1016 1046 scriptum,
1035 949 1122 1045 quid
1146 952 1283 1049 algenti

225 1064 262 1132 in
278 1061 459 1159 provincia
472 1059 590 1131 Sicilia
606 1057 757 1156 pararis,
774 1055 871 1128 unde
884 1056 1065 1154 quidque,
1080 1074 1142 1129 aut
1157 1065 1285 1157 quanti

225 1173 363 1243 emeris.
381 1167 480 1259 Quid
497 1165 586 1240 fit⁵i
604 1191 825 1264 quamquam
847 1191 922 1237 non
943 1165 1121 1238 debebam
1139 1192 1206 1266 ego
1222 1171 1285 1243 abs

224 1295 261 1352 te
280 1280 343 1352 has
359 1280 478 1351 literas
495 1302 666 1378 poscere:
688 1302 744 1347 me
760 1279 857 1348 enim
875 1275 1016 1348 tabulas
1033 1292 1113 1348 tuas
1132 1276 1285 1367 habere,

226 1405 262 1461 et
276 1388 440 1488 prolerre
453 1385 680 1487 oportebat⁶.
699 1378 835 1458 Verum
853 1410 960 1482 negas
976 1401 1012 1458 te
1030 1385 1161 1457 horum
1175 1414 1286 1463 anno·

226 1524 308 1570 rum
324 1498 462 1595 aliquot
476 1495 680 1568 coniecisse.
694 1496 902 1592 Compone7
917 1496 1006 1582 hoc,
1017 1496 1116 1594 quod
1130 1501 1285 1595 postulo,

227 1609 274 1679 de
296 1622 467 1704 argento:
487 1605 533 1676 de
557 1605 701 1702 reliquo
724 1604 860 1675 videro.
874 1608 1004 1678 —Nec
1024 1610 1199 1704 scriptum
1223 1609 1286 1682 ha-

227 1717 317 1804 beo,
335 1741 404 1788 nec
421 1740 568 1815 possum
588 1715 763 1787 edere-
776 1713 875 1806 Quid
893 1714 1055 1793 suerrum
1073 1720 1189 1815 ¹igitur
1210 1724 1287 1794 est?

133 1906 137 1913 ,
229 1827 317 1926 quid
345 1829 524 1899 existimas
554 1826 664 1898 hosce
688 1825 828 1919 judices
852 1823 968 1897 facere
995 1827 1124 1925 posse?
1147 1832 1287 1903 Domus

229 1939 334 2036 plena
345 1940 529 2035 signorum
543 1935 885 2034 pulcherrimorum,
896 1935 970 2032 jam
984 1939 1090 2007 etiam
1105 1954 1189 2009 ante
1202 1966 1290 2036 prae·

227 2041 383 2132 turam⁸;
394 2046 507 2118 multa
519 2046 562 2117 ad
577 2046 677 2117 villas
688 2059 768 2116 tuas
779 2049 912 2142 posita,
923 2045 1019 2144 apud
1031 2049 1164 2119 amicos
1177 2050 1290 2123 multa

226 2156 411 2255 deposita,
429 2156 542 2227 multa
559 2156 638 2227 aliis
655 2154 737 2226 data
757 2169 867 2251 atque
888 2152 1042 2245 donata:
1063 2154 1194 2226 tabulae
1213 2160 1290 2255 nul-

229 2300 383 2358 dentelnxu,
400 2300 502 2364 pecunie
523 2314 570 2363 pro
582 2296 680 2346 coronis
693 2296 737 2344 de·
780 2295 870 2343 referre
881 2294 969 2343 soleret
979 2296 1006 2343 in
1020 2296 1126 2357 tabulas,
1143 2314 1194 2347 non
1204 2304 1289 2364 quenti

228 2381 362 2445 rieoepts:
380 2395 439 2442 qaas
457 2377 611 2441 largitiones,
630 2376 687 2440 quie
700 2376 737 2422 in·
779 2373 871 2421 valeret
884 2374 1163 2436 argentem,sedmulto
1176 2378 1288 2439 minoris,

228 2459 304 2509 smitae
316 2469 399 2517 erant,
414 2458 489 2507 sobrii
502 2456 627 2522 principes
643 2453 738 2519 legibus
780 2449 924 2514 nequando
944 2451 991 2498 sibi
1011 2453 1103 2516 probro
1121 2454 1174 2502 deri
1192 2446 1290 2521 possei,

229 2549 409 2605 temperarunt,
429 2538 462 2585 ita
477 2546 506 2585 ut
528 2537 636 2600 quinque
652 2549 738 2582 eureos
780 2529 848 2593 quod
862 2530 886 2577 in
899 2529 1031 2580 histriones
1041 2534 1170 2596 pecuniam
1188 2536 1287 2587 nimiam

227 2620 376 2668 mubeeret
393 2616 496 2682 emplius
516 2616 582 2665 dere.
603 2613 739 2663 started
781 2619 911 2673 erogasset.

228 2694 630 2758 Juven.vll‚aas.1’orroquia
650 2693 739 2758 stepius
818 2696 842 2745 ⁴·
861 2688 926 2736 Olim
948 2688 1061 2736 omissum
1082 2706 1165 2740 necne.
1186 2693 1291 2748 Addidit

230 2775 354 2824 accidebat
368 2786 394 2824 ut
406 2774 520 2823 lidorum
530 2772 624 2832 editor,
634 2782 674 2820 rut
682 2772 738 2820 nul·
782 2767 1106 2830 Grenensstegmmat.
1114 2772 1293 2838 exterminarit,

230 2853 278 2900 lius
299 2853 403 2913 indicii,
422 2865 463 2901 tut
482 2868 568 2900 evems
589 2850 737 2900 histrionum
781 2846 850 2910 quasi
861 2864 875 2895 a
888 2848 1020 2911 glossatore
1033 2864 1076 2895 sen
1085 2861 1221 2899 correctore
1230 2869 1290 2916 pro.

230 2947 328 2996 operam
340 2934 442 2980 tenuiter
451 2933 577 2980 estimaret
589 2947 618 2979 ec
627 2946 738 2979 mune-
780 2926 884 2987 fectum,
898 2926 1063 2976 membrorum
1076 2929 1157 2977 turbet
1168 2933 1293 2994 aqualia.

231 3021 305 3070 reret,
318 3010 375 3057 buic
386 3011 472 3059 alludit
483 3012 581 3069 Cicero,
594 3021 619 3059 et
631 3013 664 3058 eit
674 3011 737 3057 Dio·
782 3016 839 3054 tem.
848 3007 865 3054 J
868 3041 873 3053 .
886 3008 917 3053 V.
927 3008 955 3054 L.

230 3092 275 3138 olis
293 3100 462 3154 argentumn
481 3087 635 3136 Timarchide
652 3089 737 3136 eodem
818 3088 842 3134 5.
863 3084 930 3148 Quid
939 3086 997 3154 fle?
1014 3088 1065 3136 Cur
1081 3104 1133 3136 non
1152 3090 1204 3138 edis
1222 3094 1293 3158 qnod

230 3169 307 3218 modo
326 3170 482 3225 estimatum,
496 3183 547 3231 quo
564 3167 607 3231 qui
623 3182 739 3230 umquem
781 3165 898 3229 postulo?

230 3247 345 3295 vilissime
354 3245 521 3293 histrionicam
532 3259 632 3308 operam
643 3244 737 3291 habuit.
817 3246 842 3293 6.
868 3244 1006 3307 Oportebat.
1027 3247 1065 3293 Ex
1082 3245 1133 3311 lege
1153 3247 1292 3302 Glabrionis

231 3329 271 3374 Sic
279 3325 430 3388 Desjardins.
441 3322 535 3371 Verum
547 3339 602 3387 quse
613 3323 648 3370 ibi
656 3322 738 3372 locum
782 3324 911 3387 prsetoris,
930 3323 973 3386 qui
993 3334 1136 3388 potestatem
1150 3329 1210 3377 mibi
1234 3331 1293 3382 fecit

230 3407 318 3456 hebeat
329 3403 474 3465 aestimatio,
493 3418 545 3452 non
557 3402 628 3452 iecile
641 3401 739 3450 dixeris.
783 3404 878 3461 omnis,
889 3419 943 3466 quse
952 3402 984 3449 ed
992 3406 1172 3455 assumtionem
1185 3412 1292 3473 pertine-

231 3488 372 3551 Smpieetur
383 3482 482 3533 Schtits.
492 3483 612 3546 ejusmodi
634 3480 739 3530 corollas
782 3490 852 3536 rent,
865 3482 1226 3545 conquirendi,tabulasetiem
1239 3501 1292 3540 tues

231 3582 294 3631 steps
305 3564 337 3613 eb
347 3563 507 3612 histrionibus
520 3561 631 3611 vendites
648 3560 738 3620 fuisse,
782 3563 870 3612 babere
884 3564 1008 3623 deberem,
1021 3583 1081 3630 quas
1095 3579 1174 3618 temen
1187 3587 1239 3619 non
1249 3573 1292 3622 he·

231 3656 255 3692 et
274 3645 305 3692 ab
327 3642 493 3708 emptoribus,
506 3643 550 3705 qui
567 3641 624 3689 inde
643 3640 738 3688 lucrum
782 3639 846 3700 beo,
859 3643 915 3705 quia
932 3643 1006 3691 nullae
1016 3654 1081 3693 sunt.

231 3726 307 3772 lecese
320 3723 423 3783 vellent,
437 3719 532 3768 minimi
541 3720 676 3767 numere.
690 3721 740 3767 Ve·
820 3736 843 3781 7.
867 3720 996 3786 compone.
1022 3723 1123 3786 Explica
1144 3725 1204 3773 mihi
1223 3731 1293 3791 quod

232 3821 284 3852 rum
295 3804 351 3868 quis
362 3818 477 3866 umquem
485 3799 559 3847 latine
568 3800 670 3863 loquens
676 3799 740 3846 bana
783 3799 972 3862 postulo—Be
982 3800 1084 3865 reliquo.
1092 3803 1129 3849 De
1137 3803 1236 3868 reliquis
1246 3810 1293 3859 reri.

232 3884 373 3931 seutmtiam
387 3881 417 3928 iis
428 3879 510 3927 verbis
522 3878 664 3943 protulerit,
686 3879 740 3942 qni·
784 3878 866 3926 initis.

234 3964 278 4011 bus
284 3961 385 4013 Cicero?
391 3960 482 4008 Nescio
490 3975 522 4006 en
532 3959 646 4006 Munatio
657 3968 681 4006 et
692 3958 741 4022 gel·
820 3959 844 4006 8.
860 3959 924 4004 Ante
930 3967 1076 4020 proetteram.
1084 3960 1146 4022 Qute
1156 3962 1223 4027 signa
1233 3969 1293 4015 Ver.

233 4043 281 4090 lico
306 4041 430 4105 interpreti
458 4039 554 4087 felicius
580 4038 739 4099 successerit,
789 4054 844 4096 res,
863 4053 939 4100 quum
960 4039 1128 4087 tantummodo
1141 4054 1203 4092 esset
1220 4047 1293 4096 Dola.

234 4123 277 4186 qui
289 4123 323 4170 sic
331 4120 471 4186 explicent,
488 4117 558 4181 qussi
568 4117 611 4182 qui
624 4115 743 4178 donaret,
789 4117 860 4166 bellae
872 4117 981 4180 legatus,
999 4116 1136 4168 abstulerat.
