3200 4768
312 400 317 407 ’
391 446 449 515 ru
472 442 693 512 vennam
716 443 825 513 scr.
843 442 904 527 11,
928 443 1023 509 Lm.
1045 442 1110 511 tv.
1209 436 1278 509 265

215 568 402 638 hominem
421 565 691 660 clementerque
714 563 861 661 accepit.
888 565 1081 658 Equestres
1100 574 1184 631 sunt
1203 585 1280 631 me·

216 675 278 748 dio
295 677 334 746 in
349 674 429 747 soro
447 674 700 745 Marcellorum
721 688 866 759 statua,
884 672 990 742 sicuti
1008 667 1082 741 fere
1101 673 1227 741 ceteris
1243 672 1283 741 in

217 784 530 884 oppidis·5icitiae:
558 809 601 854 ex
625 782 759 881 quibus
778 784 843 853 iste
864 785 903 852 C.
922 777 1107 851 Marcelli⁵
1129 793 1283 850 statuam

217 895 369 993 delegit,
388 896 490 990 cujus
508 892 627 966 officia
644 896 682 963 in
699 892 759 963 illa
778 893 920 963 civitate
937 903 1084 987 totaque
1099 891 1285 987 provincia

217 1008 460 1079 recentissima
483 1018 586 1075 erant
604 1018 642 1074 et
661 1004 840 1073 maxima:
862 1004 900 1071 in
922 1024 963 1070 ea
984 1003 1198 1099 Sopatrum,
1215 999 1283 1070 ho·

208 1116 350 1209 ,minem
378 1131 455 1187 turn
481 1114 581 1185 domi
605 1112 788 1201 nobilem,
809 1127 888 1183 tum
911 1134 1054 1182 summo
1074 1111 1284 1207 magistratu

216 1223 429 1321 praeditum,
453 1219 665 1294 divaricari⁶
685 1247 726 1294 ac
747 1221 894 1319 deligari
911 1219 1027 1316 jubet.

266 1337 350 1425 Quo
375 1335 537 1405 cruciatu
564 1334 610 1404 sit
632 1330 804 1417 allectus,
825 1336 947 1403 venire
974 1332 1011 1400 in
1038 1343 1196 1400 mentem
1218 1330 1284 1400 ness

216 1467 315 1515 cesse
331 1457 386 1513 est
400 1440 587 1528 omnibus,
601 1466 716 1538 quum
733 1456 824 1512 esset
837 1445 980 1513 vinctus
996 1439 1133 1511 nudus⁷
1151 1441 1187 1508 in
1203 1462 1285 1525 aere,

218 1556 257 1621 in
274 1547 404 1636 imbri,
421 1552 460 1620 in
479 1548 623 1646 frigore.
644 1554 769 1646 Neque
793 1565 914 1621 tamen
937 1548 1020 1620 finis
1042 1550 1127 1619 huic
1146 1549 1286 1644 injuriae

219 1658 495 1756 crudelitatique
523 1658 653 1748 fiebat,
678 1659 796 1730 donec
814 1661 974 1757 populus
995 1674 1103 1757 atque
1120 1660 1287 1731 universa

218 1766 437 1851 multitudo,
460 1772 646 1839 atrocitate
671 1774 723 1840 rei
750 1769 1069 1867 misericordiaque
1088 1785 1288 1852 commota,
1394 1838 1400 1851 ,

220 1893 385 1950 senatum
410 1879 566 1950 clamore
585 1880 722 1976 coegit,
735 1893 776 1949 ut
794 1881 827 1952 ei
841 1879 1072 1951 simulacrum
1090 1879 1180 1950 illud
1194 1882 1288 1950 Mer·

220 1990 312 2059 curii
335 1987 578 2085 polliceretur.
605 1987 817 2060 Clamabant
841 1984 953 2079 soreii,
977 2005 1019 2061 ut
1044 1991 1111 2088 ipsi
1134 2013 1210 2059 sese
1236 1988 1286 2058 dii

219 2099 441 2170 immortales
471 2099 730 2171 ulciscerentur
752 2098 978 2171 z'hominem
1007 2103 1143 2170 interea
1170 2102 1288 2197 perire

219 2208 453 2280 innocentem
477 2235 552 2280 non
574 2224 754 2307 oportere.
773 2214 864 2280 Turn
887 2207 1057 2306 frequens
1075 2222 1220 2278 senatus
1242 2206 1288 2277 ad

220 2320 330 2389 istum
347 2321 465 2409 venit3
484 2319 678 2417 pollicetur
697 2321 850 2417 signum.
868 2323 920 2389 lta
939 2324 1091 2416 Sopater
1108 2317 1154 2389 de
1171 2331 1288 2389 statua

220 2431 259 2500 C.
287 2431 468 2517 Marcelli,
490 2454 605 2526 quum
626 2429 700 2524 jam
723 2454 825 2527 paene
852 2428 1088 2527 obriguisset,
1108 2428 1167 2498 vix
1189 2429 1288 2497 vivus

221 2536 393 2611 aufertur.

269 2654 359 2721 XLI.
390 2654 473 2725 Non
502 2674 658 2748 possum,
683 2648 878 2746 disposite¹
907 2650 1017 2720 istum
1044 2670 1232 2732 accusare,
1257 2647 1286 2716 si

259 2827 284 2876 s.
297 2829 324 2879 c.
339 2831 458 2879 umeri.
481 2833 531 2894 Qu
545 2832 633 2881 staura
647 2831 732 2897 pauno
776 2847 846 2886 aare,
861 2812 905 2880 ier
920 2830 969 2879 hoc
980 2827 1098 2878 sunau
1111 2844 1157 2893 pro
1168 2843 1217 2875 are
1228 2827 1289 2876 mr-

222 2916 280 2953 snte
298 2908 433 2971 praefuerat.
452 2910 549 2975 Duplex
562 2911 603 2959 hle
621 2911 732 2975 praetoris
775 2923 845 2978 ptum
859 2922 908 2971 est,
919 2922 1002 2960 eterra
1013 2907 1144 2973 legendum
1156 2923 1207 2956 esse
1217 2906 1288 2955 loeus

223 2985 316 3033 crimen
325 2986 427 3050 arripnit
441 2990 613 3053 orator‚quod
626 2991 733 3056 primum
776 2992 835 3040 setis
844 3007 889 3056 per
901 3007 927 3038 se
940 2989 1041 3037 indicat.
1089 3022 1091 3025 -

222 3063 303 3111 virum
315 3063 483 3125 innocentem,
496 3068 647 3132 civitatisque
659 3070 733 3118 socias
813 3072 838 3119 8.
860 3070 1005 3119 Clamabunt
1016 3066 1087 3131 sors.
1107 3068 1180 3115 Grut.
1201 3079 1288 3113 vocem

222 3156 343 3191 summum
356 3145 521 3208 magistratum
534 3148 655 3211 supplicio
672 3149 734 3196 infn-
776 3151 840 3198 bene
858 3150 1015 3207 clamabant,
1038 3159 1160 3210 tamquam
1180 3143 1287 3192 additam

223 3221 259 3268 mi
272 3222 383 3271 effecerit
392 3240 400 3282 ς
409 3223 498 3272 deinde
510 3225 578 3290 qnod
595 3227 627 3274 sd
640 3228 734 3292 suppli·
777 3229 866 3289 rejicit.
876 3232 981 3276 Frustra.

223 3300 289 3348 cium
302 3301 447 3365 exigendum
456 3315 533 3353 status
543 3307 734 3370 praestantissimi
812 3310 879 3357 XLI.
897 3323 919 3354 r.
933 3304 1062 3371 Disposite.
1075 3303 1209 3361 Distinete‚
1222 3302 1288 3351 ordi·

221 3379 270 3453 piri
284 3379 316 3428 sit
329 3397 394 3429 usus.
406 3382 473 3445 Quid
487 3385 551 3431 enim
563 3384 656 3448 turpius
669 3386 735 3433 Mar-
777 3389 860 3436 natim.
873 3386 932 3435 Non
948 3402 1049 3451 possum
1062 3385 1197 3432 orationem
1210 3398 1289 3429 meam

221 3458 298 3533 cellis,
311 3476 385 3524 qnam
395 3472 497 3510 statuam
506 3464 608 3512 sunnin
620 3464 735 3529 supplicii
777 3468 810 3514 ita
822 3477 878 3531 spts
889 3465 1050 3529 distinguere,
1064 3475 1092 3510 ut
1104 3461 1197 3525 singule
1212 3459 1292 3508 crimi-

223 3539 385 3589 lnstrnmento
398 3542 428 3590 ab
442 3542 528 3591 insano
540 3556 647 3609 praetore
660 3546 734 3594 luisse
778 3563 808 3594 ns
818 3545 901 3593 locum
910 3561 982 3592 snum
995 3543 1138 3600 obtineant3
1147 3541 1195 3587 hoe
1209 3550 1288 3587 autem

222 3621 381 3667 conversam!
470 3614 477 3623 ’
778 3625 851 3681 dicit,
863 3623 1021 3688 qniucrimen
1033 3620 1136 3668 illudad
1150 3627 1290 3681 sequentem

259 3697 283 3759 6„
294 3698 444 3749 Divarieari.
457 3702 556 3766 Apertis
568 3705 666 3753 extendi
680 3721 734 3752 ern·
777 3702 881 3760 librum,
899 3702 942 3766 qui
954 3701 985 3748 de
996 3698 1122 3763 suppliciis
1134 3693 1287 3750 inscribitur,

223 3773 303 3832 ribam
318 3776 419 3826 ductum
429 3778 460 3827 ab
473 3781 503 3828 iis
514 3783 558 3846 qui
568 3794 658 3833 netnrae
671 3784 734 3833 vitio
777 3780 923 3847 peninshst.
940 3778 988 3828 Sed
1001 3777 1063 3824 adeo
1076 3773 1150 3822 mults
1163 3783 1220 3820 sunt
1228 3773 1289 3819 Ver-

222 3852 285 3901 adeo
300 3867 357 3905 sunt
373 3857 477 3922 pedibus
494 3860 604 3910 discretis
622 3873 646 3910 et
662 3864 689 3912 in
708 3880 735 3911 se
778 3861 811 3909 ris
821 3857 935 3915 crimina,
949 3868 978 3905 ut
986 3854 1097 3919 quemvis
1109 3867 1204 3900 summo
1214 3850 1291 3898 artifi-

225 3934 404 3995 contractis‚ut
413 3954 456 3987 eos
464 3941 491 3987 in
500 3940 621 3989 diversum
629 3942 735 3991 babeant
779 3940 819 3987 cio
838 3936 869 3985 sd
887 3951 916 3985 es
928 3932 1080 3999 disponenda
1101 3942 1167 3990 utar,
1184 3940 1288 3978 ettamen

224 4015 432 4075 separatosmicti
443 4019 612 4082 latine,vari.
778 4017 866 4084 saepius
878 4013 1012 4064 sliudcum
1022 4011 1071 4060 elio
1090 4021 1181 4058 tanum
1200 4008 1291 4058 lrabeat

262 4108 286 4152 7.
300 4094 386 4143 Nudus
399 4097 425 4144 iu
442 4114 500 4148 cere.
513 4101 602 4148 Nudus
621 4100 647 4147 in
670 4114 735 4164 equo
778 4098 932 4151 affinitatem,
947 4094 1017 4143 ntsb
1033 4090 1168 4155 eosejungi
1180 4105 1209 4140 sc
1224 4106 1292 4156 seps-

226 4184 296 4217 aenso
317 4172 428 4235 vinctum
450 4178 514 4227 MSS
534 4179 632 4243 qnidam
646 4179 736 4228 liabent
780 4175 989 4243 rsrinonpossit.
