3116 4774
401 460 597 531 ORATIO
622 461 720 529 PRO
749 462 787 528 A.
815 462 1027 532 CAECINA.
1175 462 1248 557 [169

181 598 218 656 et
237 581 296 671 id,
312 581 413 679 quod
435 581 538 653 nullo
559 594 723 678 tempore
739 582 822 677 jure
844 579 922 652 fieri
945 596 1084 680 potest,
1107 598 1183 654 tum
1202 584 1248 655 ab

182 717 221 764 se
237 694 318 788 jure
336 690 470 763 factum
489 715 566 763 esse
585 689 843 764 defenderent:
865 707 1076 791 sperarunt,
1095 692 1131 763 id
1147 694 1250 790 quod

181 802 367 898 assequuti
392 815 497 890 sunt,
520 825 558 872 se
587 800 786 896 iniecturos
810 802 913 873 vobis
942 825 1084 873 causam
1112 802 1248 875 delibe-

184 911 308 999 randi,
335 925 372 982 et
395 909 582 1007 judicandi
604 910 736 1005 justam
759 935 897 983 moram
922 936 963 983 nc
986 912 1249 1009 religionem²;

181 1020 291 1092 simul
311 1020 418 1108 illud,
438 1020 538 1120 quod
562 1020 852 1118 indignissimum
875 1036 947 1107 est,
970 1018 1133 1093 futurum
1154 1021 1249 1093 arbi·

182 1132 267 1201 trati
287 1145 391 1220 sunt,
407 1146 449 1202 ut
468 1134 507 1201 in
528 1130 597 1202 bac
618 1155 726 1202 causa
748 1157 826 1205 non
844 1131 889 1202 de
904 1131 1137 1229 improbitate
1153 1136 1247 1204 Sext.

183 1238 338 1324 AEbutii,
365 1239 428 1311 sed
451 1238 497 1310 de
519 1239 599 1334 jure
620 1240 715 1311 civili
731 1240 907 1335 judicium
929 1239 1007 1312 fieri
1028 1238 1248 1313 videretur³.

181 1352 263 1442 Qua
292 1351 331 1419 in
365 1374 426 1435 re,
454 1352 484 1419 si
509 1349 599 1420 mihi
631 1364 725 1422 esset
754 1356 862 1422 unius
886 1356 927 1421 A.
956 1355 1106 1426 Caecinae
1145 1376 1251 1425 causa

184 1459 342 1557 agenda,
356 1457 549 1557 profiterer
562 1460 646 1530 satis
659 1460 832 1530 idoneum
847 1484 924 1532 esse
936 1484 995 1532 me
1009 1458 1252 1546 defensorem,

182 1582 377 1666 propterea
399 1566 500 1667 quod
521 1566 631 1639 fidem
650 1591 766 1639 meam
789 1566 1086 1667 diligentiamque
1104 1583 1251 1667 praesta·

185 1702 264 1749 rem
281 1705 291 1748 s
309 1703 391 1775 qure
412 1702 526 1774 quum
546 1691 631 1749 sunt
651 1680 689 1747 in
711 1691 833 1748 actore
854 1700 989 1765 causae,
1005 1677 1096 1749 nibil
1119 1693 1194 1765 est,
1212 1679 1252 1749 in

185 1812 226 1859 re
245 1790 441 1884 praesertim
461 1801 584 1886 aperta
602 1811 643 1859 ac
660 1787 830 1887 simplici,
848 1787 950 1885 quod
963 1789 1139 1861 excellens
1155 1791 1252 1888 inge·

183 1897 287 1968 nium
313 1897 532 1993 requiratur.
555 1896 624 1967 Sed
647 1921 763 1993 quum
785 1895 831 1969 de
856 1922 900 1969 eo
914 1899 997 1994 jure
1015 1898 1102 1968 mibi
1127 1898 1250 1970 dicen-

185 2003 274 2075 dum
288 2006 354 2092 sit,
372 2005 471 2102 quod
485 2009 664 2104 pertineat
679 2004 724 2076 ad
737 2029 882 2095 omnes,
900 2006 1000 2105 quod
1015 2009 1252 2078 constitutum

184 2116 231 2186 sit
248 2139 269 2186 e
287 2114 504 2210 majoribus,
524 2129 778 2188 conservatum
797 2140 915 2211 usque
936 2114 981 2186 ad
1001 2115 1075 2186 hoe
1092 2131 1253 2213 tempus;

185 2250 262 2323 quo
284 2224 426 2297 sublato
448 2250 522 2297 non
550 2225 667 2297 solum
691 2248 774 2322 pars
798 2225 918 2321 aliqua
936 2225 1027 2319 juris
1048 2222 1253 2311 deminuta,

185 2333 248 2406 sed
273 2338 379 2406 etiam
403 2337 457 2406 vis
478 2360 538 2424 ea,
560 2360 639 2434 quae
663 2334 735 2429 juri
763 2336 917 2405 maxime
941 2349 995 2406 est
1016 2332 1253 2420 adversariae,

183 2443 320 2540 judicio
342 2445 554 2516 confirmata
572 2469 648 2516 esse
667 2443 853 2529 videntum
872 2442 979 2515 video
1001 2444 1134 2515 summi
1156 2444 1255 2540 inge·

185 2556 238 2626 nii
259 2579 403 2628 causam
424 2579 525 2643 esse;
549 2580 645 2642 uon,
666 2559 720 2627 uti
746 2554 1026 2649 demonstretur,
1045 2553 1147 2651 quod
1168 2568 1252 2625 ante

186 2666 313 2738 oculos
332 2680 405 2750 est,
421 2663 566 2751 sedne,
587 2668 617 2737 si
635 2668 717 2763 quis
734 2664 837 2735 vobis
859 2689 960 2735 error
980 2665 1017 2734 in
1038 2678 1134 2735 tanta
1150 2690 1189 2735 re
1207 2666 1252 2735 sit

188 2773 352 2869 objectus
360 2772 387 2863 ⁵,
407 2800 533 2846 omnes
547 2776 667 2872 potius
682 2800 740 2846 me
755 2775 975 2847 arbitrentur
989 2798 1126 2860 causae,
1141 2799 1252 2870 quam

186 2907 252 2954 vos
267 2883 431 2980 religioni
449 2901 573 2955 vestrae
588 2884 753 2957 defuisse.
770 2888 1000 2979 Quamquam
1015 2906 1083 2979 ego
1099 2883 1186 2953 mibi
1202 2886 1253 2954 sic

187 2991 407 3090 persuadeo,
428 3009 718 3091 recuperatores,
735 3020 809 3065 non
833 3017 896 3063 vos
910 3007 983 3062 tam
999 3006 1150 3091 propter
1162 2992 1252 3087 juris

108 3132 110 3139 ‘
189 3100 380 3173 obscuram
411 3100 634 3200 dubiamque
661 3107 836 3175 rationem
866 3101 924 3173 bis
948 3102 1021 3200 jam
1053 3100 1099 3175 de
1126 3102 1251 3175 eadem

225 3436 251 3469 n.
273 3423 367 3469 Iustam
389 3438 484 3470 moram
505 3434 530 3469 et
550 3420 699 3488 religionem.
743 3423 782 3471 vis
796 3423 821 3470 in
832 3421 925 3487 populo
936 3421 1030 3470 abesto.
1049 3419 1118 3468 Nihil
1136 3430 1172 3467 eet
1189 3419 1254 3467 enim

190 3503 241 3548 Hoc
268 3511 320 3561 eet,
334 3501 487 3565 eornpnlnrn.
506 3502 603 3551 Terent.
621 3502 700 3550 Andr.
744 3499 1150 3560 exitiosiueeivitnu'bne,nibiltnm
1160 3509 1256 3546 eontra-

192 3584 281 3633 ·Nibil
292 3600 345 3632 esee
359 3585 420 3633 mibi
438 3585 524 3649 religio
541 3595 578 3633 eet
592 3584 700 3634 dinero».
744 3583 806 3630 rium
818 3583 904 3643 jnriet
919 3580 1029 3645 legibus,
1050 3579 1112 3626 nibil
1124 3578 1206 3624 minue
1220 3574 1256 3622 ei·

190 3662 255 3711 Ibid.
278 3684 291 3704 ι
304 3665 399 3726 Dignus
427 3680 483 3712 enm
517 3675 559 3712 tue
584 3664 701 3730 religione
745 3661 830 3709 vilent
842 3662 1065 3723 bnmennrn,qnem
1079 3656 1215 3719 composite
1228 3665 1254 3702 et

190 3742 279 3792 odio».
293 3746 397 3793 emen.
744 3741 876 3788 constitute
886 3738 1010 3803 republica
1020 3735 1154 3801 quidquam
1161 3732 1200 3796 egi
1211 3748 1254 3796 per

226 3823 250 3870 ³.
269 3824 306 3869 De
315 3822 374 3887 jure
382 3822 448 3870 eier'li
450 3821 590 3888 judicium,
602 3831 649 3870 etc.
662 3824 699 3870 De
743 3819 800 3867 vim.
814 3821 917 3866 Peren.

190 3901 238 3949 boe
256 3902 403 3965 explicando
422 3904 479 3950 vide
498 3907 598 3951 ernre.
613 3904 650 3949 111
667 3900 699 3948 nd
780 3900 805 3947 5.
821 3899 860 3945 Ne
876 3897 898 3945 si
910 3893 964 3960 quis
973 3894 1044 3943 nobb
1057 3908 1127 3940 error
1143 3892 1168 3940 in
1182 3902 1253 3939 teum

191 3982 281 4030 moena
291 3981 364 4042 buius
375 3982 499 4031 orationis.
742 3994 769 4027 ne
784 3978 815 4026 eit
830 3975 947 4041 objectus.
963 3974 1001 4022 Ne
1018 3972 1039 4021 ei
1057 3970 1169 4035 quedem
1182 3970 1254 4019 vobi·

228 4068 253 4117 t.
269 4061 312 4107 Vis
330 4076 373 4118 ea,
393 4078 448 4124 qeae
464 4060 520 4125 juri
539 4060 648 4109 inanime
664 4069 702 4107 est
742 4057 822 4121 caligo
844 4055 875 4102 eit
896 4054 984 4102 olima.
1002 4052 1193 4113 Nonnumquam
1211 4048 1255 4095 bo·

191 4137 343 4189 adversaria.
356 4140 420 4188 ilinc
437 4141 586 4204 pratorinin
597 4139 700 4188 interdi-
742 4147 814 4184 nesto
826 4145 851 4184 et
862 4132 986 4200 probabili
998 4130 1098 4179 nomine
1110 4129 1180 4178 bono
1199 4129 1253 4175 viro
1324 4120 1331 4139 '

193 4217 239 4265 ctis
249 4216 351 4266 formula
362 4217 479 4285 vimfiert'
485 4230 561 4267 veto:
571 4228 596 4267 et
605 4218 700 4281 legum,
739 4215 819 4279 jndiei
830 4228 898 4262 error
910 4212 985 4275 objici
995 4211 1064 4260 solet.
1075 4211 1150 4277 lou.
