3200 4768
355 478 358 491 .
468 418 536 487 DE
561 417 628 486 RE
652 417 1034 487 FRUMENTARIA.
1219 420 1286 518 173

221 539 316 627 cipue
339 537 424 603 libro
447 537 557 604 tertio.
581 536 694 620 Quum
712 554 823 603 autem
843 537 1061 605 decumanum
1082 541 1287 609 frumentum

220 641 343 708 alenda
366 640 473 731 plebi,
498 664 571 729 quae
594 641 629 705 in
651 640 721 707 dies
743 643 922 726 crescebat,
942 642 1009 723 jam
1025 666 1093 708 non
1108 645 1288 733 sufficeret,

220 748 309 814 idem
333 765 464 813 senatus
482 748 612 837 publice
633 746 674 812 ad
694 749 811 813 auxilia
827 748 1004 815 domestica
1021 753 1237 818 coemendum
1254 755 1289 819 in

221 854 414 942 provinciis,
426 854 564 919 maxime
575 854 609 917 in
623 853 728 918 Sicilia
737 902 747 937 ,
756 857 957 919 frumentum
968 856 1103 922 curavit.
1115 856 1182 922 Cic.
1197 860 1289 927 Verr.

219 961 287 1042 111,
308 983 376 1048 cap.
398 961 452 1047 69.
473 962 692 1025 Frumentum
720 959 801 1025 illud
822 984 920 1026 omne
946 963 1086 1026 Romam
1104 961 1289 1048 devectum,

74 1067 80 1071 ’
221 1064 308 1153 plebi
330 1065 392 1130 levi
410 1065 515 1155 pretio
536 1064 802 1149 distribuebatur,
820 1065 857 1130 in
874 1066 939 1131 boc
955 1081 1083 1131 tantum
1092 1115 1103 1149 ,
1125 1084 1164 1133 ut
1178 1072 1290 1136 oemrio

221 1169 374 1260 pecunia,
390 1193 489 1259 quam
504 1187 801 1259 repraesentaverat,
818 1171 1026 1261 reciperetur.

143 1332 147 1337 .
265 1276 311 1341 IV
313 1322 322 1343 .
342 1277 483 1359 Verum,
500 1291 540 1341 ut
558 1298 598 1341 cx
617 1277 702 1341 malo
726 1277 849 1341 malum
871 1277 1023 1360 nascitur,
1038 1278 1227 1345 tenuiorum
1246 1282 1294 1346 oi·

221 1382 313 1447 vium
331 1380 595 1466 multitudinem,
612 1383 689 1471 quia
706 1382 753 1447 illi
775 1381 863 1446 unde
883 1382 1022 1448 solveret
1040 1406 1108 1448 non
1128 1402 1212 1469 erat,
1230 1411 1293 1454 mre

76 1482 79 1487 ¹
222 1488 328 1553 alieno
345 1486 505 1576 obstringi
521 1509 652 1552 necesse
670 1488 742 1552 biit.
759 1488 863 1577 Igitur
878 1488 923 1551 ita
936 1510 1006 1553 rem
1018 1488 1179 1556 moderari
1192 1514 1293 1582 opor·

224 1593 304 1673 tuit3
322 1608 365 1687 ut·
377 1591 509 1681 utrique
527 1590 711 1657 difficultati
727 1607 760 1657 et
774 1592 959 1657 annonaria
975 1610 1009 1659 et
1024 1597 1217 1683 pecuniariae
1232 1598 1294 1665 ob·

223 1699 309 1762 viam
326 1698 431 1763 iretur
448 1721 456 1763 ι
479 1720 587 1786 neque
603 1698 810 1786 permittere,
829 1714 868 1763 ut
885 1698 1107 1784 multitudini,
1129 1725 1201 1792 qua
1218 1705 1294 1771 satis

224 1803 294 1893 ipsa
309 1826 370 1895 per
384 1827 419 1869 se
433 1805 511 1869 levis
529 1819 594 1888 est,
615 1805 681 1869 ulla
695 1805 806 1893 paullo
822 1805 942 1886 justior
956 1805 998 1871 ad
1018 1823 1126 1873 motus
1147 1809 1182 1873 in
1204 1810 1294 1877 Urbe

104 1908 107 1913 ⁴
225 1909 434 1975 concitandos
456 1909 624 1975 accederet
639 1911 776 1976 occasio.
798 1911 913 2000 Itaque
934 1912 1022 2001 plebi
1047 1936 1177 1979 annona
1199 1938 1295 1981 men·

224 2031 315 2081 strue
330 2015 464 2104 praebita
480 2030 530 2080 est
545 2015 669 2104 pretio,
688 2038 756 2080 non
774 2037 831 2100 eo,
851 2039 920 2105 quo
937 2016 1067 2107 publice
1083 2018 1296 2104 vendebatur,

225 2119 283 2188 sed
302 2120 477 2186 vilissimo:
494 2143 563 2209 quo
584 2136 617 2185 et
635 2135 757 2210 egestas
774 2119 952 2187 domestica
969 2120 1140 2206 levaretur,
1163 2145 1224 2190 nec
1245 2139 1295 2190 ta·

226 2250 302 2293 men
319 2225 411 2316 plebs
426 2243 617 2292 avocaretur
631 2227 673 2291 ab
689 2214 860 2292 industria.

269 2334 408 2398 Fontem
431 2331 487 2397 bic
509 2330 611 2396 habes
635 2348 669 2396 et
693 2331 835 2397 rivulum
858 2332 1064 2420 publicarum
1088 2332 1297 2423 largitionum

226 2435 239 2526 (
251 2438 372 2527 quippe
393 2435 502 2525 largiri
522 2434 642 2500 dicitur
662 2458 729 2501 non
754 2436 862 2502 solum
887 2436 945 2526 qui
970 2438 1067 2528 gratis
1090 2436 1162 2522 dat,
1182 2461 1298 2505 verum
1345 2442 1350 2447 ’

227 2544 323 2608 etiam
344 2542 403 2631 qui
423 2564 462 2607 ex
480 2541 587 2630 pretio
612 2539 735 2629 aliquid
752 2540 915 2626 detrabit)
937 2544 994 2632 qui
1013 2542 1165 2633 deinceps
1187 2544 1299 2610 eundo

227 2664 354 2714 tantum
370 2647 547 2713 tribunitiis
567 2647 692 2738 legibus
715 2649 870 2732 accrevit,
892 2666 932 2715 ut
955 2673 1067 2716 earum
1089 2651 1168 2716 moli
1186 2667 1299 2741 postea

229 2754 425 2819 sustinendo
440 2755 588 2819 aerarium
605 2754 711 2843 impar
728 2753 836 2820 fuerit.

273 2859 313 2923 V.
344 2859 451 2924 Prima
480 2859 638 2925 frumenti
664 2859 792 2950 largitio
817 2860 931 2949 (illam
962 2858 1036 2926 dico
1066 2883 1138 2948 qum
1166 2861 1301 2926 retinuit

231 2963 407 3054 quamdam
414 2966 609 3035 venditionis
619 2969 759 3057 speciem
768 2968 794 3056 )‚
808 2991 881 3057 quea
895 2967 1030 3034 minime
1046 2968 1145 3034 dubia
1159 2968 1302 3034 occurrit

95 3152 101 3159 .
231 3073 265 3137 in
284 3095 417 3138 romana
434 3073 583 3156 historia,
599 3074 737 3164 contigit
756 3097 843 3139 anno
861 3074 959 3140 Urbis
977 3074 1116 3140 conditae
1136 3076 1218 3157 262,
1234 3097 1302 3163 quo

231 3200 319 3245 anno
336 3178 449 3244 caritas
470 3179 615 3266 primum
634 3202 772 3246 annone
785 3181 850 3246 fuit
868 3204 908 3246 ex
925 3182 1055 3247 incultis
1070 3205 1132 3272 per
1146 3183 1302 3248 secessio·

232 3309 309 3352 nem
331 3285 434 3377 plebis
454 3282 557 3376 agris,
575 3303 607 3351 et
627 3286 712 3352 farne
729 3287 848 3354 deinde
867 3289 1050 3357 laboratum
1066 3306 1125 3356 est.
1143 3288 1303 3356 Consules

232 3392 428 3458 dimiserunt
450 3391 571 3481 passim
600 3391 643 3458 ad
669 3393 885 3460 coemendum
918 3397 1142 3478 frumentum,
1171 3418 1241 3460 non
1267 3396 1302 3460 in

232 3498 396 3565 Etruriam
414 3497 534 3583 modo,
557 3514 590 3564 ct
612 3521 671 3590 per
692 3498 828 3565 Volscos
848 3523 955 3590 usque
976 3501 1017 3567 ad
1042 3504 1177 3585 Cumas,
1195 3499 1303 3566 sedin

232 3603 372 3669 Siciliam
386 3626 537 3693 quoque:
553 3605 645 3694 quod·
656 3607 794 3670 Romam
807 3604 977 3672 advectum
990 3608 1115 3696 populo
1129 3605 1243 3671 datum
1255 3621 1305 3668 est

232 3710 294 3775 levi
307 3732 385 3776 sane
398 3712 525 3800 pretio·
539 3728 672 3777 curante
683 3727 799 3777 senatu
809 3720 857 3775 ut·
863 3715 1065 3778 frumentum
1080 3728 1113 3777 et
1123 3732 1175 3776 res
1189 3730 1304 3774 omnes

233 3814 274 3881 ad
290 3818 415 3882 victum
435 3817 626 3882 necessarias
641 3817 723 3883 tanti
739 3830 865 3897 essent,
885 3817 999 3904 qrunti
1020 3814 1147 3881 minimi
1167 3813 1305 3880 bussent

234 3937 308 3986 ante
323 3921 549 3986 secessionem.
567 3922 635 3986 Liv
653 3924 701 4004 11,
720 3921 774 4001 34.
1157 3934 1161 3944 ’

278 4029 378 4092 Anno
404 4026 503 4093 Urbis
530 4027 611 4115 298,
637 4049 741 4117 quum
756 4049 905 4109 annona,
930 4027 1038 4116 inquit
1062 3972 1217 4109 Lim-111,
1243 4024 1305 4108 31,

237 4147 371 4220 propter
392 4155 550 4257 aquarum
573 4134 815 4223 intemperiem,
837 4127 1055 4218 laboraretur,
1072 4135 1203 4202 Manius
1219 4134 1306 4200 Illar-
