3176 4770
365 429 421 498 IN
446 427 667 496 VERREM
692 427 803 493 ACT.
830 426 887 509 ΙΙ,
913 427 1009 493 LlB.
1035 431 1109 497 111.
1203 428 1269 499 113

210 564 330 620 motus
360 575 435 620 non
462 544 597 635 esses⁶;
630 561 726 618 certe
754 545 824 617 hoc
851 545 947 617 idem
977 548 1067 620 lucri
1089 552 1270 622 Minucius

214 662 373 757 Apronio
393 657 548 729 libenter
572 655 747 743 dedisset,
772 656 800 725 si
825 655 884 725 ilie
910 658 1069 755 accipere
1088 659 1269 731 voluisset.

210 770 390 858 Quantam
410 769 518 865 igitur
537 767 588 837 illi
611 791 712 864 spem
735 765 861 863 praedae
878 770 1099 863 propositam
1119 769 1269 842 arbitra·

209 902 294 948 mur
311 877 436 965 fuisse,
454 878 517 974 qui
536 890 676 947 tantum
691 900 848 973 praesens
866 876 1027 965 lucrum,
1046 879 1145 950 nulia
1161 906 1271 978 opera

211 992 413 1086 insumpta,
447 989 704 1085 contempserit
732 1000 841 1082 atque
875 985 1103 1083 despexerit?
1131 990 1272 1061 Deinde

210 1098 287 1196 ipse
307 1098 489 1168 Minucius
519 1119 716 1191 numquam
746 1099 835 1165 tanti
864 1094 998 1169 habere
1022 1097 1213 1185 voluisset,
1246 1104 1275 1171 si

211 1206 378 1277 decumas
405 1220 445 1276 tu
467 1206 544 1301 lege
568 1206 759 1275 Hieronica
775 1203 949 1276 venderes
967 1230 975 1275 ε
999 1205 1062 1276 sed
1081 1208 1181 1304 quod
1203 1214 1274 1280 tuis

212 1319 313 1387 novis
329 1315 476 1401 edictis,
498 1330 534 1385 et
552 1314 785 1411 iniquissimis
800 1316 972 1385 institutis
989 1313 1072 1412 plus
1088 1316 1275 1413 aliquanto

210 1451 268 1513 se,
291 1451 399 1523 quam
419 1424 606 1510 decumas,
625 1422 830 1493 ablaturum
850 1422 1015 1510 videbat,
1034 1422 1169 1496 idcirco
1193 1426 1277 1497 lon-

211 1537 290 1633 gius
315 1558 525 1633 progressus
552 1548 615 1603 est.
648 1537 695 1603 At
714 1534 877 1629 Apronio
902 1557 1044 1630 semper
1066 1536 1149 1631 plus
1171 1540 1276 1607 etiam

213 1645 330 1715 multo
356 1642 420 1714 abs
446 1658 482 1714 te
508 1644 720 1742 permissum
747 1656 820 1729 est,
848 1667 958 1739 quam
984 1641 1085 1739 quod
1104 1645 1277 1719 edixeras.

213 1759 399 1845 Quantum
422 1754 531 1851 igitur
550 1766 726 1849 quaestum
756 1765 926 1849 putamus
950 1749 1083 1824 sactum
1109 1780 1185 1828 esse
1211 1781 1278 1854 per

213 1890 299 1935 eum
310 1874 337 1949 ⁷,
363 1864 421 1934 cui
448 1861 590 1959 quidvis
618 1861 754 1932 licitum
782 1863 848 1948 sit;
880 1886 996 1959 quum
1024 1875 1163 1935 tantum
1186 1867 1277 1937 lucri

215 1974 368 2045 voluerit
383 1972 516 2045 addere
528 1970 590 2059 is⁸,
601 1975 679 2059 cui,
693 1974 722 2042 si
734 1971 903 2043 decumas
917 1974 1076 2061 emisset,
1091 1974 1187 2047 idem
1201 2002 1278 2047 non

214 2084 360 2156 liceret?
384 2086 572 2153 Postremo
592 2082 653 2152 iila
676 2080 822 2178 quidem
844 2098 940 2153 certe
962 2082 1029 2154 tibi
1051 2087 1199 2181 praecisa
1218 2084 1279 2155 de·

215 2193 331 2265 fensio
350 2208 424 2279 est,
445 2196 483 2261 in
505 2216 576 2288 qua
598 2204 637 2262 tu
661 2215 803 2289 semper
825 2193 946 2261 omnia
969 2205 1031 2261 tua
1052 2189 1149 2263 furta
1170 2207 1279 2289 atque

214 2303 344 2400 flagitia
357 2301 466 2372 latere
480 2312 608 2398 posse9
623 2299 816 2371 arbitratus
832 2324 891 2371 es:
911 2324 1044 2397 magno
1059 2314 1093 2372 te
1111 2300 1280 2373 decumas
1331 2336 1332 2343 ¹

214 2412 439 2498 vendidisse,
464 2410 562 2510 plebi
586 2434 743 2481 romanae
764 2410 1005 2497 consuluisse3
1024 2436 1177 2482 annonae
1193 2439 1278 2511 pro·

215 2526 382 2622 spexisse.
409 2524 491 2592 Non
517 2535 636 2618 potest
660 2520 731 2591 hoc
756 2519 874 2592 dicere
893 2523 941 2609 is,
963 2525 1025 2618 qui
1052 2547 1183 2620 negare
1201 2550 1277 2594 non

216 2647 355 2730 potest,
378 2657 415 2703 se
439 2634 548 2703 unius
564 2634 639 2728 agri
660 2630 829 2701 decumas
849 2656 920 2700 xxx
937 2629 1097 2702 millibus
1115 2632 1278 2702 modium

217 2744 385 2827 minoris,
405 2765 513 2838 quam
532 2741 708 2838 potuerit,
727 2739 950 2810 vendidisse:
976 2755 1032 2827 ut,
1055 2744 1194 2811 etiamsi
1214 2742 1279 2813 tibi

219 2850 288 2920 hoc
306 2851 521 2936 concedam,
538 2852 698 2922 Minucio
714 2848 796 2919 ideo
814 2865 848 2920 te
865 2874 939 2918 non
957 2848 1161 2937 tradidisse,
1178 2854 1277 2947 quod

217 2961 290 3055 jam
309 2959 501 3030 addixisses
519 2961 699 3058 Apronio;
722 2962 824 3029 aiunt
848 2959 943 3029 enim
970 2973 1004 3028 te
1029 2961 1077 3029 ita
1096 2959 1278 3046 dictitare,

219 3067 321 3167 quod
339 3092 405 3164 ego
424 3085 610 3166 exspecto,
631 3071 813 3167 cupioque
831 3083 867 3139 te
886 3072 933 3138 ita
956 3067 1045 3138 illud
1065 3067 1279 3159 defendere;

219 3203 365 3265 verum,
380 3191 420 3248 ut
438 3182 485 3247 ita
500 3178 596 3262 sit¹⁰‚
613 3193 732 3249 tamen
751 3203 826 3248 non
840 3193 944 3276 potes
960 3178 1051 3265 hoc,
1067 3182 1170 3276 quasi
1186 3205 1277 3279 prac-

219 3289 355 3360 ciarum
377 3286 768 3385 aliquid,·praedicare,
790 3312 920 3385 magno
944 3301 979 3359 te
1001 3286 1168 3360 decumas
1192 3315 1280 3361 ven·

219 3399 371 3480 didisse,
387 3423 502 3496 quum
521 3395 631 3468 fuisse
649 3395 797 3483 fateare,
815 3397 880 3493 qui
896 3396 1013 3467 multo
1034 3396 1146 3493 pluris
1162 3400 1281 3470 volue-

106 3512 119 3607 ’ς
219 3514 293 3581 rint
311 3534 439 3581 emere.

256 3756 282 3802 6.
296 3755 415 3802 Ferrarius
429 3752 492 3803 delet
504 3770 568 3811 non,
581 3765 606 3801 et
623 3770 728 3801 commo·
808 3768 831 3814 p
852 3754 938 3798 Latere
955 3769 1034 3816 posse.
1054 3722 1107 3817 Qda
1127 3753 1282 3808 defensione.

144 3874 149 3885 ,
220 3845 258 3881 tus
273 3850 333 3881 esses
346 3832 438 3880 dictum
452 3842 522 3897 putat
540 3848 587 3897 pro
601 3844 728 3881 contentus
772 3830 842 3894 quasi
862 3830 917 3877 velo
938 3842 963 3878 ct
983 3831 1092 3878 omniurn
1114 3824 1234 3879 furtorum
1253 3850 1282 3881 ac

127 3920 133 3931 '
221 3929 287 3959 esses.
302 3913 360 3960 Non
372 3913 512 3977 probamus.
524 3913 549 3960 J.
561 3914 593 3959 V.
605 3914 632 3959 L.
771 3909 918 3974 flagitiorum
935 3919 1033 3956 tuorum
1053 3911 1225 3968 excusatione,
1247 3916 1282 3961 uti

257 4009 281 4051 7.
295 3994 340 4039 Per
347 4008 409 4038 erim.
420 3993 570 4057 Apronium.
774 3999 798 4036 ta
810 4006 881 4053 posue
895 3987 1057 4037 arbitrabaris.

258 4072 282 4116 8.
292 4073 324 4118 Is.
333 4070 467 4129 Minucius,
476 4073 518 4133 qui
530 4087 579 4118 non
589 4086 661 4117 ausus
669 4080 730 4118 esset
814 4084 854 4116 ro¹
876 4071 907 4114 Ue
919 4067 955 4115 im
968 4068 1007 4118 sie.
1020 4069 1045 4115 si
1059 4080 1083 4118 te
1095 4069 1131 4117 sic
1143 4072 1231 4135 agendi
1246 4090 1284 4121 ra·

223 4160 328 4197 aratores
337 4149 449 4212 spoliare.
776 4149 868 4195 tionem
882 4148 1038 4196 defensurum
1053 4146 1182 4229 fingamus:

321 4240 366 4304 Il
397 4254 442 4296 Cic.
450 4268 506 4314 pars
515 4250 622 4296 secunda.
1144 4236 1165 4303 8
