3200 4768
408 427 461 496 nt
483 422 696 495 vernum
722 426 831 496 ior.
857 427 1115 517 11,Llss.,1v.
1216 423 1284 497 ιιι

277 549 441 620 Amicum
459 550 555 619 enim
568 557 596 589 ¹¹
618 561 783 618 nostrum
799 547 837 614 in
851 545 1026 639 judicium
1040 546 1203 618 vocabas.
1220 552 1287 634 Tu,

229 657 319 755 quid
337 682 403 756 ego
421 660 585 756 privatim
604 657 739 753 negotii
759 678 901 752 geram,
923 657 1202 753 interpretabere
1218 658 1287 727 im·

231 766 428 839 minuendo
440 778 470 810 ¹²
487 766 627 837 bonore
642 766 844 837 senatorio?
862 769 998 837 Verum
1014 764 1092 836 haec
1109 779 1186 835 tum
1202 791 1289 862 que·

231 899 373 965 remur,
394 874 530 973 siquid
553 874 598 946 de
616 874 719 961 vobis
736 899 803 973 per
819 898 904 946 eum
922 873 1087 945 ordinem
1108 889 1234 972 agetur
1246 874 1289 963 ¹³,

231 987 296 1081 qui
315 985 405 1057 ordo
423 1011 443 1058 a
460 985 563 1058 robis
581 985 699 1057 adbuc
717 986 801 1056 eolis
820 998 1051 1083 contemptus
1072 998 1136 1056 est.
1160 988 1204 1054 ln
1221 1009 1289 1082 po·

230 1094 309 1191 puli
336 1100 478 1168 romani
500 1095 650 1195 quidem
675 1110 909 1192 conspectum
929 1119 1004 1190 quo
1022 1118 1086 1165 ore
1106 1118 1171 1164 vos
1191 1117 1290 1165 com·

230 1205 395 1277 misistis?
418 1231 486 1279 nec
510 1209 611 1303 prius
636 1205 733 1277 illam
762 1228 926 1291 crucem,
959 1228 1039 1302 quae
1063 1204 1170 1274 etiam
1191 1228 1291 1275 nuno

231 1316 315 1386 civis
329 1319 471 1389 romani
487 1317 659 1413 sanguine
675 1313 872 1398 redundat,
890 1337 968 1409 quae
983 1310 1054 1384 fita
1071 1312 1185 1385 estad
1204 1337 1291 1410 por·

232 1435 331 1509 tum,
353 1423 557 1521 urbemque
580 1438 755 1508 vestram,
782 1423 986 1507 revellistis,
1003 1446 1125 1519 noque
1148 1425 1187 1492 in
1206 1446 1291 1520 pro·

232 1531 388 1603 fundum
415 1533 617 1628 abjecistis,
643 1534 839 1629 locumque
866 1531 967 1603 illum
994 1555 1141 1603 omnem
1171 1531 1292 1628 expia-

235 1642 297 1711 st'n
311 1644 355 1729 ¹⁴,
382 1666 490 1739 quam
519 1644 688 1728 Romam,
717 1657 827 1737 atque
852 1645 890 1721 in
914 1641 1046 1711 horum
1073 1656 1292 1714 conventum

235 1749 403 1823 adiretis?
425 1756 467 1823 ln
489 1754 786 1848 Mamertinorum
806 1748 884 1821 eolo
904 1747 1080 1821 loederato
1098 1765 1208 1847 atque
1229 1774 1292 1848 pa·

235 1873 332 1946 cato,
345 1876 623 1933 monumentum
635 1862 736 1932 istius
749 1857 968 1931 crudelitatis
980 1861 1292 1931 constitutumeet.

234 1972 408 2042 Vestrane
430 1970 518 2043 urbs
543 1972 655 2045 electa
679 1984 750 2056 est,
773 1968 947 2064 adquam
966 1966 1071 2065 qui¹⁵
1090 1968 1231 2041 adirent
1250 1995 1295 2040 ex

234 2077 351 2168 Italia,
377 2103 521 2151 crucem
541 2082 628 2152 civis
644 2079 786 2151 romani
803 2079 924 2175 prius,
942 2103 1052 2175 quam
1073 2102 1294 2173 quemquam

235 2188 389 2260 amioum
402 2191 530 2288 populi
542 2190 684 2263 romani
698 2186 885 2258 viderent?
900 2209 1008 2281 quam
1022 2210 1086 2255 vos
1102 2184 1296 2280 Rheginie,

236 2321 393 2393 quorum
412 2301 543 2370 civitati
561 2297 728 2369 invidetis
740 2292 783 2380 ¹⁶,
803 2295 889 2364 item
908 2293 1036 2363 incolis
1049 2293 1194 2380 vestris,
1211 2298 1296 2366 ciri-

236 2402 304 2478 bus
322 2412 497 2497 romanis,
518 2406 708 2481 ostendere
726 2403 868 2477 soletis:
885 2427 960 2500 quo
977 2405 1098 2473 minus
1115 2401 1184 2475 sibi
1202 2428 1297 2476 arro·

236 2531 339 2611 gent,
357 2520 550 2615 minusque
568 2542 633 2588 vos
652 2515 869 2614 despiciant,
884 2537 999 2611 quum
1015 2510 1160 2584 videant
1174 2515 1234 2609 jus
1251 2519 1298 2587 ci·

236 2626 354 2698 vitatis
370 2628 433 2699 illo
450 2626 628 2727 supplicio
647 2650 724 2699 esse
742 2633 989 2695 mactatum¹⁷.
1009 2633 1013 2641 '

275 2806 317 2838 ιι.
336 2793 448 2841 Amicum
464 2794 535 2843 enim.
553 2791 685 2859 Affingitor
701 2790 742 2839 bio
823 2790 864 2836 ιδ.
873 2791 975 2853 Agetur.
990 2787 1017 2834 Si
1029 2802 1142 2851 umquem
1153 2800 1251 2840 temtor
1259 2809 1298 2842 ec.

239 2870 318 2931 guvia
323 2887 405 2919 rursm
412 2872 742 2923 iublamertinoeeceuntio·
787 2878 882 2931 eepnm
892 2865 960 2915 illam
969 2881 984 2915 ι
994 2864 1065 2914 vobit
1076 2867 1189 2928 injuriam
1200 2870 1298 2922 melec·-

239 2946 314 3006 Ideo,
325 2950 388 2997 enirn
400 2952 526 3014 inquiunt,
539 2963 563 3001 te
580 2952 745 3016 negleximus,
788 2956 838 2995 tur.

240 3026 298 3089 quia
316 3027 424 3075 amioum
445 3040 555 3078 noeunm
575 3028 744 3094 impugnabat.
829 3032 869 3080 tt·
882 3022 1016 3088 ttxptasrts.
1028 3023 1137 3073 Verbum
1148 3026 1298 3091 religioeurn.

241 3106 321 3166 Quam
334 3105 513 3154 excreationem
520 3106 672 3157 vehementer
680 3105 748 3155 relel·
790 3104 915 3153 Piaculum
923 3103 988 3152 euim
998 3114 1046 3164 eet,
1064 3104 1186 3169 quidquid
1194 3106 1227 3155 ad
1240 3108 1300 3158 deor

240 3183 270 3231 lit
283 3194 376 3233 orator.
397 3185 436 3232 Tu
448 3184 527 3243 enim,
538 3185 670 3248 exclamat,
687 3185 747 3251 qnid
790 3182 924 3248 placandae
935 3182 1021 3246 agitur.
1034 3184 1125 3231 Βοωω
1143 3201 1203 3249 ergo
1213 3186 1299 3247 illum,

240 3262 748 3327 privatneagaminterpretabere,uttotine
790 3261 1186 3326 Gaviieuppliriooonroeleretum
1195 3267 1301 3330 expiare,

241 3342 357 3389 renatorii
369 3341 463 3390 ordinis
474 3342 616 3405 dignitatem
629 3343 748 3391 exanimi
791 3342 825 3389 ait
838 3352 934 3402 orator,
946 3350 970 3388 et
982 3341 1057 3388 irato·
1074 3341 1134 3390 deoe
1145 3344 1242 3407 plaeere
1256 3362 1301 3395 voe

241 3423 278 3469 tui
293 3420 396 3469 libidine
414 3422 553 3486 impugner!
572 3421 673 3482 Cicero,
693 3437 747 3470 oum
765 3464 768 3470 .
791 3420 945 3479 decebat,ne
956 3420 1040 3467 nltem
1050 3421 1144 3469 eenatni
1158 3424 1300 3487 populoque

242 3499 318 3547 literis
331 3517 344 3547 a
363 3500 494 3548 Glabrione
510 3511 614 3563 pretore
627 3500 705 3558 datie,
722 3503 749 3549 in
791 3515 894 3547 tommo
905 3501 1024 3562 Romam,
1036 3509 1060 3547 et
1072 3499 1102 3547 iis
1117 3501 1301 3565 ipeie,quorum

242 3578 347 3628 Sieiliem
359 3580 482 3644 profectur
499 3590 548 3640 eet,
559 3579 749 3643 publieaaueto-
791 3578 934 3641 religionem
946 3578 1099 3641 neglexistis,
1115 3579 1196 3627 inserti
1216 3581 1303 3629 invisi·

242 3657 311 3706 ritate
323 3660 464 3708 inetrnetm.
477 3659 557 3721 Quam
570 3659 645 3721 igitur
656 3676 681 3706 ee
697 3659 748 3724 pri·
792 3671 841 3719 que
851 3654 971 3705 reniretie.

242 3747 325 3785 vatum
334 3737 467 3798 dieit,vnlt
477 3736 612 3801 significare
617 3738 750 3799 aecumst
830 3740 872 3788 15.
880 3738 921 3786 Sic
930 3737 1013 3785 Lamb.
1022 3734 1097 3800 Vulg.
1107 3754 1190 3801 quum.
1198 3742 1222 3790 J.
1233 3742 1264 3788 V.
1274 3744 1302 3792 L.

242 3817 352 3880 privatur
374 3816 412 3863 eni
430 3817 520 3879 negotii
539 3831 610 3864 cenea
626 3817 749 3875 veuieeet,
831 3818 871 3864 16.
892 3815 989 3864 Civitati
1001 3814 1118 3864 dividetis.
1132 3818 1195 3879 Quia
1210 3820 1303 3870 enilloet

243 3910 295 3943 non
311 3893 423 3942 debuine
449 3904 560 3942 tamena
583 3895 750 3954 Mamertinis,
793 3895 859 3943 ciret
872 3904 930 3943 runt
940 3894 1045 3942 romani.

244 3989 320 4037 quum
331 3983 429 4021 remor
437 3973 484 4035 rit,
493 3972 592 4037 negligi.
832 3990 872 4037 ¹2·
882 3971 1006 4038 Supplicia
1014 3988 1064 4020 esre
1075 3983 1216 4029 mature.
1227 3980 1306 4030 Mul.

282 4067 323 4100 ιι.
331 4052 506 4101 lmmiuueudo.
516 4052 602 4114 Multi,
609 4050 635 4099 io
644 4051 751 4101 minuen-
794 4070 833 4102 nie
841 4050 976 4102 invidioeut
985 4062 1023 4101 eet
1030 4053 1055 4098 in
1066 4052 1224 4111 Memertiuoe
1236 4059 1305 4108 loona

247 4127 278 4175 do
288 4165 297 4191 ,
307 4146 398 4179 vocum
407 4129 565 4181 rimilitndine
576 4131 653 4181 ducti.
794 4132 845 4181 ille.
853 4131 968 4182 Ostendit
978 4130 1043 4180 enim
1056 4141 1151 4192 orator,
1160 4138 1306 4187 eumenio
