3186 4772
310 332 380 425 294
627 331 675 397 u.
700 330 740 397 r.
766 330 1046 401 nicanorus

305 475 382 522 non
396 450 562 537 minime,
576 472 690 546 quum
705 464 812 521 testes
825 449 1000 540 dicerent,
1015 452 1253 538 commoveri,
1268 455 1368 551 quod

306 572 410 630 erant
427 556 651 651 hujusmodi,
670 572 712 627 ut
727 560 838 631 semel
854 560 984 632 vidisse
1003 561 1085 630 satis
1104 575 1218 632 esset:
1234 564 1270 632 in
1284 568 1368 660 qui·

305 670 376 741 bus
394 692 514 766 neque
539 691 648 738 manu
666 666 800 739 factum
822 670 1041 768 quidquam,
1061 694 1183 768 neque
1205 672 1366 767 pulchri-

304 778 395 850 tudo
413 792 488 851 erat
504 777 594 866 ulla,
609 776 673 848 sed
690 792 832 849 tantum
847 779 1058 877 magnitudo
1070 780 1306 869 incredibilis,
1321 783 1366 856 de

303 914 377 985 qua
394 890 451 960 vel
467 887 591 959 audire
609 891 693 958 satis
709 903 819 976 esset3
833 892 1005 978 nimium,
1020 890 1142 963 videre
1158 891 1365 989 plusquam

303 1000 436 1072 semel:
456 999 609 1069 etiamne
629 997 665 1068 id
684 1000 910 1095 concupisti?

347 1113 455 1182 Lvtt.
477 1109 569 1178 Nam
588 1107 751 1205 Sappho,
772 1131 853 1204 quae
872 1107 1013 1180 sublata
1034 1107 1079 1178 de
1099 1122 1275 1204 prytaneo
1291 1123 1362 1200 est,

300 1221 363 1292 dat
375 1219 440 1290 tibi
450 1219 584 1313 justam
598 1218 885 1305 excusationem,
903 1241 1019 1315 prope
1032 1232 1075 1288 ut
1090 1217 1363 1291 concedendum

300 1348 410 1429 atque
440 1327 702 1425 ignoscendum
730 1350 808 1399 esse
834 1326 1007 1401 videatur.
1035 1328 1246 1399 Silanionis¹
1270 1354 1363 1428 opus

299 1459 374 1514 tam
395 1437 613 1538 perfectum,
632 1452 706 1508 tam
725 1438 886 1534 elegans,
909 1454 982 1509 tam
1005 1438 1244 1528 elaboratum,
1263 1443 1362 1537 quis-

299 1574 411 1648 quam
439 1572 515 1618 non
542 1545 654 1618 modo
676 1547 854 1644 privatus,
882 1547 946 1618 sed
973 1549 1132 1646 populus
1153 1555 1274 1648 potius
1298 1550 1361 1623 ha·

297 1661 420 1744 beret,
441 1681 552 1755 quam
575 1656 685 1726 homo
707 1654 1007 1752 elegantissimus²
1032 1672 1139 1759 atque
1164 1658 1360 1731 eruditissi-

298 1794 380 1841 mus
389 1769 539 1839 Verres?
548 1767 721 1836 nimirum
735 1778 861 1834 contra
871 1763 943 1836 dici
952 1765 1041 1836 nihil
1050 1782 1181 1863 potest.
1189 1772 1360 1841 Nostrum

298 1882 395 1952 enim
421 1879 691 1973 unusquisque,
716 1878 780 1970 qui
810 1889 883 1944 tam
909 1873 1042 1963 beati³,
1068 1901 1178 1974 quam
1198 1879 1264 1950 iste
1285 1896 1360 1970 est,

255 2002 261 2019 ⁸
297 2016 373 2065 non
386 2011 528 2073 sumus,
542 2000 614 2055 tam
628 1982 769 2057 delicati
780 2009 857 2055 esse
868 2010 943 2055 non
954 2009 1164 2082 possumus,
1174 1989 1202 2057 si
1213 1986 1359 2084 quando

295 2098 432 2196 aliquid
456 2093 658 2168 istiusmodi
681 2092 804 2164 videre
826 2093 941 2181 volet,
962 2110 1020 2165 eat
1039 2094 1084 2165 ad
1105 2094 1218 2167 aedem
1238 2098 1359 2170 Felici·

295 2210 411 2296 satist,
427 2205 472 2278 ad
490 2218 769 2275 monumentum
794 2203 930 2292 Catuli,
948 2205 985 2274 in
1006 2206 1187 2301 porticum
1203 2208 1356 2298 Metelli,

294 2320 358 2391 det
376 2338 545 2412 operam,
564 2328 607 2384 ut
624 2312 833 2384 admittatur
852 2315 889 2383 in
914 2314 1064 2408 alicujus
1089 2312 1266 2387 istorum⁵
1286 2321 1355 2387 Tu-

294 2428 502 2511 sculanum;
522 2436 659 2520 spectet
675 2420 795 2491 forum
816 2439 986 2495 ornatum
993 2422 1021 2510 ⁶,
1043 2426 1072 2494 si
1087 2425 1177 2522 quid
1191 2427 1257 2496 iste
1270 2450 1353 2497 suo·

290 2716 329 2751 tor
337 2701 408 2748 Verri
418 2699 509 2746 furtum
518 2694 580 2743 illud
590 2695 731 2759 exprobrat,
739 2704 800 2739 tam·
843 2693 897 2740 tuli.
912 2692 1059 2760 Capitolium
1072 2695 1175 2754 scilicet,
1194 2696 1224 2744 de
1242 2698 1354 2760 quoiam

290 2799 362 2847 quam
383 2776 500 2827 dementis
523 2773 597 2821 animi
619 2774 733 2837 signum.
756 2770 800 2834 qui
842 2772 942 2836 egimus.
957 2799 993 2810 —
1011 2773 1135 2821 Portieum
1151 2773 1247 2823 Metelli.
1261 2774 1290 2822 Id
1305 2788 1352 2834 est,

289 2850 800 2921 illudconcupiveritquodnequepulohri-
842 2852 1015 2912 Macedonici,
1044 2854 1088 2918 qui
1117 2854 1240 2917 porticum
1270 2856 1354 2903 Roma·

289 2939 365 3001 tudo,
382 2950 462 2999 neque
479 2949 517 2980 ars
535 2930 677 2988 homiuum,
688 2928 731 2976 sed
747 2929 799 2975 lor·
842 2931 973 3001 exstruxit,
989 2946 1089 2995 eamque
1107 2934 1235 2979 exornavit
1246 2934 1354 2980 Alexan-

288 3019 364 3064 toitua
378 3024 472 3063 tautum
489 3021 581 3058 naturae
595 3024 663 3055 casus
677 3023 799 3055 commen·
842 3009 880 3059 dri
890 3012 990 3073 ejusque
999 3011 1169 3076 prefectorum
1182 3012 1282 3071 statuis,
1293 3028 1352 3077 quas

287 3094 368 3142 dabat.
840 3090 1007 3138 eMacedonia
1017 3090 1096 3138 victor
1105 3090 1227 3139 retulerat.

322 3173 400 3220 Lvn.
426 3186 449 3216 1.
469 3163 608 3213 Silanionis.
629 3164 734 3225 Insignis
755 3163 796 3212 ille
876 3169 901 3216 5.
927 3172 1031 3217 Istorum
1062 3168 1234 3216 Tissculonum.
1261 3163 1374 3227 Eorum}

284 3251 331 3299 luit
361 3248 465 3297 Athenis
493 3244 639 3296 statumine,
665 3242 796 3306 floruitque
839 3246 932 3295 scilicet
953 3249 995 3312 qni
1017 3248 1077 3295 luxu
1099 3263 1172 3311 mpra
1193 3257 1285 3294 ceteros
1302 3247 1358 3294 hoo-

283 3327 418 3378 Alexandri
431 3323 516 3389 Magni
528 3333 645 3384 tempore.
660 3322 719 3369 Vid.
732 3321 795 3370 Plin.
839 3335 949 3388 tempore
964 3325 1117 3384 eminebant,
1132 3326 1210 3389 qualis
1227 3325 1272 3372 fuit
1285 3328 1350 3373 Hor·

283 3407 406 3463 xxxw,
420 3406 445 3451 8.
839 3406 930 3451 tensius
953 3415 977 3450 et
1002 3405 1133 3463 Lucullus,
1157 3421 1261 3469 quorum
1285 3402 1349 3451 villae

319 3503 344 3535 α.
363 3478 569 3549 Elegantissime.
592 3481 642 3541 Qui
662 3489 793 3528 statuarum
838 3485 905 3531 omui
929 3481 1068 3530 deliciarum
1089 3501 1175 3547 genere
1199 3482 1346 3532 diffluebant.

279 3569 425 3616 lineamenta
438 3559 591 3609 solertissime
609 3558 739 3623 perspicit,
755 3574 793 3606 ea·
836 3559 969 3608 Tusculum
985 3563 1138 3610 notissimum
1153 3573 1191 3610 eet
1204 3566 1288 3611 Romae
1302 3576 1347 3625 op·

282 3663 329 3710 que
343 3644 444 3694 solerter
455 3638 557 3703 judicat.
835 3639 935 3705 pidum,
949 3655 1000 3703 quo
1010 3640 1092 3704 plures
1105 3640 1201 3689 nobiles
1212 3641 1281 3688 villas
1293 3656 1348 3688 suas

318 3731 342 3776 3.
350 3732 420 3779 ,Tana
430 3723 505 3774 beati.
519 3724 552 3771 H.
561 3738 582 3768 e.
594 3730 644 3783 tam
654 3720 789 3786 pecuniosi.
835 3728 968 3766 exstnsctas
980 3718 1114 3768 habebant.

317 3816 340 3862 t.
359 3807 402 3853 Ad
412 3805 490 3854 <edem
503 3799 644 3851 Felicitatis.
661 3800 791 3864 Templum
869 3796 894 3844 6.
912 3800 1000 3847 Forum
1014 3810 1136 3846 ornatum.
1154 3796 1195 3846 Ad
1212 3797 1286 3845 ludos
1298 3813 1345 3861 pu·

278 3882 341 3930 illud
362 3886 388 3930 in
410 3880 516 3929 meuuda
537 3880 604 3927 urbis
624 3880 723 3942 regione
744 3879 789 3924 luit
832 3875 918 3924 blicos.
941 3877 968 3923 Si
993 3876 1054 3942 quid
1076 3892 1183 3924 errorum.
1207 3878 1233 3924 Si
1257 3879 1346 3924 Verres

278 3959 584 4019 exstructumlneosigua
592 3957 786 4019 praestantissima
831 3954 923 4018 aliquid
934 3971 965 4003 ex
972 3957 1022 4005 suis
1035 3956 1111 4019 siguis
1121 3966 1162 4005 aut
1174 3955 1264 4003 tabulis
1277 3970 1346 4004 com·

222 4098 230 4108 ·
278 4036 405 4091 Praxitelis
431 4036 503 4082 luisse
529 4034 651 4080 memoriae
677 4033 787 4096 prodidit
831 4034 929 4082 modste
950 4035 995 4092 iis,
1015 4037 1058 4098 qui
1082 4045 1134 4082 tum
1153 4032 1236 4082 aediles
1254 4046 1344 4095 erunt,

277 4119 378 4181 Plinius,
384 4113 542 4165 xxm.-
551 4111 735 4159 Munimentum
745 4112 788 4162 Ca·
831 4115 897 4165 velit.
911 4114 1031 4163 Nonnulli
1041 4125 1111 4163 autea
1122 4112 1277 4163 excudebaut
1287 4129 1343 4161 eum
