3142 4774
306 440 352 523 aa
626 435 673 502 Μ.
700 434 738 500 r.
766 434 1047 505 cressonis

354 564 466 630 XVII.
495 561 546 628 dn
570 553 635 624 tibi
662 554 769 623 unius
794 556 917 640 anni¹,
942 571 1004 625 aut
1029 555 1167 625 biennii
1192 556 1281 623 ratio
1304 551 1367 622 ha·

305 668 424 742 benda
450 665 537 752 fuit3
562 664 657 735 salus
684 666 896 760 provinciae,
920 663 1110 736 commoda
1136 665 1188 734 rei
1206 662 1367 734 frumen·

305 779 420 863 tariae,
438 776 529 848 ratio
547 772 754 870 reipublicae
770 776 807 843 in
825 785 1035 873 posterum²
1050 773 1119 845 fuit
1135 772 1369 871 negligenda?

306 911 420 985 quum
443 887 489 956 ita
512 908 590 955 rem
616 886 847 954 constitutam
870 889 1085 984 accepisses,
1107 900 1148 955 ut
1171 899 1207 955 et
1229 884 1369 982 populo
1446 902 1452 911 ·

304 1022 456 1070 romano
479 997 564 1066 satis
591 991 765 1064 frumenti
791 1020 834 1065 ex
864 996 981 1067 Sicilia
1005 995 1310 1094 suppeditaretur,
1332 1009 1369 1064 et

303 1105 506 1180 aratoribus
517 1120 638 1175 tamen
649 1128 767 1193 arare,
783 1121 893 1202 atque
903 1131 1005 1204 agros
1017 1107 1136 1178 colere
1148 1101 1366 1202 expediret&

304 1218 402 1312 Quid
434 1213 606 1286 effecisti?
634 1215 721 1313 quid
747 1230 962 1313 assequutus
988 1216 1050 1287 es?
1074 1219 1122 1286 Ut
1144 1215 1283 1312 populo
1307 1237 1366 1284 ro-

305 1352 433 1413 mans,
446 1339 600 1424 praetore
614 1339 668 1409 te,
687 1326 810 1396 nescio
824 1325 912 1421 quid
930 1325 976 1396 ad
991 1324 1160 1396 decumas
1173 1321 1369 1405 accederet,

304 1435 519 1511 deserendas
548 1437 725 1511 arationes
752 1436 1080 1536 relinquendasque
1110 1436 1252 1507 curasti.
1282 1437 1367 1503 Suc·

305 1549 410 1620 cessit
434 1545 503 1617 tibi
530 1549 570 1615 L.
600 1544 777 1616 Metellus.
810 1549 863 1615 Tu
888 1547 1130 1629 innocentior,
1156 1569 1266 1640 quam
1290 1546 1366 1613 Me·

304 1658 435 1731 tellus?
463 1672 504 1727 tu
534 1653 648 1727 laudis
683 1670 719 1726 et
748 1654 899 1726 honoris
931 1655 1121 1753 cupidior?
1151 1653 1244 1724 tihit
1270 1654 1367 1723 enim

304 1767 513 1839 consulatus
540 1752 784 1862 quaerebatur,
811 1764 958 1835 Metello
988 1779 1160 1862 paternus
1186 1763 1307 1833 honor
1332 1775 1370 1832 et

303 1879 417 1949 avitus
448 1874 723 1974 negligebatur:
754 1874 870 1945 multo
898 1875 1047 1943 minoris
1080 1870 1260 1958 vendidit,
1292 1874 1366 1940 non

303 1979 565 2085 modo,'quam
584 2000 645 2073 tu,
666 1983 727 2056 sed
750 1985 875 2071 etiam,
898 2007 1007 2079 quam
1028 1984 1093 2080 qui
1115 1995 1199 2052 ante
1222 1995 1257 2052 te
1279 2003 1367 2049 ren·

305 2096 487 2178 diderunt.
520 2098 673 2186 Quare,
705 2096 735 2165 si
760 2096 838 2192 ipsc
867 2095 1069 2190 excogitare
1100 2118 1176 2163 non
1208 2104 1367 2189 poterat,

304 2204 612 2304 quemadmodum
632 2229 741 2302 quam
761 2204 918 2301 plurimo
940 2202 1130 2290 venderet3
1149 2227 1195 2272 ne
1214 2217 1275 2272 tua
1293 2205 1369 2299 qui-

304 2315 387 2386 dem
409 2322 568 2387 recentia
589 2316 745 2412 proximi
767 2319 930 2412 praetoris
947 2316 1094 2412 vestigia
1113 2315 1282 2412 persequi
1300 2336 1367 2410 po·

305 2440 416 2513 terat,
437 2440 479 2496 ut
501 2426 571 2495 tuis
597 2425 793 2522 praeclaris,
822 2422 886 2495 abs
910 2439 946 2495 te
971 2426 1135 2522 principe
1156 2424 1312 2494 inventis
1332 2437 1369 2493 et

305 2535 514 2631 excogitatis
532 2532 675 2616 edictis,
693 2549 802 2630 atque
820 2535 993 2606 institutis
1009 2534 1192 2605 uteretur?
1204 2533 1268 2604 Ille
1281 2555 1367 2601 vero

304 2657 383 2714 tum
401 2669 439 2715 se
457 2641 669 2715 Metellum⁵
692 2644 840 2716 minime
858 2643 935 2717 fore
953 2660 1133 2744 putasset,
1149 2647 1181 2715 si
1194 2659 1229 2714 te
1244 2640 1315 2713 ulla
1330 2644 1367 2710 in

304 2778 343 2824 re
372 2758 530 2826 imitatus
552 2770 669 2826 esset:
693 2757 757 2854 qui
782 2755 829 2827 ab
854 2756 944 2828 urbe
968 2760 1102 2841 Roma,
1131 2753 1232 2850 quod
1259 2776 1368 2822 nemo

182 2937 188 2946 ,
303 2887 479 2960 umquam
501 2881 584 2962 post
605 2865 795 2936 hominum
819 2866 1026 2936 memoriam
1047 2863 1148 2951 lecit,
1170 2887 1284 2960 quum
1299 2860 1368 2933 sibi

304 2975 342 3043 in
361 2975 585 3073 provinciam
608 2973 910 3072 proficiscendum
932 2988 1092 3072 putaret,
1113 2974 1231 3044 literas
1252 2970 1298 3042 ad
1316 2974 1368 3043 Si·

304 3084 391 3154 ciliae
414 3086 574 3155 civitates
599 3087 715 3171 misit,
738 3113 804 3184 per
828 3109 917 3183 quas
939 3085 1103 3156 hortatur
1128 3099 1166 3155 et
1188 3097 1310 3181 rogat,
1327 3096 1369 3151 ut

338 3345 454 3394 xvsti.
465 3346 540 3393 Unius
548 3345 616 3409 aaut
626 3344 810 3395 Illudneroltm
855 3346 1040 3412 amplificando,
1059 3349 1108 3403 hoo
1125 3347 1242 3396 studebas
1259 3358 1287 3396 ut
1306 3363 1367 3397 ωη-

302 3422 349 3472 tibi
360 3423 409 3473 fult
418 3426 577 3490 cogitandum
586 3435 615 3473 ut
623 3423 726 3490 vectigal
739 3440 812 3489 qnam
856 3428 919 3475 rium
934 3425 1094 3489 locupletam
1107 3437 1133 3474 et
1144 3428 1217 3475 inires
1235 3426 1336 3491 gratiam
1355 3443 1368 3474 ι

302 3503 410 3553 mame
433 3504 611 3570 amplificam
635 3506 662 3553 in
687 3515 811 3570 possm
855 3505 1369 3569 popolo,utporeunadituudconsu·

302 3594 382 3633 tutem
400 3584 463 3633 nllril
479 3585 546 3633 unde
558 3584 622 3633 solvi
641 3596 723 3650 putet
741 3586 812 3634 relin-
856 3584 932 3631 tatum
942 3586 1275 3647 peteretntmebletellus
1287 3586 1370 3635 ninus

303 3666 434 3731 queretur-l
827 3704 831 3713 ,
856 3663 969 3712 stridebat
982 3664 1093 3712 amrium
1105 3665 1271 3731 locupletare,
1284 3676 1313 3715 ut
1325 3681 1369 3729 pr-

339 3760 362 3791 a.
376 3747 407 3791 In
417 3756 552 3809 posterum.
562 3744 684 3794 Graeriani
699 3747 775 3795 codd.
789 3756 813 3794 et
858 3753 954 3791 mum
974 3744 1114 3809 avitumque
1136 3746 1255 3794 honorem
1279 3761 1369 3793 oom-

303 3822 416 3870 nonnulli
426 3824 526 3888 regli,r'rr
534 3825 711 3889 posteritatem.
720 3827 778 3875 Π.
785 3827 812 3871 L.
857 3832 980 3886 queretur.
993 3826 1071 3873 Porto
1085 3825 1181 3874 Metelli
1188 3835 1267 3890 pater,
1276 3826 1303 3872 L.
1315 3826 1370 3873 Me·

339 3900 363 3947 3·
376 3902 518 3966 Expedtna
532 3905 596 3969 Quia
605 3907 662 3954 sads
670 3905 746 3969 ampli
754 3918 812 3949 no·
857 3901 929 3950 tellus
936 3901 1087 3952 Dalmatica·
1101 3915 1124 3952 et
1135 3920 1196 3953 ntur
1209 3904 1242 3966 Q.
1254 3902 1370 3952 Metellus

303 3992 357 4025 run
374 3978 485 4028 laborum
499 3984 593 4033 tructus
605 3987 636 4033 ile
656 3986 727 4033 etim
739 3980 811 4029 relin-
856 3980 1032 4035 nimaina
1042 3983 1155 4032 mnmlea
1164 3984 1269 4034 lusum.

302 4057 453 4119 qnebantur3
464 4060 553 4123 quibus
561 4064 637 4110 vitun
646 4063 785 4110 tolerarent.
893 4062 915 4110 5.
928 4064 960 4110 «lo
969 4062 1102 4111 Metellarn.
1121 4064 1152 4111 Se
1165 4074 1247 4124 tanto,
1260 4075 1309 4112 tan
1325 4078 1370 4111 no·

338 4144 361 4193 t.
379 4136 432 4186 Tibi
449 4138 521 4187 enim.
536 4141 616 4187 lionis
629 4151 673 4188 est.
693 4142 811 4188 Decuat
855 4141 899 4189 bili
913 4143 1014 4191 nonina
1024 4142 1158 4207 iudignum.
