3142 4774
364 432 416 498 IN
441 429 662 498 VERREM
687 428 792 498 ACT.
813 431 869 514 ΙΙ,
896 432 989 499 LIB.
1007 431 1082 498 ΙΙΙ.
1207 426 1253 523 75

196 554 396 624 ‹iecumano
423 558 555 621 cro'cro
573 574 629 621 oro
648 552 717 619 Hs
743 548 1044 623 darenturi-At
1056 573 1253 648 permagno

196 660 365 733 decumas
389 659 467 753 ejus
487 654 586 755 agri⁸
617 657 770 730 vendidi.
799 696 846 755 5-
864 658 1039 730 Videlicet
1065 659 1252 757 gloriatur,

196 794 272 841 non
289 768 460 865 Turpioni
479 769 618 839 lucrum
643 767 784 856 datum,
811 768 874 841 sed
895 768 1048 841 Petrinis
1066 772 1255 866 pecuniam

196 893 366 977 ereptam.

180 1066 185 1079 ‚
243 991 316 1059 XL.
338 986 459 1080 Quid?
472 987 724 1085 Halicyenses,
741 1011 898 1084 quorum
920 986 1068 1060 incolae¹
1086 986 1256 1061 decumas

195 1099 301 1187 dant,
320 1099 389 1196 ipsi
409 1121 513 1196 agros
531 1099 710 1169 immunes
724 1096 877 1188 habent3
895 1123 1019 1169 nonne
1040 1097 1124 1169 huic
1139 1098 1256 1170 eidem

162 1248 167 1257 ι
195 1211 386 1310 Turpioni,
398 1233 514 1305 quum
528 1207 688 1280 decumae
701 1233 723 1280 c
734 1207 829 1281 med.
844 1209 1045 1296 venissent,
1060 1210 1130 1278 H-S
1142 1232 1189 1279 xv
1201 1233 1259 1280 cto

196 1319 280 1390 dare
309 1323 424 1390 coacti
449 1318 555 1388 sunt?
581 1321 618 1389 Si
647 1317 703 1407 id,
728 1315 830 1416 quod
857 1319 1011 1389 maxime
1038 1317 1108 1401 vis,
1135 1340 1259 1414 posses

196 1425 369 1525 probare,
392 1425 467 1497 haec
493 1426 538 1498 ad
563 1427 783 1497 decumanos
807 1427 906 1498 luera
929 1429 1090 1513 venisse,
1110 1426 1200 1497 nihii
1221 1441 1260 1498 te

196 1536 370 1632 attigisse3
388 1550 508 1607 tamen
523 1535 579 1609 hae
593 1537 773 1633 pecuniae,
790 1537 944 1633 pervim
961 1550 1070 1633 atque
1089 1535 1259 1632 injuriam

198 1661 297 1716 tuam
317 1659 428 1742 captas
452 1659 488 1717 et
512 1643 727 1731 conciliatae,
748 1642 817 1716 tibi
835 1642 952 1717 fraudi
978 1661 1014 1717 et
1037 1643 1258 1717 damnationi

198 1779 275 1827 esse
305 1753 488 1827 deberent.
519 1757 641 1848 Quum
667 1779 754 1826 vero
783 1755 854 1826 hoc
884 1756 1021 1826 nemini
1042 1753 1257 1852 persuadere

13 1840 20 1857 ⁵
51 1906 56 1913 ·
86 1960 91 1969 ι
199 1865 329 1961 possis,
350 1878 384 1934 te
399 1878 474 1934 tam
489 1876 668 1936 amentem
691 1859 817 1948 fuisse,
836 1879 876 1936 ut
892 1866 1094 1963 Apronium
1110 1889 1151 1936 ac
1166 1870 1256 1936 Tur-

198 1979 363 2073 pionem,
379 1998 499 2044 servos
519 1972 702 2062 homines,
719 1988 783 2045 tuo
797 1972 1093 2073 liberorumque²
1109 1990 1260 2046 tuorum

199 2084 360 2181 periculo
378 2082 505 2155 divites
519 2080 599 2156 fieri
625 2081 755 2171 vedes;
775 2082 1024 2155 dubitaturum
1039 2105 1259 2181 quemquam

199 2194 397 2281 existimas,
412 2193 502 2289 quin
517 2193 585 2265 iliis
599 2193 788 2265 emissariis
804 2191 881 2269 haee
894 2192 961 2263 tibi
974 2194 1092 2262 omnis
1106 2192 1260 2290 pecunia

198 2303 344 2399 quaesita
368 2302 438 2373 sit?
465 2305 644 2399 Segestam
672 2303 758 2373 item
785 2301 830 2372 ad
856 2305 1055 2373 immunem
1081 2302 1260 2372 civitatem

198 2416 373 2483 Venerius
403 2411 635 2509 Symmachus
663 2411 885 2487 decumanus
910 2413 1117 2484 immittitur
1136 2441 1145 2484 ε
1165 2413 1196 2483 is
1213 2410 1259 2482 ab

199 2524 266 2592 isto
293 2521 411 2593 literas
439 2519 563 2609 affert,
582 2536 624 2592 ut
643 2520 712 2594 sibi
735 2537 859 2593 contra
881 2512 1003 2594 omnia
1026 2537 1259 2594 senatuscon-

198 2631 309 2719 suita,
322 2646 448 2703 contra
462 2633 583 2702 omnia
596 2632 678 2727 jura
685 2627 712 2719 ³,
726 2646 925 2729 contraque
937 2631 1053 2729 legem
1067 2632 1262 2727 Rupiliam,

200 2756 299 2812 extra
310 2739 428 2812 forum
438 2744 453 2792 ⁴
464 2740 710 2813 vadimonium
723 2744 937 2840 promittant
950 2755 1117 2812 aratores.
1130 2738 1261 2812 Audite

92 2946 96 2953 Ι
202 2849 338 2939 literas,
359 2876 449 2949 quas
461 2851 507 2922 ad
520 2855 731 2948 Segestanos
743 2852 892 2923 miserit.
906 2855 1049 2922 errau
1062 2855 1101 2921 C.
1114 2854 1259 2921 Veners.

201 2960 266 3030 Hic
279 2963 450 3032 Venerius
460 2961 766 3059 quemadmodum
781 2977 938 3033 aratores
950 2961 1113 3048 eluserit,
1128 2985 1173 3031 ex
1188 2986 1261 3031 una

201 3070 368 3166 pactione
389 3070 543 3142 hominis
563 3072 707 3144 honesti
728 3075 946 3170 gratiosique
968 3072 1200 3170 cognoscite:
1222 3073 1260 3142 in

202 3176 329 3249 eodem
353 3179 450 3249 enim
475 3203 605 3276 genere
630 3196 715 3253 suut
737 3197 865 3255 cetera.
886 3182 1031 3255 Diocles
1051 3196 1104 3254 est
1124 3187 1260 3253 Panor-

203 3426 338 3485 venissem,
351 3425 499 3474 medimnum
510 3442 543 3475 ιιι
553 3442 586 3473 m.
595 3427 643 3475 hoc
656 3438 706 3486 est,
750 3442 775 3478 et
787 3431 883 3478 Emest.
897 3429 918 3475 si
932 3428 997 3476 enim
1010 3428 1114 3493 accipies
1131 3444 1261 3487 numeros,

201 3508 255 3556 H·S
265 3522 365 3566 xxm,
376 3506 439 3555 lucri
452 3506 477 3555 d.
484 3506 549 3556 dar.»
558 3508 582 3556 J.
592 3510 626 3557 V.
634 3510 664 3558 L.
751 3519 779 3557 ut
791 3508 877 3573 scripti
885 3518 951 3567 sunt,
964 3507 1118 3571 nimispervt
1128 3523 1166 3575 res
1178 3517 1227 3566 ειη
1239 3507 1260 3554 si

237 3587 343 3643 sotim.
352 3585 494 3635 mdtdriri.
504 3586 596 3635 lnedd.
606 3603 644 3652 pr.
652 3603 708 3651 quas
751 3587 826 3635 millia
838 3586 971 3651 intelligas,
985 3586 1058 3634 nimis
1070 3601 1166 3650 magna.

201 3665 292 3715 habent
300 3665 390 3714 vitiose
398 3666 480 3731 igitur,
495 3682 542 3731 pro
552 3667 684 3731 gloriatur.
787 3681 813 3715 a.
820 3667 969 3716 Liber-onem.
976 3665 1026 3729 Qui
1036 3676 1059 3714 te
1069 3665 1196 3721 damnato,
1205 3664 1263 3710 tuis·

236 3750 290 3795 11„
306 3745 640 3810 r.lnoo1oe.1³crogrini,qui
653 3763 709 3795 cnm
753 3760 801 3809 qne
812 3743 885 3793 bonis
905 3745 1053 3810 publicatis,
1071 3743 1096 3790 in
1116 3752 1223 3806 agrame
1238 3752 1263 3789 et

200 3825 295 3873 civibus
306 3822 462 3884 hibirshm,
479 3840 550 3888 grac·
559 3821 710 3889 pisanec-
754 3825 850 3873 infamia
859 3825 936 3872 futuri
944 3834 1010 3873 sunt.
1121 3884 1125 3893 .

203 3906 255 3954 M
262 3918 353 3952 κνοω.
363 3904 459 3951 Sestert.
478 3902 618 3967 quindecim
635 3904 710 3953 millia
792 3906 816 3954 3.
830 3902 946 3952 Gutum.
960 3901 1062 3965 conjicit
1079 3897 1215 3947 communia
1224 3901 1264 3965 ju-

202 3981 453 4047 (3,o75).—Locnm
465 3982 710 4048 apertevitiosnmin
755 4002 792 4032 ra.
811 3986 834 4032 J.
844 3985 876 4032 V.
888 3984 917 4048 Ι).
1137 3979 1143 3989 ’

204 4066 325 4127 numeris,
342 4079 387 4111 nee
405 4063 522 4113 auxilinm
539 4063 592 4126 peti
609 4080 681 4128 posse
696 4080 711 4111 a
791 4073 814 4120 4.
833 4058 1016 4127 Eaenaforum.
1031 4059 1104 4106 Extra
1115 4057 1264 4119 jurisdictio·

203 4142 272 4191 libris
282 4143 354 4192 etiarn
369 4143 461 4192 vitiosis
473 4141 597 4192 declarant
609 4145 710 4192 Horum.
757 4144 794 4191 nis
807 4158 855 4192 mae
869 4142 958 4191 locum.
974 4138 1031 4191 vid.
1041 4155 1112 4204 snpra
1128 4138 1167 4187 1⁵.
