3186 4772
380 389 679 501 m'vanasn
703 391 812 460 scr.
834 391 889 478 11,
913 393 1006 461 nm.
1029 395 1094 463 w.
1199 396 1270 492 289

205 516 316 586 versis
333 510 471 598 divisae,
487 511 634 606 privatis
651 508 807 582 edificiis
820 515 1063 588 continentur.
1084 517 1200 587 Tertia
1216 532 1271 589 est

207 620 313 703 urbs,
332 643 430 716 quae,
452 616 552 715 quod
581 618 620 687 in
645 642 687 690 ea
713 635 815 716 parte
838 625 1005 692 Fortunae
1028 620 1152 694 fanum
1177 628 1269 697 anti·

207 755 321 830 quum
347 728 435 816 fuit,
456 723 602 822 Tycha⁵
623 730 808 799 nominata
830 743 902 816 est3
920 733 959 800 in
980 755 1051 827 qua
1068 746 1103 801 et
1118 758 1270 830 gymna-

208 844 302 914 sium
317 839 576 938 amplissimum
591 852 662 921 est,
681 853 717 909 et
731 839 937 936 complures
954 839 1047 912 aedes
1066 864 1192 913 sacrae:
1210 869 1271 915 co·

207 951 364 1048 liturque
383 973 425 1020 ea
442 971 545 1046 pars,
563 961 599 1018 et
615 945 798 1019 habitatur
818 948 1118 1047 frequentissime.
1134 954 1270 1042 Quarta

209 1075 329 1132 autem
350 1072 403 1129 est
421 1055 531 1145 urbs,
554 1081 655 1154 quae,
684 1059 771 1155 quia
796 1073 980 1156 postrema
1004 1057 1175 1131 aedificata
1198 1076 1273 1151 est,
1381 1137 1383 1142 ,

208 1162 654 1266 Neapolis⁶·nominatur;
681 1192 793 1265 quam
820 1167 866 1239 ad
891 1193 1069 1240 summam
1091 1170 1273 1243 theatrum

210 1294 264 1350 est
291 1281 514 1349 maximum:
544 1290 715 1374 praeterea
742 1276 816 1349 duo
846 1278 980 1377 templa
1006 1293 1093 1349 sunt
1117 1282 1275 1377 egregia,

102 1465 104 1469 .
209 1389 347 1460 Cereris
361 1410 497 1471 unum,
510 1384 664 1456 alterum
677 1385 833 1476 Libera,
848 1389 1067 1485 signumque
1079 1389 1276 1487 Apollinis,

211 1499 275 1594 qui
287 1497 489 1567 Temenites
502 1505 687 1583 vocaturt,
700 1495 985 1593 pulcherrimum
1001 1512 1037 1568 et
1053 1502 1251 1591 maximum
1265 1525 1275 1570 z

212 1604 315 1703 quod
344 1606 410 1676 iste
436 1607 466 1674 si
493 1618 639 1701 portare
660 1605 855 1702 potuisset,
884 1630 961 1679 uon
987 1605 1187 1682 dubitasset
1210 1634 1276 1682 au·

214 1712 319 1784 ferre.

259 1822 351 1894 LIV.
380 1826 491 1895 Nunc¹
506 1821 551 1893 ad
575 1823 785 1896 Marcellum
809 1840 984 1913 revertor,
1008 1851 1055 1898 ne
1080 1827 1156 1900 haec
1175 1853 1196 1900 a
1217 1855 1276 1903 me

213 1932 290 2004 sine
309 1955 415 2004 causa
431 1947 712 2004 commemorata
732 1958 810 2006 esse
829 1920 1047 2008 videantur:
1074 1942 1139 2034 qui
1163 1963 1276 2034 quum
1342 2010 1354 2026 ,

212 2055 284 2113 tarn
303 2041 508 2141 praeclaram
524 2041 654 2114 urbem
672 2045 709 2113 vi
726 2046 913 2142 copiisque
929 2047 1101 2142 cepisset,
1118 2072 1192 2117 non
1209 2072 1277 2145 pu-

214 2154 299 2223 tavit
321 2151 365 2223 ad
389 2151 532 2224 laudem
553 2153 681 2251 populi
705 2156 844 2224 romani
867 2153 939 2224 hoc
961 2155 1161 2251 pertinere,
1185 2157 1280 2228 hanc

213 2261 549 2360 pulchritudinem,
579 2287 625 2333 ex
653 2272 748 2359 qua1
780 2266 978 2360 praesertim
1009 2262 1100 2333 nihil
1128 2266 1281 2362 periculi

214 2371 487 2458 ostenderetur,
514 2369 634 2442 delere
656 2385 693 2441 et
715 2372 954 2469 exstinguere.
978 2376 1105 2483 ltaque
1121 2371 1280 2444 aedificiis

215 2479 404 2569 omnibus,
418 2476 595 2577 publicis²
613 2494 650 2551 et
664 2481 832 2577 privatis,
851 2482 960 2551 sacris
976 2494 1013 2550 et
1033 2474 1213 2578 profanis,
1229 2483 1281 2553 sic

214 2593 398 2692 pepercit,
416 2592 520 2688 quasi
541 2588 586 2660 ad
606 2613 649 2661 ea
664 2588 890 2662 defendenda
908 2613 990 2660 curn
1010 2593 1187 2674 exercitu,
1205 2614 1280 2661 non

217 2699 456 2798 expugnanda
484 2700 650 2771 venisset.
682 2704 727 2771 ln
759 2695 914 2771 ornatu³
944 2698 1045 2770 urbis
1072 2698 1200 2770 habuit
1226 2706 1280 2771 vi·

133 2806 139 2817 '
217 2810 336 2881 ctoriae
355 2811 549 2896 rationem,
567 2806 696 2880 habuit
718 2808 972 2879 humanitatis:
992 2809 1149 2878 victoriae
1172 2823 1280 2905 puta·

216 2916 282 2990 bat
298 2942 393 3007 esse,
413 2918 526 2990 multa
551 2922 702 2989 Romam
725 2917 937 3015 deportare,
959 2940 1040 3013 quae
1065 2933 1280 2989 ornamento

142 3123 147 3130 ’
214 3172 218 3179 ,
254 3139 436 3202 5‚ry0100‚A
453 3155 532 3206 μω
548 3140 727 3205 texebam-100
769 3118 921 3199 pore,bnno
930 3132 1068 3198 Apollinem
1079 3135 1182 3183 Romam
1193 3134 1283 3201 depor-

121 3274 146 3291 ²
218 3230 298 3270 entem
311 3218 384 3283 τύχα.
769 3212 872 3262 undum
898 3212 1035 3272 nutavisse,
1060 3225 1088 3263 nt
1107 3212 1281 3264 bibliothecam

255 3302 282 3349 6.
293 3299 420 3364 Neapolis.
429 3302 526 3348 Partem
535 3297 602 3345 illem
612 3297 663 3355 ers
672 3307 728 3347 ente
771 3291 831 3339 nori
842 3290 925 3356 templi
936 3301 1071 3341 exornaret.

217 3379 343 3430 Christum
357 3379 427 3427 annis
442 3374 586 3426 edificatam
600 3376 675 3425 fnisse
687 3375 730 3425 tle-
806 3371 871 3418 LIV.
892 3387 914 3419 ι.
926 3371 970 3417 Ea·
983 3386 1042 3433 qun.
1055 3369 1115 3419 Non
1126 3381 1204 3420 metue
1216 3374 1281 3421 enim

218 3456 484 3508 monetthluverim.
773 3459 1141 3506 “ermerannus-manontes
1151 3452 1286 3514 rempubli-

255 3552 280 3604 7.
303 3536 434 3585 Temerites
459 3546 574 3585 uocatur.
601 3534 642 3583 δίο
664 3532 730 3581 dioe-
773 3542 827 3575 cem
839 3539 949 3591 cuperet,
962 3527 1030 3590 quod
1042 3527 1070 3574 in
1084 3529 1228 3587 caminis,
1242 3544 1286 3576 eur

219 3616 292 3664 betur
303 3633 317 3665 e
334 3615 467 3664 solitudine
477 3616 730 3680 metymnaeum
774 3605 895 3669 carum
905 3605 1092 3670 opprimeretur.

221 3711 319 3754 maroe,
341 3694 386 3742 uhi
401 3694 519 3759 templum
542 3693 619 3741 fame
634 3703 731 3748 mqu-
812 3699 836 3732 α.
865 3682 970 3732 Publicis
986 3695 1011 3730 et
1024 3683 1142 3746 privatis,
1166 3682 1242 3730 sacn's
1260 3695 1285 3731 et

221 3784 296 3822 cmm,
307 3775 418 3822 verbum
432 3773 495 3822 511„st
506 3772 651 3828 remim,
663 3786 677 3818 ῃ
691 3769 731 3820 τί.
773 3759 898 3827 profanu.
913 3760 1023 3810 Graevius
1034 3777 1048 3808 e
1060 3760 1134 3808 codd.
1145 3776 1195 3825 reg.
1205 3772 1230 3809 et
1243 3762 1285 3812 ed.

221 3868 288 3918 μινος
305 3854 387 3910 venit,
404 3849 472 3915 qnod
490 3851 573 3900 locum
593 3850 732 3907 desertum,
775 3845 864 3890 venet.
878 3862 890 3882 ι
910 3839 1030 3905 publicis,
1059 3839 1172 3903 privatis,
1199 3841 1286 3902 ueris,

220 3932 374 3991 minuetum,
391 3942 434 3979 ent
448 3929 495 3979 eleo
510 3938 680 3979 consecratum
697 3927 733 3975 si-
776 3919 914 3987 probuie».
932 3920 958 3967 J.
970 3919 1002 3985 Y.
1014 3919 1043 3965 L.

222 4007 329 4071 gnifimt.
346 4009 476 4057 Suetonius
496 4008 553 4057 Tib.
576 4024 598 4054 o.
621 4014 670 4072 74,
688 4019 735 4052 nos
814 3996 839 4049 3.
857 4002 888 4047 In
904 4007 1002 4047 ornatu.
1016 3996 1050 4046 lt.
1063 4011 1085 4045 e.
1099 3994 1125 4043 in
1137 3996 1197 4046 orbe
1210 4001 1288 4051 Roma

225 4086 298 4136 docet
308 4088 434 4137 Tiberium
448 4088 474 4135 in
487 4098 595 4136 extremo
609 4085 665 4134 vitae
676 4094 737 4134 tem·
779 4078 929 4130 exornanda.

326 4172 371 4243 ΙῙ.
399 4188 446 4235 cte.
456 4205 510 4253 pen
524 4186 631 4236 secundm
1132 4187 1175 4258 19
