3148 4780
250 392 253 405 .
301 340 372 413 360
620 338 731 405 MT.
759 337 1050 405 CICERONIS

297 467 391 537 Nam
400 458 491 530 dixit
504 460 632 545 Heius,
643 457 813 555 princeps
825 456 992 541 civitatis,
1004 455 1172 552 princeps
1187 456 1289 524 istius
1308 453 1361 525 le·

250 576 255 585 '
299 572 471 670 gationis,
486 593 567 666 quae
576 565 621 639 ad
639 581 739 638 tuam
757 565 1000 637 laudationem
1020 567 1126 635 missa
1145 579 1215 649 est,
1233 587 1362 634 navem

299 679 365 752 tibi
394 683 514 778 operis
537 676 691 776 publicis
711 678 1012 747 Mamertinorum
1031 697 1107 744 esse
1132 671 1364 756 aedificatam,

299 792 405 886 eique
424 786 594 860 faciende
613 799 816 857 senatorem
833 784 1089 856 Mamertinum
1107 781 1253 880 publice
1272 807 1363 880 prae·

298 897 417 971 fuisse.
441 897 595 993 Reliqua
618 909 671 966 est
692 895 882 967 materies:
902 894 996 965 hanc
1019 893 1210 991 Rhegium,
1232 908 1275 963 ut
1294 894 1365 991 ipsi

299 1008 426 1080 dicunt
446 1007 610 1103 (tametsi
630 1018 670 1075 tu
687 1028 817 1102 negare
835 1029 910 1075 non
926 1001 1070 1101 potes),
1089 1002 1248 1101 publice,
1263 1000 1365 1100 quod

297 1116 504 1191 Mamertini
522 1117 707 1187 materiem
727 1139 801 1185 non
821 1112 974 1202 habent,
991 1114 1221 1238 imperavisti.

257 1234 260 1239 '
347 1230 439 1299 XIX.
460 1227 496 1296 Si
511 1238 606 1295 etex
621 1249 696 1321 quo
711 1221 753 1293 fit
766 1248 885 1310 nans
903 1237 939 1294 et
956 1248 1021 1320 qui
1010 1221 1364 1319 faciunt,1mperio

299 1336 367 1408 tibi
390 1350 475 1420 tuo,
504 1358 579 1404 non
609 1334 746 1430 pretio,
772 1347 903 1449 praesto
934 1330 1099 1417 fuerunt3
1126 1329 1189 1402 ubi
1217 1331 1361 1402 tandem

298 1447 391 1516 istuc
412 1443 520 1526 latet,
538 1441 638 1567 quod
658 1457 698 1513 tu
714 1440 758 1513 de
778 1456 841 1513 tua
858 1446 1012 1540 pecunia
1029 1441 1117 1513 dicis
1136 1441 1363 1539 impensum?

299 1558 346 1625 At
356 1552 634 1623 Mamertini¹1n
647 1550 781 1622 tabulis
794 1551 885 1622 nihil
903 1550 1050 1623 habent.
1064 1554 1223 1622 Primum
1240 1549 1363 1636 video,

300 1667 460 1763 potuisse
478 1662 574 1749 fieri,
591 1677 632 1733 ut
648 1689 693 1734 ex
712 1666 836 1734 aerario
855 1662 946 1733 nihil
963 1662 1132 1734 darent²:
1155 1665 1289 1732 etenim
1307 1661 1364 1731 vel

300 1769 555 1871 capitolium³,
573 1774 665 1844 sicut
686 1772 781 1870 apud
806 1772 959 1896 majores
980 1787 1124 1844 nostros
1143 1770 1277 1879 factum
1292 1785 1363 1854 est,

299 1880 446 1982 publice
476 1883 608 1952 coactis
638 1879 767 1969 fabris,
803 1883 997 1980 operisque
1029 1882 1231 1979 imperatis,
1257 1882 1365 1976 gratis

301 1991 514 2065 exaedificari
549 2007 659 2088 atque
695 1989 789 2062 effici
823 1994 953 2088 potuit.
982 1990 1122 2062 Deinde
1150 1990 1188 2061 id
1217 2015 1365 2087 quoque

300 2101 615 2202 perspicio(quod
624 2116 661 2180 et
671 2099 858 2174 ostendam
871 2125 1006 2198 ,quum
1018 2098 1366 2197 istoslproduxero)

300 2215 462 2309 ipsorum
485 2236 531 2282 ex
552 2212 679 2299 literis,
701 2211 835 2282 multas
856 2211 1027 2308 pecunias
1051 2212 1110 2281 isti
1129 2225 1309 2307 erogatas,
1326 2211 1364 2278 in

300 2344 453 2419 operum
467 2320 664 2391 locationes
673 2318 777 2392 falsas
788 2336 898 2419 atque
907 2321 1043 2407 inanes,
1054 2345 1131 2393 esse
1141 2322 1363 2418 perscriptas.

300 2434 377 2499 Jam
389 2428 478 2499 illud
492 2429 643 2498 minime
657 2432 792 2500 mirum
801 2447 872 2519 est,
886 2432 1139 2518 Mamertinos,
1151 2455 1171 2501 a
1183 2454 1258 2527 quo
1270 2455 1366 2501 sum-

300 2534 426 2607 mum⁵
447 2534 667 2607 beneficium
686 2554 918 2637 acceperant,
933 2564 1043 2637 quem
1059 2538 1127 2610 sibi
1139 2539 1363 2623 amiciorem,

300 2670 411 2743 quam
432 2644 570 2743 populo
598 2670 750 2718 romano
773 2671 850 2719 esse
873 2662 1136 2745 cognoverant,
1161 2647 1238 2741 ejus
1255 2649 1362 2745 capiti

334 2851 409 2899 xtx.
427 2865 450 2898 1.
464 2850 499 2899 At
509 2848 657 2898 Mamertini.
669 2850 718 2909 At,
729 2847 811 2911 inquit
889 2856 915 2904 a.
932 2848 1013 2910 Quum
1026 2847 1091 2895 istos.
1107 2850 1191 2911 Quum
1206 2850 1366 2899 Mamertinos

298 2931 403 2990 Verres,
417 2940 516 2994 sumptu
533 2928 634 2995 publico
652 2929 810 2977 Mmsrtiuo-
853 2926 1019 2976 testimonium
1028 2927 1138 2976 dicturos
1151 2927 1287 2992 producam
1300 2941 1325 2977 et
1335 2946 1365 2977 ex

299 3024 352 3055 rum
364 3009 433 3056 nevis
443 3009 490 3056 ists
500 3024 551 3057 nou
561 3018 598 3056 est
608 3007 740 3067 edificem
754 3023 809 3055 usm
853 3004 942 3054 tabulis
969 3004 1076 3071 publicis
1098 3007 1272 3056 demonstrabo
1294 3008 1378 3055 Verri·

298 3087 439 3134 Mamertini
460 3084 579 3151 so'riptum
599 3103 652 3136 nou
670 3088 761 3135 hebent
783 3088 809 3134 iu
854 3084 934 3132 mtam
948 3086 1022 3134 fuisse
1034 3086 1135 3135 multem
1149 3087 1327 3151 pecuuiserim
1342 3100 1365 3136 et

299 3164 387 3216 tabulis
404 3165 509 3228 publicis
523 3181 573 3213 eum
590 3166 710 3229 civitatis,
725 3185 751 3215 se
764 3184 808 3231 pe-
853 3163 880 3210 in
897 3166 1010 3229 expensis
1027 3166 1142 3231 scriptum
1159 3175 1260 3229 propter
1276 3167 1365 3225 istum,

299 3242 383 3291 eunies
398 3243 424 3289 iu
440 3243 514 3304 hujus
531 3245 567 3292 rei
580 3256 703 3311 sumptum
716 3247 810 3310 impen-
852 3243 899 3291 sub
922 3246 994 3294 titulo
1016 3246 1167 3293 locationum
1188 3246 1363 3296 cruentitsrum.

299 3321 371 3371 diste.
853 3324 909 3371 Hoc
931 3336 1013 3373 sutem
1031 3323 1138 3371 fecerent
1159 3323 1316 3383 Mamertini,
1337 3337 1365 3372 ut

336 3415 360 3448 n.
373 3397 445 3447 Niriil
455 3399 552 3449 danne.
563 3402 639 3464 Quod
649 3418 733 3451 nerem
743 3402 810 3452 illem
853 3403 905 3464 ejus
918 3404 1041 3468 pecunie,
1054 3418 1128 3465 quum
1140 3402 1168 3449 iu
1180 3401 1248 3450 usus
1261 3401 1364 3451 aedtfin-

299 3493 374 3544 opers
400 3479 544 3538 tributario,
572 3481 630 3544 gell.
655 3481 682 3528 la
709 3483 809 3545 soraee,
852 3482 946 3530 u‘ouem
961 3491 1136 3543 erogaverunt,
1158 3497 1281 3545 quemque
1296 3484 1364 3530 Verri

298 3557 414 3608 edificari
425 3559 554 3608 volueriut.
852 3575 940 3609 nocere
956 3559 1109 3619 nolentes,
1101 3577 1129 3609 m
1142 3560 1237 3609 tubulus
1249 3578 1306 3610 sues
1318 3579 1365 3626 pu-

335 3640 359 3688 3.
382 3640 429 3688 Vel
441 3639 592 3704 Capitolium.
605 3641 688 3704 Ipsum
707 3641 807 3706 Cepim-
853 3638 927 3686 blioes
947 3638 993 3686 sub
1010 3654 1040 3686 eo
1055 3639 1128 3689 titulo
1149 3641 1266 3706 perscribi
1279 3642 1365 3690 uolue-

298 3717 447 3783 lium,quod
452 3719 525 3783 louge
532 3719 658 3785 operosius
666 3718 809 3769 aedificatum
853 3729 921 3775 rant,
931 3718 1010 3766 exitus
1018 3718 1106 3783 aliquis
1115 3721 1276 3769 inveniretur.

299 3806 336 3849 est
351 3813 422 3860 quem
437 3814 485 3846 uus
499 3799 576 3849 ιιινίι.
595 3802 632 3848 De
647 3799 724 3864 prims
737 3801 810 3863 Cepi·
889 3795 914 3843 5.
925 3798 950 3843 A
957 3814 1005 3861 quo
1019 3814 1146 3846 sttmmum.
1157 3800 1310 3848 Mamertinis
1322 3799 1365 3847 tri·

299 3873 356 3923 tolii
375 3874 537 3926 edificatione
556 3878 601 3927 snb
619 3878 715 3943 regibus
729 3878 809 3942 loqui·
857 3876 899 3924 tici
911 3875 1022 3924 modium
1035 3878 1141 3936 bomon,
1157 3886 1181 3924 et
1193 3893 1365 3941 navemqusm

302 3964 349 4003 tur.
359 3954 413 4000 Liv.
425 3955 449 4009 1,
462 3955 503 4003 56.
514 3958 624 4005 Alterum
638 3957 748 4006 eCetulo
757 3965 813 4018 post
857 3953 997 4017 reipublicae
1007 3955 1129 4003 debebant
1136 3970 1166 4003 ex
1175 3955 1364 4016 foderatam

228 4079 231 4087 ,
267 4023 271 4034 “
302 4029 376 4078 Sulla
388 4041 489 4078 mortem
503 4034 550 4081 luit
562 4022 735 4084 consecratum.
856 4031 987 4080 remiserat.
999 4032 1053 4080 Lib.
1069 4035 1114 4092 lV,
1126 4050 1181 4099 nep.
1198 4049 1224 4098 9.
1238 4034 1303 4084 Hinc
1317 4044 1364 4095 est,
