3142 4774
587 417 851 487 SYNOPSlS.
1205 416 1246 487 13

230 537 362 618 improbe
377 538 500 609 factum,
513 552 543 595 et
556 538 732 616 quicumque
749 536 863 607 fecerit,
886 553 950 592 eum
970 537 1112 615 supplicio
1126 537 1245 616 dignatur

228 655 305 706 csse,
329 641 381 712 94,
394 633 442 710 95.
457 632 548 693 Simul
565 633 671 691 refutat
686 632 888 701 Hortensium,
899 631 950 707 qui
961 632 1069 691 etiamsi
1081 635 1176 713 palam
1190 635 1247 694 hoc

227 751 286 789 non
300 731 392 799 dicat,
408 742 503 786 tameo
516 730 558 785 ita
571 727 665 797 dicat,
680 740 712 785 ut
721 727 833 802 judices
844 726 983 803 suspicari
998 741 1027 785 et
1036 732 1162 806 cogitare
1175 751 1246 810 pos-

228 829 302 897 sint,
318 826 393 883 hanc
407 826 549 887 mtionetu
562 826 756 883 estimationis
768 824 904 882 frumeuti
916 823 954 881 ad
967 826 1149 885 commodum
1160 847 1247 886 seua-

230 935 343 994 tomm,
365 935 395 981 et
410 922 447 980 ad
461 923 614 981 utilitatem
628 942 743 993 eorum,
760 922 811 999 qui
821 919 965 998 judicent,
982 922 1076 998 quiin
1092 925 1246 1001 provinciis

226 1039 292 1077 rum
308 1030 467 1096 potestate,
480 1031 530 1076 aut
544 1038 611 1076 cum
625 1019 767 1096 legatione
779 1037 810 1075 se
826 1018 938 1075 futuros
952 1017 1107 1096 aliquando
1122 1038 1183 1077 esse
1198 1039 1247 1077 ar-

227 1113 381 1187 bitrentur,
395 1115 556 1192 pertinere,
572 1116 620 1191 96.
641 1118 685 1172 Ex
700 1133 759 1192 quo
774 1113 846 1172 nihil
863 1112 941 1171 aliud
957 1114 1094 1190 consequi
1109 1114 1248 1185 osteudit,

227 1232 315 1289 quam
332 1224 363 1268 ut
379 1210 486 1288 judicia
499 1231 516 1268 a
530 1224 629 1269 senatu
643 1211 680 1269 ad
697 1213 783 1269 alium
799 1209 930 1267 ordinem
946 1210 1164 1283 transferantur,
1180 1231 1228 1288 97.

267 1310 302 1365 Ia
318 1320 446 1366 extrema
462 1308 594 1369 oratione
608 1309 710 1366 Cicero
719 1306 1003 1386 judices'admouet,
1017 1321 1048 1366 ut
1062 1308 1176 1384 cognita
1188 1308 1248 1385 jam

228 1414 289 1462 tota
298 1424 329 1462 re
343 1404 527 1462 frumentaria
539 1404 595 1462 sibi
608 1418 689 1462 certo
703 1403 911 1483 persuadeant,
925 1404 1055 1461 amissam
1065 1422 1126 1461 csse
1139 1406 1249 1481 populo

229 1519 349 1558 romano
363 1499 496 1574 Siciliam,
513 1500 767 1558 fructuosissimam
784 1513 869 1578 atque
885 1500 1158 1576 opportunissimam
1172 1519 1246 1577 pro-

230 1597 370 1667 vinciam,
388 1596 443 1653 uisi
456 1616 519 1654 eam
532 1597 630 1654 Verris
646 1596 829 1655 damnatione
843 1608 1030 1673 recuperent,
1047 1596 1248 1673 efficiantque,

233 1705 273 1763 ut,
284 1710 373 1769 quum
385 1692 466 1750 istius
478 1691 585 1750 scelere
596 1693 739 1750 arationes
752 1705 814 1750 tota
826 1692 922 1751 Sicilia
934 1691 1054 1750 desertae
1066 1706 1153 1769 atque
1168 1711 1184 1751 a
1199 1690 1251 1749 do·

230 1788 314 1846 minis
329 1789 435 1846 relictae
448 1788 521 1863 sint,
541 1792 596 1847 hoc
605 1788 717 1865 judicio
732 1802 862 1848 aratores
877 1788 906 1846 iu
925 1809 1025 1867 agros,
1043 1789 1071 1846 in
1090 1788 1166 1847 oedes
1184 1808 1250 1846 suas

228 1899 421 1959 revertantur,
438 1889 485 1964 98.
