3016 4774
419 385 705 456 excoesos
729 385 853 455 xvn.
897 365 901 373 ’
1099 382 1165 483 591

90 527 172 576 tum
185 509 252 574 rim
273 508 389 572 fartam
406 529 474 570 non
495 507 620 595 putari,
640 506 703 570 nisi
723 527 775 571 ret
796 503 839 569 ad
855 526 972 569 menne
993 520 1026 570 et
1045 506 1088 571 ad
1106 532 1171 598 pu·

92 639 199 705 gnam
218 612 369 677 venisset
385 613 486 676 Horr.
592 652 595 658 v
1195 596 1196 603 ἵ
1247 611 1250 620 '

142 721 347 808 Injuriarum
367 718 518 783 delictum
532 739 605 781 erse.
623 717 674 782 Ne
691 716 746 780 hic
762 714 896 803 quidem
911 716 1003 780 loeus
1020 733 1070 781 est
1086 717 1171 783 inte·

94 850 168 916 ger.
184 828 233 891 lo.
244 862 290 876 -
306 825 371 889 Sed
383 825 571 912 injuriarum
589 824 740 889 delictum
755 845 835 902 esse,
854 824 912 911 qui
916 823 1098 911 prohibitus
1112 827 1170 908 rit,

95 935 225 995 nisiex
246 954 282 995 eo
299 932 389 1012 loco,
420 931 475 994 ubi
495 932 663 1017 vestigium
684 929 885 1018 totonderit,
907 927 1004 1014 dejici
1017 936 1171 1009 neminem

89 1060 200 1125 posse.
218 1038 348 1124 Insigne
362 1037 439 1099 item
454 1035 509 1098 hio
525 1051 574 1099 est
589 1051 655 1098 tem
671 1054 774 1122 prope
788 1032 946 1098 mendum
961 1034 1116 1100 alterum:
1128 1058 1171 1100 ne

96 1158 134 1206 te
152 1164 263 1206 morer
279 1141 471 1228 cujusquam
487 1141 646 1205 sententie
662 1138 856 1204 refellendez
874 1140 908 1203 in
928 1140 1018 1204 librie
1035 1141 1172 1228 impres·

97 1246 145 1310 sie
158 1246 294 1310 Victorii
308 1261 341 1310 et
349 1246 484 1309 liuberti
495 1244 667 1333 Stephani,
678 1244 788 1308 omnia
800 1266 891 1331 perne
905 1244 1030 1333 integre
1046 1269 1172 1310 remen·
1199 1250 1206 1265 ⁶

98 1367 234 1432 serunt,
248 1350 283 1413 in
300 1349 420 1437 quibus
437 1371 497 1437 pro
512 1349 724 1429 «injuriarum
744 1346 898 1415 delictum
911 1371 980 1413 esse
992 1380 1020 1431 ι,
1034 1368 1105 1415 eret
1118 1352 1170 1415 «in

94 1457 174 1538 jure
184 1473 302 1544 parum
314 1454 579 1519 delictumeeee».
594 1455 633 1517 In
651 1455 761 1517 locum
776 1453 796 1518 1
808 1454 907 1519 literoe
923 1473 1121 1521 successerat
1131 1458 1169 1540 L,

99 1582 203 1648 quem
220 1560 350 1642 similis,
365 1560 442 1624 alibi
459 1559 584 1624 dimum
600 1572 667 1627 e'tt:
691 1558 810 1623 deinde
828 1583 866 1625 ex
884 1562 916 1624 Ε
933 1563 1056 1625 fectum
1072 1579 1122 1626 eet
1134 1563 1170 1647 I,

82 1666 285 1750 ,mutatione
303 1666 381 1729 item
396 1664 576 1729 admodum
591 1663 662 1728 leri.
683 1664 736 1729 Sic
760 1687 837 1753 ergo
854 1666 1024 1755 scripserat
1039 1670 1169 1735 Cicero:

100 1799 115 1825 ι
125 1772 165 1833 ln
180 1770 252 1849 jure
266 1792 382 1859 parum
398 1769 560 1850 dejectum
573 1792 661 1852 esee,
676 1769 734 1857 qui
752 1764 936 1858 prohibitus
951 1773 1021 1838 eit».
1041 1773 1171 1856 Quibus

102 1875 244 1964 opponit
260 1875 362 1957 iliud,
380 1876 506 1957 «Dejici
525 1875 689 1940 neminem
712 1897 808 1963 posse
820 1905 842 1940 ι.
861 1875 904 1939 Et
927 1877 1060 1965 repetit,
1079 1877 1172 1966 quod

102 1983 251 2070 proxime
276 1981 418 2047 dixerat:
444 1981 507 2045 «vi
536 1981 725 2046 hominibus
751 1982 881 2046 armetis
910 1981 1072 2062 dejectum
1101 2008 1172 2052 etse

102 2111 211 2154 eum».
232 2090 275 2153 Et
302 2090 459 2155 inferius:
486 2089 583 2154 «Non
606 2111 702 2178 posse
729 2088 859 2177 probari
879 2112 1077 2178 quemquam
1102 2116 1171 2158 esse

103 2193 285 2274 dejectum»
300 2217 309 2260 t
327 2195 384 2282 qui
402 2217 471 2259 rem
491 2194 633 2259 breviter
651 2194 808 2282 explicere
829 2193 925 2275 velit,
943 2193 1028 2259 dicat
1050 2207 1172 2279 ἀνακιφα·

102 2310 205 2363 tatere
220 2323 290 2365 esse
313 2300 445 2364 brevem
473 2298 649 2388 superioris
671 2298 888 2381 defensionis3
911 2299 1004 2378 cujus
1029 2318 1171 2369 extrema

105 2403 281 2494 disputatio
303 2421 372 2469 eret
394 2402 436 2469 de
456 2403 545 2485 jure,
570 2402 605 2469 id
620 2419 687 2488 est,
716 2402 757 2467 de
776 2404 882 2469 verbis
899 2403 1072 2472 interdicti.
1093 2407 1169 2473 Piso

105 2509 204 2600 igitur
221 2510 341 2599 scripto
362 2527 395 2574 et
409 2510 510 2574 verbo
528 2532 563 2574 te
578 2508 788 2591 defendebat,
814 2533 916 2598 quum
937 2506 1075 2595 diceret,
1103 2513 1170 2579 «sie

106 2618 140 2682 in
157 2618 263 2700 jure»,
276 2638 395 2706 nempe
408 2614 517 2709 «ende
532 2633 571 2682 tu
587 2616 731 2697 dejecisti
745 2648 758 2675 ι
770 2640 778 2682 :
792 2617 941 2708 adquam
955 2619 1039 2685 itlius
1055 2618 1169 2686 defen·

106 2723 231 2788 tionem
248 2724 361 2789 Cicero
383 2723 452 2788 haec
474 2722 649 2805 referebat,
666 2746 768 2812 quum
785 2726 1065 2812 recuperatoribus
1082 2725 1170 2792 dice·

106 2843 177 2892 ret:
195 2829 305 2915 «Tum
322 2827 468 2892 statuetis
482 2827 547 2892 rim
561 2827 595 2891 in
609 2826 695 2892 eaede
713 2828 837 2909 solum,
852 2849 919 2891 non
936 2828 1031 2893 etiam
1048 2830 1083 2893 in
1098 2830 1170 2894 ani·

108 2953 180 3013 mo,
200 2931 262 2995 nisi
281 2954 379 2996 cruor
396 2932 565 3021 eppareet,
589 2932 655 2997 rim
681 2954 750 2996 non
776 2954 845 2996 esse
869 2932 1006 2997 foetam:
1040 2934 1074 2997 in
1096 2934 1170 3015 jure

108 3059 222 3125 parum
238 3036 399 3116 dejectum
415 3059 501 3116 esse,
515 3036 571 3124 qui
588 3036 773 3126 prohibitus
789 3036 847 3119 sit,
861 3053 921 3101 ete.
932 3067 945 3093 »
958 3038 1046 3103 Dixit
1060 3056 1170 3109 autem

109 3159 141 3207 et
154 3143 224 3225 hic,
246 3160 280 3208 et
301 3143 451 3232 superius
477 3143 510 3206 in
526 3144 598 3222 jure
619 3144 744 3232 potius,
763 3166 861 3231 quam
877 3143 910 3206 in
926 3142 1113 3227 interdicto,
1133 3163 1172 3212 ut

109 3248 277 3312 Javolenus
291 3247 541 3328 jurisconsultus
555 3249 588 3311 in
603 3249 675 3339 lege
695 3246 774 3337 198,
790 3247 831 3314 de
846 3247 966 3339 regulis
974 3251 1056 3331 juris
1070 3251 1170 3319 dicit:

110 3355 242 3443 «Neque
254 3355 287 3418 in
302 3354 491 3436 interdicto,
506 3379 611 3444 neque
627 3357 660 3419 in
678 3356 792 3421 ceteris
806 3357 909 3421 causis
919 3356 1042 3446 pupillo
1055 3381 1172 3423 nocere

110 3477 237 3548 oportet
260 3459 374 3525 dolum
394 3461 549 3543 tutorit»;
577 3477 614 3526 ut
635 3462 789 3526 invidiam
805 3461 960 3527 conflaret
976 3462 1175 3546 edversario,

111 3567 164 3654 qui
178 3568 231 3647 jus
248 3567 283 3630 in
298 3568 399 3632 verbo
416 3568 579 3655 ponebat,
606 3583 638 3632 et
658 3569 786 3657 gravius
802 3567 996 3632 calumniam
1011 3568 1098 3632 iiiam
1114 3567 1172 3633 de·

112 3671 283 3754 fensionis,
301 3672 370 3737 «sic
394 3672 555 3756 injure»,
580 3674 751 3762 acriusque
774 3673 950 3738 refelleret:
976 3697 1175 3763 quamquem

113 3779 204 3843 etiem
223 3781 293 3844 sine
311 3778 430 3844 invidie
447 3795 533 3844 recte
548 3778 583 3843 id
603 3779 667 3845 dici
689 3803 787 3870 supra
809 3780 919 3843 multis
941 3780 975 3843 in
996 3778 1075 3844 locis
1093 3780 1174 3845 vidi·

114 3905 204 3948 mus:
221 3887 305 3949 utin
323 3886 378 3949 lib.
393 3887 441 3950 111
457 3884 497 3949 de
509 3885 582 3950 Nat
597 3886 694 3951 Deor.
712 3889 768 3951 «In
787 3888 861 3968 jure
881 3885 966 3950 civili
985 3886 1042 3974 qui
1063 3902 1111 3951 est
1131 3887 1173 3953 de

115 4004 213 4051 matre
229 3988 336 4073 libera,
348 3990 429 4055 liber
441 4007 517 4055 est».
529 3990 614 4056 Nem
629 3990 811 4072 «dejectum
824 4015 892 4056 esse
902 4023 931 4074 ν,
949 3992 1064 4074 ethic,
1079 4010 1111 4058 et
1125 4010 1174 4059 tot

114 4091 178 4155 aliis
205 4093 283 4157 iocis
306 4118 374 4160 esse
397 4095 483 4161 idem
506 4120 544 4161 ec
571 4094 731 4177 dejectum
759 4095 878 4178 videri,
898 4114 936 4162 ut
952 4099 1174 4178 jurisconsulti
