3054 4772
467 408 741 479 EXCURSUS
766 411 911 479 XXXI.
1147 409 1214 480 bar

154 531 216 597 niae
227 533 335 614 heres,
350 546 403 611 ut,
418 530 475 617 qui
486 529 612 617 optimo
624 530 698 610 jure
703 579 714 611 ,
734 532 796 595 fuit
813 539 852 595 A.
870 530 1005 593 Caecina.
1019 531 1096 595 Hac
1109 531 1219 595 omnia

155 641 269 702 Cicero
286 652 324 701 ut
339 637 374 700 in
395 635 523 724 epilogo
540 635 681 700 breviter
696 638 975 725 complecteretur,
994 634 1134 699 fundum
1150 657 1221 701 esse

156 744 315 806 Coecinam
338 741 428 805 dixit.
451 739 595 822 Quodsi
617 742 690 828 quis
708 742 904 830 pertinacius
926 756 1040 804 contra
1063 739 1165 819 dicat,
1182 764 1221 805 ac

124 922 128 933 1
155 848 270 911 veteris
282 846 429 911 lectionis
438 843 538 908 iidem
553 845 638 908 tueri
651 844 743 926 relit,
754 844 844 933 quod
858 845 932 908 satis
945 843 1055 909 credat
1066 867 1135 909 esse
1146 868 1223 933 pro·

155 952 284 1034 batum,
293 951 434 1017 fundum
446 951 669 1033 esseCaecinoe,
683 975 786 1040 quum
802 953 844 1016 sit
859 950 1134 1033 demonstratum,
1143 974 1220 1016 eum

155 1059 327 1123 Caesenniae
343 1080 413 1121 esse
429 1054 583 1120 heredem
600 1079 608 1121 ε
626 1079 665 1121 ex
688 1058 745 1140 iis,
762 1080 834 1146 quae
852 1080 948 1145 supra
967 1056 1220 1145 disputavimus,

155 1166 228 1229 satis
246 1164 454 1251 perspicuum
481 1184 551 1225 esse
570 1178 671 1251 puto,
694 1162 830 1227 alterum
850 1185 918 1227 nou
939 1164 1047 1227 statim
1067 1163 1174 1250 sequi,
1192 1162 1220 1226 si

155 1270 282 1333 Caecina
303 1268 397 1331 heres
426 1265 469 1328 sit
495 1267 682 1350 Caesenniae,
716 1266 791 1331 ideo
815 1265 955 1330 fundum
980 1288 1048 1330 esse
1071 1267 1220 1343 Caecinae,

156 1397 223 1438 non
245 1372 363 1463 magis,
384 1393 483 1459 quam
507 1372 663 1448 Fulcinii‚
689 1375 747 1461 qui
770 1396 809 1438 ex
833 1372 960 1437 duabus
989 1373 1137 1454 sextulis,
1162 1388 1221 1438 aut

159 1479 304 1555 AEbutii,
322 1479 429 1566 quiex
441 1500 504 1541 una
521 1477 660 1558 sextula,
676 1479 821 1559 ejusdem
833 1480 972 1569 scriptus
986 1478 1091 1544 fuerat
1107 1481 1220 1545 heresa

155 1586 292 1650 alterum
303 1606 382 1649 rero
396 1583 577 1647 necessario
592 1583 684 1670 sequi
695 1630 703 1664 ,
716 1584 869 1650 heredem
882 1608 951 1650 esse
966 1586 1138 1650 Caesenniae
1152 1608 1221 1650 uon

156 1691 317 1779 potuisse,
336 1689 393 1775 qui
409 1686 531 1751 fundus
549 1709 616 1750 uon
637 1703 729 1752 esset.
748 1686 933 1785 Postremo,
950 1690 995 1772 si,
1009 1706 1047 1754 ut
1063 1712 1125 1780 ego
1142 1704 1221 1783 cen·

156 1818 227 1877 seo,
245 1794 314 1859 haec
330 1793 472 1857 clausula
490 1792 646 1856 orationis
661 1792 774 1856 ultima
789 1793 937 1881 legetur:
953 1809 987 1857 et
1001 1815 1114 1859 sensus
1128 1796 1221 1861 Cice·

156 1900 245 1963 runis
260 1899 321 1963 erit
335 1896 569 1986 apertissimus,
587 1913 621 1961 et
636 1896 723 1961 idem
737 1895 819 1960 ordo
835 1897 869 1960 in
887 1897 1014 1987 epilogo
1029 1900 1219 1983 servabitur,

156 2005 214 2092 qui
233 2004 295 2067 fuit
314 2004 348 2067 in
371 2001 650 2091 argumentatione
674 2018 708 2066 et
729 2000 1000 2067 confirmatione:
1019 2004 1109 2091 quod
1132 2006 1221 2070 enim

156 2111 190 2173 in
207 2109 486 2199 argumentatione
503 2123 620 2196 quarto
635 2107 710 2171 loco
728 2108 871 2195 positum
889 2123 975 2190 erat,
993 2106 1028 2171 id
1043 2109 1078 2172 iu
1091 2110 1221 2200 epilogo

156 2232 309 2304 quartum
324 2217 433 2280 locum
443 2213 621 2281 obtinebit.
633 2213 689 2277 sin
702 2229 793 2276 vetus
809 2212 904 2278 lectio
919 2214 1130 2279 retinebitur:
1143 2238 1222 2280 neu·

157 2336 260 2402 trum,
278 2342 352 2411 meo
366 2317 507 2400 judicio,
530 2317 700 2382 constabit
725 2319 889 2382 Hactenus
907 2318 1132 2383 buchananus.
1150 2321 1220 2411 Ego

156 2427 286 2507 velita,
302 2441 340 2489 ut
353 2425 569 2488 buchananus
583 2438 711 2504 censet,
727 2421 902 2512 legendnm
921 2423 1069 2506 arbitror,
1086 2425 1137 2489 vel
1155 2426 1221 2491 hoc

157 2528 274 2605 modo,
292 2528 437 2617 quamvis
451 2550 470 2591 a
482 2543 610 2614 recepta
620 2527 776 2614 scriptura
791 2529 962 2611 remotius,
974 2556 987 2584 a
997 2529 1102 2593 multo
1111 2530 1221 2596 minus

156 2636 278 2722 quaeri,
295 2637 333 2698 A.
351 2633 491 2714 Caecina,
516 2632 593 2696 ciris
616 2632 676 2715 sit,
697 2654 818 2714 necne,
840 2649 922 2698 etc.»
941 2649 974 2697 et
996 2634 1108 2722 paucis
1125 2652 1219 2725 post,

155 2741 281 2804 «civem
298 2761 367 2803 esse
383 2738 543 2802 Caeciuam
553 2768 577 2801 ι.
594 2739 697 2801 Laus.

203 2841 468 2929 Caecinoefimdas
483 2845 542 2923 sit,
557 2865 661 2907 necne.
679 2842 854 2906 Lambinus
866 2843 976 2906 scribit
988 2844 1221 2911 Buchananum

156 2952 264 3016 virum
282 2951 432 3015 omnium
446 2949 570 3030 judicio
585 2948 680 3037 plane
694 2950 888 3038 singularem
907 2949 1081 3039 legendum
1098 2969 1221 3040 putare,

142 3142 146 3152 ‚
159 3057 287 3122 Caecina
301 3080 315 3121 .·
329 3072 367 3120 ut
368 3053 497 3145 fundus
513 3053 638 3118 dicatur
653 3077 715 3142 pro
727 3054 875 3135 οοίοπιως
891 3078 927 3119 ea
944 3057 1069 3120 ratione
1085 3080 1148 3145 qua
1157 3081 1222 3147 po·

149 3161 248 3250 pultat
255 3161 423 3226 dicebatur
421 3159 562 3249 fluidus.
571 3160 759 3224 buchanani
764 3160 888 3240 judicio
901 3183 999 3225 nemo
1009 3162 1084 3250 plus
1092 3163 1222 3248 tribuit,

158 3290 256 3356 qnam
273 3288 350 3356 ego,
364 3265 422 3330 sed
438 3266 613 3353 quominus
630 3265 661 3328 ei
676 3266 824 3329 assentiri
834 3268 975 3354 possim,
990 3266 1059 3332 hoec
1075 3269 1223 3353 obstant,

158 3374 301 3461 primum
312 3370 402 3460 quud
411 3369 572 3437 «fundum
586 3371 755 3435 hominem
765 3403 778 3428 a
795 3371 877 3453 dici,
894 3395 954 3460 pro
968 3374 1222 3463 ciue,nusquam

159 3478 232 3567 legi.
247 3476 352 3541 Docui
364 3475 497 3565 quidem
512 3476 708 3560 Obserr.ll,
725 3499 753 3542 c.
768 3476 806 3557 5,
811 3476 958 3564 fundum
973 3500 1049 3543 eum
1066 3477 1150 3561 dici,
1166 3481 1224 3567 qui

157 3583 255 3647 alicui
272 3584 319 3646 rei
332 3598 447 3646 auctor
457 3597 522 3663 est;
534 3581 702 3669 multaque
712 3581 747 3644 in
758 3604 828 3646 eam
842 3585 1033 3647 seutentiam
1044 3581 1224 3671 disputari:

158 3688 370 3777 sedfundum
385 3711 448 3777 pro
464 3690 542 3768 cive,
557 3708 619 3775 pro
632 3710 671 3751 eu
688 3688 744 3775 qui
762 3688 844 3767 juris
862 3688 961 3752 civilis
979 3690 1140 3777 particeps
1158 3706 1224 3772 est,

160 3817 321 3882 nusquam
339 3794 410 3883 legi.
431 3794 585 3857 Praeterea
602 3793 761 3881 praecipua
778 3793 879 3857 totius
897 3793 987 3858 istius
1004 3795 1171 3859 causeris
1187 3796 1222 3861 in

161 3921 202 3962 eo
217 3900 360 3980 vertitur,
377 3916 489 3963 utrum
501 3898 674 3977 AEbutius,
687 3920 729 3960 au
740 3899 866 3961 Cseciua
878 3897 971 3961 fundi
987 3897 1078 3962 istius
1094 3916 1225 3966 cuntro-

159 4004 296 4068 remisit
310 4004 473 4069 dominus.
489 4004 573 4069 Nam
589 4003 616 4067 si
630 4002 785 4067 AEbutius
799 4000 953 4067 dominus
967 4004 1126 4087 nonfuit,
1138 4022 1225 4070 certe

161 4109 280 4189 injuste
295 4107 467 4175 (lominum
482 4109 573 4175 aditu
586 4110 639 4173 sui
654 4107 747 4172 flandi
761 4109 939 4196 probibuit.
956 4108 1055 4192 Quod
1069 4132 1147 4174 vero
1163 4112 1226 4175 Bu·
