3148 4780
384 449 439 518 IN
462 446 679 516 VERREM
703 447 813 516 ACT.
840 446 894 530 ll,
919 445 1014 514 LlB.
1037 445 1078 514 V.
1191 436 1261 516 383

203 571 259 642 vir
275 566 504 640 accumberet
525 588 652 653 nemo,
669 579 799 664 praeter
816 568 935 663 ipsum
959 579 996 635 et
1016 581 1265 662 praetextatum

203 677 318 750 filium
337 704 346 748 t
365 679 506 748 tametsi
533 686 653 747 recte⁷
674 678 752 748 sine
773 676 985 772 exceptione
1006 673 1183 765 dixeram,
1211 678 1262 747 vi-

205 812 307 875 rum,
324 811 438 884 quum
462 788 521 856 isti
548 798 685 872 esseut,
719 788 902 855 neminem
923 782 1043 855 fuisse.
1073 788 1264 857 Nonnum-

206 921 316 993 quam
343 897 448 967 etiam
471 893 621 966 libertus
643 892 886 964 Timarchides
910 890 1161 964 adhibebatur.
1183 899 1265 965 Mu·

207 1008 310 1079 lieres
339 1021 459 1077 autem
489 1019 611 1101 nuptae
644 1003 806 1092 nobiles,
838 1017 967 1101 praeter
1006 999 1138 1074 unam⁸
1166 1006 1266 1073 mimi
1308 1084 1313 1093 .

206 1116 333 1188 Isidori
343 1115 470 1204 filiam,
480 1139 588 1212 quam
603 1114 691 1202 iste,
712 1127 860 1213 propter
873 1136 1050 1200 amorem,
1066 1111 1111 1183 ab
1124 1109 1266 1182 Rhodio

206 1226 354 1298 tibicine
371 1224 593 1296 abduxerat:
614 1226 727 1322 Pippa
745 1219 908 1320 quaedam
920 1231 956 1306 ⁹,
975 1246 1070 1292 uxor
1088 1220 1266 1291 AEschrio·

206 1339 261 1407 uis
278 1336 505 1432 Syracusani,
526 1333 571 1406 de
589 1359 662 1432 qua
681 1335 832 1406 muliere
859 1333 1004 1432 plurimi
1034 1358 1176 1422 versus,
1204 1337 1267 1432 qui

207 1447 246 1514 in
269 1446 371 1514 istius
393 1443 624 1541 cupiditatem
652 1442 736 1515 facti
760 1458 860 1531 sunt,
878 1458 954 1515 tota
975 1443 1091 1515 Sicilia
1109 1445 1268 1541 percele-

207 1552 372 1624 brantur.
1227 1576 1229 1581 ¹

255 1667 341 1733 Erat
360 1676 397 1734 et
425 1662 531 1746 Nice,
562 1658 650 1734 facie
678 1662 823 1749 eximia,
853 1675 895 1731 ut
918 1661 1149 1758 praedicatur,
1178 1687 1271 1733 uxor

209 1770 414 1844 Cleomenis
437 1772 659 1869 Syracusani.
678 1777 779 1842 Hanc
795 1771 1008 1843 Cleomenes
1024 1773 1079 1840 vir
1098 1769 1241 1843 amabat
1261 1799 1270 1844 ε

209 1988 385 2079 audebat;
407 2006 443 2064 et
459 1992 566 2063 simul
586 1991 632 2063 ab
649 1992 719 2063 isto
736 1990 861 2080 donis,
881 1990 1137 2087 beneficiisque
1159 1991 1272 2088 pluri·

210 2102 279 2171 mis
302 2100 579 2174 devinciebatur.
601 2100 669 2172 Illo
689 2116 810 2172 autem
835 2116 997 2197 tempore
1018 2102 1105 2184 iste,
1133 2102 1275 2172 tametsi

211 2234 253 2281 ea
269 2224 324 2282 est
340 2210 499 2283 hominis
511 2209 755 2309 impudentia,
773 2230 884 2306 quam
900 2208 1031 2294 nostis,
1048 2207 1124 2305 ipse
1137 2221 1277 2297 tamen,

209 2342 325 2417 quum
338 2321 393 2390 vir
405 2335 499 2392 esset
513 2322 715 2416 Syracusis,
733 2340 883 2389 uxorem
900 2316 978 2411 ejus
992 2339 1120 2413 parum
1133 2331 1276 2413 poterat

211 2430 333 2500 animo
350 2430 470 2501 soluto
486 2453 528 2501 ac
545 2428 661 2500 libero
677 2442 732 2500 tot
749 2430 787 2498 iu
801 2441 879 2497 acta
892 2426 970 2498 dies
987 2448 1110 2496 secum
1127 2425 1272 2499 habere.

211 2539 338 2634 Itaque
372 2539 551 2635 excogitat
580 2561 657 2608 rem
697 2535 912 2635 singularem
939 2562 947 2605 :
971 2558 1102 2623 naves,
1138 2534 1273 2633 quibus

214 2645 390 2742 legatus¹⁰
411 2644 618 2744 praefuerat,
644 2646 830 2719 Cleomeni
854 2645 985 2733 tradit3
1018 2644 1118 2715 classi
1148 2648 1277 2744 populi

216 2758 355 2826 romani
375 2757 606 2829 Cleomenem
622 2760 882 2855 Syracusanum
918 2777 1067 2851 praeesse
1083 2752 1203 2848 jubet,
1222 2771 1277 2828 at-

217 2887 288 2958 que
309 2866 535 2961 imperare¹¹.
552 2873 629 2938 Hoc
652 2891 696 2938 eo
718 2863 822 2955 lacit,
845 2877 888 2935 ut
910 2862 969 2932 ille
985 2886 1061 2931 non
1078 2862 1197 2932 solum
1212 2863 1278 2935 ab.

218 2987 311 3043 esset
328 2997 349 3044 a
366 2973 476 3045 domo
489 2990 587 3064 tum,
606 3000 722 3074 quum
733 2976 936 3070 navigaret,
953 2969 1016 3042 sed
1036 2970 1143 3041 etiam
1162 2970 1278 3045 liben-

219 3096 273 3151 ter
294 3106 377 3153 cum
397 3107 526 3180 magno
555 3085 695 3157 honore
724 3080 976 3178 beneficioque
1006 3079 1170 3168 abesset3
1201 3083 1278 3181 ipse

219 3205 356 3279 autem,
389 3207 530 3263 remoto
557 3206 665 3290 atque
694 3190 858 3288 ablegato
887 3191 986 3278 viro,
1007 3213 1082 3260 non
1110 3189 1278 3281 liberius,

221 3366 304 3404 veetue
315 3367 378 3418 eret,
392 3366 420 3404 ut
433 3356 583 3421 provinciam
593 3353 727 3404 modim
769 3359 869 3411 Sobria.
882 3360 973 3422 edidit,
988 3362 1052 3410 Erat
1063 3360 1142 3427 Piopa
1155 3364 1277 3428 quadam.

219 3446 247 3484 et
258 3435 404 3483 defenderet.
770 3442 837 3491 m.
853 3443 880 3489 L.

258 3531 283 3574 7.
305 3513 411 3562 Tametsi
427 3513 633 3562 reete.Correetio
650 3527 728 3560 eruere
811 3521 973 3585 retegatur.
995 3518 1024 3566 P.
1042 3517 1143 3567 Tadius.
1172 3518 1278 3569 Ibidem.

220 3594 248 3641 iu
258 3596 359 3641 Verrem
369 3604 393 3641 et
407 3593 459 3654 eine
467 3590 594 3643 fllium-
602 3592 730 3640 Neminem
774 3595 850 3646 Clueei
859 3612 919 3661 pop.
931 3612 993 3643 rom.
1008 3597 1049 3644 eui
1060 3596 1099 3643 vel
1112 3608 1204 3659 praetor
1214 3597 1280 3661 ipse,

215 3669 306 3737 fnisse.
320 3674 368 3720 Eos
377 3672 729 3735 enimeppellereviroe,quum
774 3674 814 3724 vel
828 3675 932 3739 legatus,
946 3675 986 3723 rel
999 3687 1118 3738 quaestor,
1130 3685 1160 3722 ut
1172 3690 1229 3724 mox
1242 3677 1281 3724 di·

222 3751 277 3798 riro
290 3750 351 3798 nibil
364 3749 464 3813 ὤμω
476 3760 561 3814 egent,
572 3750 672 3799 minime
690 3749 731 3797 de·
762 3762 854 3814 ‘eetur,
867 3770 919 3802 non
927 3753 1018 3801 siculus
1031 3751 1105 3799 homo
1113 3787 1120 3813 ,
1129 3769 1231 3816 preesse
1240 3756 1283 3805 de·

223 3837 270 3876 oet.
652 3818 655 3823 ¹
773 3832 859 3892 beben
872 3848 924 3880 non
936 3831 1227 3895 deniquesmcuonum
1243 3852 1284 3885 eu·

260 3907 284 3953 8.
297 3910 391 3954 Praeter
401 3922 485 3955 renem.
494 3909 555 3968 Qure
568 3921 619 3954 uon
627 3916 678 3954 eret
689 3922 731 3954 uo·
771 3912 812 3972 jue
821 3909 906 3958 civitae
916 3909 995 3958 hostie
1007 3909 1054 3957 fuit
1065 3922 1182 3975 perpetue
1196 3917 1282 3981 populi

223 3984 291 4044 bilis,
302 3986 382 4034 Tertia
394 3985 567 4050 appellabatur.
579 3986 640 4050 Cep.
656 4000 695 4034 ra.
773 3989 876 4041 romani.
890 3984 951 4052 cap.
960 4004 1012 4053 seq.

260 4081 286 4126 9.
302 4064 376 4129 Pippa
390 4066 521 4128 qucedam,
532 4082 597 4113 uxor
607 4065 733 4114 AEtclerr'e·
814 4085 855 4117 11.
866 4071 1000 4134 Imperare.
1010 4067 1049 4115 Sic
1061 4069 1123 4118 MSS
1133 4088 1180 4136 pro
1189 4074 1285 4139 vulgata

226 4140 279 4203 ais,
297 4154 344 4191 ete.
356 4143 463 4193 Subeud.
476 4143 636 4193 adhibebatur
651 4146 732 4193 etium·
777 4147 881 4197 lectione
898 4148 1010 4212 imperat.
1026 4149 1050 4198 J.
1059 4148 1089 4195 V.
1100 4151 1128 4196 L.
