3142 4774
622 435 886 505 svuorsrs.
1255 461 1279 531 9

258 551 452 612 observarent.
472 552 624 611 Redimere
638 567 734 613 autem
754 557 927 634 plerumque
949 555 1078 615 solebant
1096 557 1208 633 equites
1225 577 1278 615 ro-

260 649 347 720 mani,
359 648 427 706 alias
435 646 594 726 publicani,
603 649 628 707 si
637 649 928 723 decumas'emissent,
936 649 1084 710 decumani
1091 652 1239 732 appellati,
1248 653 1278 710 6.

257 748 374 817 Verres,
388 757 450 803 tota
461 745 635 804 venditionis
648 748 758 805 ratione
773 749 835 805 sine
846 747 1019 805 auctoritate
1033 763 1143 807 senams
1152 761 1275 820 munta,

258 841 383 920 primum
397 854 491 900 certos
507 843 631 901 instituit
645 844 762 902 nomine
777 844 970 913 decumanos,
995 863 1028 901 re
1043 863 1112 901 vera
1130 845 1276 903 ministros

258 956 293 994 ac
305 938 441 996 satellites
454 938 644 1016 cupiditatum
659 959 790 1012 suarum,
816 958 941 1017 qnorum
960 939 991 997 in
1005 949 1130 997 numero
1142 941 1276 1019 princeps

257 1032 312 1091 luit
324 1033 471 1112 Apronius
482 1033 571 1093 homo
589 1035 755 1095 teterrimus
772 1057 778 1092 :
792 1036 850 1094 hoc
860 1034 936 1093 enim
950 1033 1073 1092 maxime
1089 1039 1196 1093 Verres
1209 1055 1278 1094 usus

255 1140 300 1186 est
313 1129 349 1187 ad
361 1129 490 1188 fortunas
501 1141 648 1189 aratorum
661 1131 806 1190 vexandas
820 1151 852 1189 ac
868 1129 1059 1208 diripiendas,
1076 1149 1139 1207 7·9.
1150 1131 1277 1190 Ρτίηιιιιη

255 1228 361 1282 Verres
377 1224 502 1284 edietum
518 1225 617 1285 dedit:
633 1240 774 1305 qnantum
789 1227 965 1285 decumanus
985 1225 1122 1284 edidisset
1133 1239 1277 1285 aratorem

255 1319 310 1380 sibi
331 1322 460 1381 decumae
474 1323 544 1382 dare
558 1338 711 1403 oportere,
736 1340 768 1384 ut
784 1339 896 1384 tantum
914 1338 1014 1384 arator
1026 1324 1188 1383 decumano
1207 1323 1277 1382 dare

255 1514 390 1574 avaritiae.
402 1516 565 1575 Addiderat
576 1517 693 1594 quidem
702 1518 734 1575 in
747 1517 856 1587 edicto,
871 1538 901 1577 se
914 1519 943 1575 in
956 1515 1193 1589 decumanum,si
1209 1516 1276 1594 plus
1331 1528 1334 1539 '

255 1611 414 1683 sustulerit,
427 1631 514 1688 qnam
536 1611 667 1671 debitum
678 1613 730 1685 sit,
752 1615 782 1671 in
800 1615 950 1692 octuplum
965 1611 1106 1690 judicium
1119 1611 1274 1682 daturum

255 1709 307 1766 sed
327 1710 352 1767 si
368 1730 420 1768 usu
441 1712 585 1779 venisset,
603 1725 637 1769 ut
651 1725 748 1771 arator
767 1726 898 1792 posceret
911 1712 1021 1790 octupli
1037 1712 1168 1770 damnari
1178 1717 1276 1789 Apro-.

254 1805 354 1877 nium,
372 1820 589 1885 recuperatores
602 1813 707 1868 Verres
727 1808 832 1883 dabat,
858 1810 894 1868 de
913 1810 1033 1869 cohorte
1054 1829 1122 1881 sus,
1148 1828 1273 1887 quorum

249 1900 361 1978 judicio
373 1917 501 1965 aratores
512 1905 598 1963 etiam
610 1905 806 1983 injustissima
818 1927 904 1966 causa
917 1907 1068 1965 inferiores
1078 1905 1274 1977 discedebant,

255 2000 359 2056 10-13.
373 1999 511 2061 Edixerat
522 2002 607 2059 etiam
617 2022 653 2059 ne
667 2002 731 2076 quis
747 2004 923 2061 frumentum
937 2003 974 2062 de
990 2022 1057 2061 area
1071 2002 1187 2061 tolleret
1196 2016 1274 2074 ante,

252 2112 339 2170 quam
355 2113 420 2152 cum
437 2094 597 2154 decumano
612 2110 715 2174 pactus
727 2111 817 2165 esset,
834 2111 879 2165 ιι..
895 2098 1007 2156 Deinde
1019 2111 1051 2156 ut
1069 2112 1168 2156 mator
1183 2097 1272 2155 decu·

252 2208 345 2262 mano,
358 2208 418 2266 quo
433 2191 517 2249 vellet
527 2190 719 2265 decumanus,
737 2192 932 2252 vadimonium
945 2193 1137 2271 promitteret,
1147 2193 1199 2250 etsi
1211 2205 1273 2249 erat

250 2285 281 2341 in
294 2284 409 2361 juribus
419 2286 585 2346 Siculorum
599 2305 635 2345 ne
649 2300 730 2345 entra
745 2307 829 2345 suum
843 2288 937 2345 sorum
950 2287 1146 2346 vadimonium
1157 2287 1273 2365 promit-

251 2394 311 2438 tere
328 2395 510 2460 cogerentur,
532 2383 576 2441 ιδ.
593 2389 660 2442 Haec
673 2384 768 2443 omnia
778 2389 898 2442 Verrem
914 2384 1071 2463 turpissimi
1088 2398 1214 2464 quastus
1227 2386 1272 2442 sui

249 2496 335 2535 causa
348 2479 506 2537 instituisse
521 2481 716 2552 confirmatur,
734 2482 779 2538 16.
794 2486 829 2541 In
844 2501 903 2558 quo
917 2481 1079 2541 ostenditur
1094 2500 1196 2540 vanam
1211 2501 1272 2540 esse

249 2572 311 2649 ejus
322 2573 538 2651 gloriationem,
554 2595 584 2633 se
594 2596 699 2655 magno
713 2577 848 2637 decumas
863 2578 1043 2651 vendidisse,
1055 2593 1084 2637 et
1095 2578 1149 2635 hac
1161 2579 1272 2635 ratione

249 2666 322 2727 bene
337 2672 471 2730 meritum
486 2691 546 2730 esse
558 2672 595 2730 de
606 2676 707 2731 aemrio
723 2675 826 2752 populi
839 2676 950 2733 romani
960 2696 969 2745 ;
980 2675 1160 2754 provinciam
1175 2687 1269 2731 autem

247 2766 289 2824 sic
304 2766 390 2825 luisse
398 2768 460 2844 ejus
468 2769 605 2828 institutis
616 2770 796 2843 exhaustam,
809 2784 842 2829 ut
855 2790 1004 2830 successor
1015 2771 1148 2829 Metellus
1162 2783 1273 2848 peteret

249 2862 392 2936 aSiculis,
404 2878 436 2922 ut
446 2879 584 2940 sererent,
595 2881 625 2926 et
636 2882 767 2940 ararent,
779 2888 874 2946 neque
885 2880 979 2925 tamen
992 2867 1141 2946 antiquum
1152 2869 1269 2926 sationis

249 2957 366 3019 modum
381 2963 493 3040 assequi
504 2977 615 3040 posset,
629 2965 682 3022 etsi
692 2965 755 3042 lege
768 2965 923 3022 Hieronica
936 2984 966 3023 se
980 2964 1129 3036 decumas,
1141 2978 1173 3022 ut
1187 2978 1271 3022 antea

249 3054 447 3126 venditurum,
458 3059 635 3119 ostendisset.
646 3062 765 3120 Nullum
776 3061 866 3137 igitur
875 3061 986 3140 populo
996 3080 1116 3121 romano
1128 3062 1239 3119 lucrum
1253 3082 1270 3118 e

247 3150 347 3207 Verris
366 3152 522 3212 rationibus
538 3157 701 3224 accessisse,
721 3157 875 3216 maximnm
898 3177 968 3215 vero
984 3160 1079 3236 ipsum
1098 3156 1268 3235 edepreda-

247 3244 325 3303 tione
336 3259 483 3305 aratorum
494 3262 635 3325 quaestum
649 3252 760 3323 fecisse,
773 3273 873 3326 17-20.
887 3259 951 3312 Jam
965 3267 1125 3332 sequuntur
1137 3254 1269 3331 exempla

250 3342 421 3419 injuriarum
433 3345 463 3403 in
476 3346 590 3404 ratione
600 3348 795 3421 frumentaria,
806 3357 827 3407 1.
839 3351 975 3409 Privatim
987 3351 1106 3428 singulis
1115 3350 1269 3422 factarum,

246 3437 297 3497 ubi
312 3454 447 3500 narratur
459 3443 530 3520 quid
545 3445 575 3502 in
588 3444 790 3524 Nymphonem
801 3449 1036 3525 Cennaripinum,
1052 3467 1098 3504 ar.
1114 3451 1146 3506 ln
1164 3452 1266 3508 Xeno-

200 3528 206 3537 ’
245 3555 311 3593 nem
327 3541 499 3612 Menenum,
528 3556 573 3597 aa.
598 3545 632 3599 ln
654 3542 872 3603 Polemarchum
888 3545 1103 3621 Murgentinum
1119 3547 1266 3622 aliosque,

243 3634 434 3706 commiserit,
447 3637 493 3693 23.
508 3640 609 3714 Nulue
619 3657 691 3697 vero
704 3640 808 3698 Siculis
821 3641 903 3713 solis,
924 3640 973 3699 sod
986 3642 1072 3698 etiam
1084 3639 1196 3698 civibus
1214 3660 1264 3697 ro-

244 3731 334 3787 manis
344 3743 373 3787 et
387 3731 533 3809 equitibus
545 3733 681 3794 infestum
697 3737 796 3805 luisse,
812 3738 891 3814 quod
906 3739 1086 3815 potissimum
1099 3738 1264 3795 narratione

243 3822 281 3880 de
291 3828 322 3882 C.
336 3826 471 3884 Matrinio
484 3841 514 3887 et
525 3833 561 3901 Q.
577 3830 672 3888 Lollio
691 3833 887 3901 confirmatur,
902 3852 977 3909 quos
987 3831 1101 3908 injuriis
1115 3844 1145 3888 et
1157 3845 1264 3891 eontu-

242 3920 335 3980 meliis
341 3923 442 3999 coegit,
450 3936 482 3982 nt
493 3925 530 3982 ad
539 3927 662 4002 Apronii
675 3928 751 4004 leges
761 3928 998 4004 conditionesque
1006 3927 1149 3996 venirent,
1159 3936 1206 4001 at,
1215 3932 1261 3988 25.

241 4018 294 4076 His
306 4017 433 4080 breviter
442 4024 580 4100 repetitis,
598 4028 651 4096 263
665 4040 834 4102 sequentum,
846 4031 884 4099 ll,
895 4025 1017 4103 pnhlicae
1026 4026 1138 4105 injuriae
1150 4028 1179 4086 in
1194 4029 1264 4086 civi-

241 4127 312 4181 tates
332 4120 498 4179 commissae.
515 4120 561 4180 Ab
577 4124 803 4199 Agyrinensibus
819 4127 865 4196 vi,
886 4125 987 4198 minis,
1012 4127 1132 4205 imperio
1155 4128 1262 4204 eripuit
