3142 4774
399 440 453 510 IN
478 438 692 507 VERREM
718 440 823 507 ACT.
849 436 901 523 ll,
927 434 1016 508 LIB.
1043 442 1114 509 111.
1238 443 1279 514 31

229 568 387 631 orntor1¹
423 559 660 653 decumanum
693 560 950 655 persequetur?
977 563 1147 632 Miserum
1175 578 1285 661 atque

232 674 413 767 iniquum,
427 694 471 739 ex
482 691 568 765 agro
581 667 746 737 homines
760 664 897 737 traduci
908 668 946 737 in
960 667 1096 757 forum,
1109 669 1155 740 ab
1168 687 1286 742 aratro

231 780 275 849 ad
298 777 479 864 subsellia,
506 777 552 873 al)
575 798 643 847 usu
666 798 787 847 rerum
810 777 1023 847 rusticarum
1042 778 1086 849 od
1106 780 1286 851 insolitam

232 890 329 960 litem
347 902 456 984 atque
472 885 656 981 judicium.

279 1001 343 1073 ΧΙ,
357 1000 481 1087 Quum
496 993 665 1065 omnibus
682 996 719 1064 in
738 993 814 1064 aliis
831 993 1079 1092 vectigalibus,
1096 1000 1197 1083 este,
1214 1003 1287 1069 Ma·

230 1104 408 1194 cedoniae,
425 1106 622 1203 Hispaniae,
648 1103 790 1191 Gallie,
812 1102 955 1189 Africae,
972 1105 1158 1195 Sardiniae,
1175 1109 1287 1205 ipsius

230 1216 356 1301 Italice,
379 1225 474 1310 qua¹
502 1214 686 1309 vectigalia
703 1227 806 1299 sunt3
827 1236 939 1309 quum
964 1216 1001 1283 in
1025 1215 1098 1302 his,
1118 1217 1286 1313 inquom,

230 1322 338 1394 rebus
350 1322 519 1417 omnibus
533 1322 746 1420 publicanus
760 1325 914 1419 petitor²
929 1348 970 1393 ae
984 1324 1200 1421 pignerntor,
1213 1351 1290 1397 non
1304 1342 1310 1361 ‘

223 1448 376 1531 ¹ereptor
394 1458 515 1529 neque
538 1454 720 1529 possessor
745 1432 856 1502 soleat
879 1454 982 1502 esse:
1009 1448 1049 1503 tu
1068 1434 1112 1505 de
1128 1438 1287 1532 optimo,

230 1540 275 1613 de
286 1545 501 1638 justissimo,
520 1541 565 1611 de
581 1542 832 1611 honestissimo
846 1560 977 1635 genere
990 1539 1196 1630 hominum,
1216 1543 1288 1615 hoo

230 1665 300 1735 est,
315 1652 360 1721 de
374 1649 591 1736 aratoribuS,
605 1675 646 1721 ee
657 1649 741 1743 jure
750 1647 1010 1737 constituebas,
1025 1642 1288 1747 que'omntbus

230 1762 306 1831 aliis
320 1775 439 1833 essent
453 1762 640 1832 contraria.
658 1764 787 1830 Utrum
807 1772 860 1828 est
876 1762 1033 1854 aequius‚
1049 1759 1288 1834 decumanum

231 1886 371 1966 petere,
393 1896 440 1941 an
460 1884 633 1940 aratorem
656 1869 843 1966 repetere?
858 1866 1033 1962 judicium
1051 1868 1209 1967 integre³
1229 1894 1286 1958 re,

230 2005 276 2050 au
294 1980 432 2077 perdite
443 2034 452 2067 ‚
465 1978 569 2050 fieri?
585 2003 688 2067 eum,
708 1980 770 2075 qui
786 2001 897 2047 manu
913 1980 1111 2074 quaesierit,
1128 2002 1289 2068 aueum,

230 2093 294 2187 qui
308 2088 420 2188 digito
437 2090 553 2159 licitus
566 2089 611 2158 sit
621 2090 648 2175 l,
662 2085 864 2184 possidere?
881 2085 997 2174 Quid?
1011 2091 1074 2181 qui
1091 2088 1127 2155 in
1141 2087 1289 2181 singulis

227 2197 345 2296 jugis⁵
363 2213 484 2285 arant,
502 2202 566 2295 qui
588 2197 634 2267 ab
653 2220 762 2294 opere
778 2197 846 2292 ipsi
865 2220 939 2265 non
956 2193 1147 2280 recedunt,
1163 2199 1289 2291 quoin

231 2332 383 2377 numero
401 2329 552 2402 magnus
576 2320 659 2375 ante
684 2319 719 2374 te
744 2318 935 2401 praetorem
953 2324 1290 2402 nttmeruS‚1nagne

231 2413 425 2485 multitudo
444 2415 646 2484 Siculorum
664 2411 755 2483 suit:
778 2411 866 2507 quid
887 2409 1040 2482 facient?
1056 2437 1169 2509 quum
1185 2413 1290 2487 dede·

231 2527 304 2595 rint
320 2525 497 2622 Apronio,
514 2521 612 2620 quod
626 2526 848 2620 poposcerit,
868 2522 1072 2618 relinquent
1090 2525 1291 2595 arationes?

230 2634 436 2730 relinquent
466 2631 830 2703 Larem'familinrem
857 2630 989 2701 suum?
1015 2637 1160 2702 venient
1187 2639 1288 2729 Syra·

231 2768 353 2830 cusas,
378 2759 438 2829 ut,
464 2757 500 2813 te
529 2757 682 2840 praetore
706 2740 892 2823 videlicet,
919 2763 1023 2834 aequo
1045 2738 1151 2832 jure6
1173 2748 1287 2839 Apro·

232 2855 353 2939 nium,
369 2851 512 2923 delicias
530 2876 572 2922 ac
586 2853 695 2921 vita'm
711 2866 830 2935 tuam,
845 2847 1004 2942 judicio⁷
1021 2854 1287 2946 recuperatorio

233 2963 515 3057 persequantur?
535 2967 671 3032 Verum
694 2976 794 3033 esto:
816 2959 1014 3056 reperietur
1036 2958 1164 3056 aliquis
1185 2960 1287 3033 sortis

269 3214 278 3243 t
287 3212 309 3244 1.
330 3199 361 3244 tt
373 3207 468 3244 arator.
487 3197 643 3260 subintellige
653 3211 660 3243 :
680 3213 737 3262 erge
781 3212 832 3244 non
841 3196 912 3260 eripit
921 3196 1023 3253 aratori,
1034 3211 1112 3259 neque
1120 3197 1147 3244 in
1157 3197 1223 3247 illine
1232 3216 1289 3265 poe-

228 3275 357 3339 oportebr't.
373 3277 435 3337 Qne
457 3274 589 3339 plurimun
604 3275 695 3338 ellipsis
711 3276 737 3323 in
780 3278 911 3325 renonem
922 3276 1003 3324 irruit.

230 3353 397 3417 indignatione
411 3353 481 3402 velet.
817 3357 841 3402 3.
855 3358 963 3420 Integra.
978 3355 1095 3403 Nondum
1109 3368 1190 3422 erepte
1207 3376 1221 3408 e
1240 3378 1288 3425 pu·

265 3434 601 3497 11.1.Qua.1txqenpme.
611 3429 739 3493 sequium
781 3433 887 3483 bdeeno.

230 3512 421 3561 emendetionem
434 3511 580 3575 Hot.Vulg.
593 3526 658 3574 quer.
671 3512 737 3558 Men.
817 3523 841 3571 4.
864 3510 948 3577 Dr'gito
967 3512 1046 3561 licitus
1065 3514 1105 3563 αἰ.
1126 3518 1157 3563 In
1176 3517 1288 3565 nnotione

229 3591 355 3640 defendit:
374 3606 461 3655 nempe
480 3606 535 3653 qun
555 3589 658 3653 vertige}
676 3605 735 3654 pen·
778 3593 822 3655 qni
841 3591 1005 3649 lieitebantur‚
1026 3608 1069 3640 een
1089 3590 1194 3658 pretinm
1213 3610 1286 3657 enge·

230 3672 301 3720 dent.
314 3672 371 3719 Tria
391 3670 444 3719 hee
459 3670 531 3718 verba
548 3672 641 3718 Emere
663 3670 735 3718 enei·
778 3670 849 3723 tunt.
867 3669 971 3733 digitum
995 3671 1081 3719 tollere
1106 3672 1226 3719 solebam.
1246 3675 1285 3720 Ex

229 3750 340 3811 int-luein
352 3747 409 3798 seh.
418 3749 516 3797 delevit.
525 3750 549 3796 J.
555 3750 586 3796 V.
596 3750 623 3795 L.
778 3746 881 3796 coneilio
894 3758 977 3796 orator
988 3748 1062 3797 redte
1076 3763 1151 3795 mauu
1167 3759 1192 3797 et
1209 3749 1286 3815 digito

266 3842 293 3877 e.
311 3827 412 3876 Patitor.
426 3830 456 3875 ln
468 3827 507 3876 hie
518 3826 676 3890 veotigelibne
688 3841 735 3889 pn·
777 3826 843 3874 inter
854 3839 880 3872 ee
892 3828 997 3879 confert.

230 3906 338 3955 blioenne
348 3905 410 3954 colet
421 3915 503 3970 petere
510 3904 541 3952 eb
548 3914 654 3962 eretore3
663 3904 735 3967 quini
815 3904 841 3953 5.
859 3901 965 3966 Singulis
981 3903 1057 3969 jugis.
1078 3905 1136 3953 Non
1156 3905 1182 3953 in
1205 3909 1286 3973 amplo

229 3985 376 4044 nomivit,
384 3984 449 4032 idem
458 3983 617 4049 publianus,
625 3984 737 4047 pretorio
778 3982 874 4039 fondo,
891 3982 936 4029 red
944 3983 972 4028 in
984 3997 1035 4029 nno
1050 3993 1143 4033 tentum
1152 3986 1244 4048 jngere.

230 4064 387 4121 auctoritate,
398 4064 486 4129 pigent
498 4062 529 4110 ab
544 4078 588 4120 eo,
610 4073 639 4111 et
655 4076 693 4110 ree
705 4063 736 4107 tlt
815 4064 841 4110 6.
853 4059 1024 4110 Ernestmlit
1031 4062 1087 4129 jure
1095 4063 1251 4113 dmm.
1260 4067 1287 4113 L.

231 4144 398 4203 tetrasticam,
412 4143 509 4206 recipit.
527 4140 575 4189 sed
590 4154 640 4189 rern
658 4142 735 4205 ipeem
816 4159 840 4200 7.
851 4140 948 4188 Iudicio
961 4142 1149 4204 recuperatorio.
1162 4142 1201 4190 ste
1212 4143 1291 4206 appel-
