<?xml version="1.0" encoding="UTF-8"?>
<!DOCTYPE html PUBLIC "-//W3C//DTD XHTML 1.0 Transitional//EN"
    "http://www.w3.org/TR/xhtml1/DTD/xhtml1-transitional.dtd">
<html xmlns="http://www.w3.org/1999/xhtml" xml:lang="en" lang="en">
 <head>
  <title>
</title>
<meta http-equiv="Content-Type" content="text/html;charset=utf-8" />
  <meta name='ocr-system' content='tesseract 3.04.00' />
  <meta name='ocr-capabilities' content='ocr_page ocr_carea ocr_par ocr_line ocrx_word'/>
</head>
<body>
  <div class='ocr_page' id='page_1' title='image "./mtciceronisquae00bouigoog/mtciceronisquae00bouigoog_0632.png"; bbox 0 0 3016 4774; ppageno 0'>
   <div class='ocr_carea' id='block_1_1' title="bbox 54 432 1223 3705">
    <p class='ocr_par' dir='ltr' id='par_1_1' title="bbox 54 432 1189 1779">
     <span class='ocr_line' id='line_1_1' title="bbox 473 432 1184 535; baseline 0.01 -33"><span class='ocrx_word' id='word_1_1' title='bbox 473 432 741 504; x_wconf 88' lang='lat' dir='ltr'>EXCURSUS</span> <span class='ocrx_word' id='word_1_2' title='bbox 767 438 836 504; x_wconf 87' lang='lat' dir='ltr'>XI.</span> <span class='ocrx_word' id='word_1_3' title='bbox 1115 434 1184 535; x_wconf 78' lang='lat'>577</span> 
     </span>
     <span class='ocr_line' id='line_1_2' title="bbox 123 553 1185 649; baseline 0.007 -31"><span class='ocrx_word' id='word_1_4' title='bbox 123 554 223 619; x_wconf 91' lang='lat' dir='ltr'>literis</span> <span class='ocrx_word' id='word_1_5' title='bbox 240 553 362 621; x_wconf 81' lang='lat' dir='ltr'><strong>ultimis</strong></span> <span class='ocrx_word' id='word_1_6' title='bbox 379 555 423 618; x_wconf 95' lang='lat' dir='ltr'>ob</span> <span class='ocrx_word' id='word_1_7' title='bbox 440 553 700 638; x_wconf 88' lang='lat' dir='ltr'>similitudinem,</span> <span class='ocrx_word' id='word_1_8' title='bbox 716 573 756 621; x_wconf 89' lang='lat' dir='ltr'>ut</span> <span class='ocrx_word' id='word_1_9' title='bbox 771 579 855 645; x_wconf 87' lang='lat' dir='ltr'>saepe</span> <span class='ocrx_word' id='word_1_10' title='bbox 871 555 925 621; x_wconf 87' lang='lat' dir='ltr'>fit:</span> <span class='ocrx_word' id='word_1_11' title='bbox 943 558 1019 646; x_wconf 85' lang='lat' dir='ltr'>quia</span> <span class='ocrx_word' id='word_1_12' title='bbox 1034 571 1081 641; x_wconf 85' lang='lat' dir='ltr'>ut,</span> <span class='ocrx_word' id='word_1_13' title='bbox 1093 560 1185 649; x_wconf 93' lang='lat' dir='ltr'>quod</span> 
     </span>
     <span class='ocr_line' id='line_1_3' title="bbox 123 657 1185 748; baseline 0.008 -26"><span class='ocrx_word' id='word_1_14' title='bbox 123 660 202 723; x_wconf 91' lang='lat' dir='ltr'>huie</span> <span class='ocrx_word' id='word_1_15' title='bbox 224 660 324 724; x_wconf 82' lang='lat' dir='ltr'>verbo</span> <span class='ocrx_word' id='word_1_16' title='bbox 352 657 515 742; x_wconf 85' lang='lat' dir='ltr'>redditur,</span> <span class='ocrx_word' id='word_1_17' title='bbox 541 661 686 748; x_wconf 90' lang='lat' dir='ltr'>positum</span> <span class='ocrx_word' id='word_1_18' title='bbox 714 661 849 725; x_wconf 79' lang='lat' dir='ltr'>inferius</span> <span class='ocrx_word' id='word_1_19' title='bbox 877 677 925 725; x_wconf 91' lang='lat' dir='ltr'>est</span> <span class='ocrx_word' id='word_1_20' title='bbox 953 678 1029 727; x_wconf 83' lang='lat' dir='ltr'>ante</span> <span class='ocrx_word' id='word_1_21' title='bbox 1064 686 1185 730; x_wconf 89' lang='lat' dir='ltr'>nomen</span> 
     </span>
     <span class='ocr_line' id='line_1_4' title="bbox 122 763 1185 856; baseline 0.007 -29"><span class='ocrx_word' id='word_1_22' title='bbox 122 788 239 844; x_wconf 71' lang='lat' dir='ltr'>servos,</span> <span class='ocrx_word' id='word_1_23' title='bbox 257 780 313 828; x_wconf 88' lang='lat' dir='ltr'>aut</span> <span class='ocrx_word' id='word_1_24' title='bbox 331 779 416 828; x_wconf 86' lang='lat' dir='ltr'>certe</span> <span class='ocrx_word' id='word_1_25' title='bbox 432 763 556 828; x_wconf 85' lang='lat' dir='ltr'>dictum</span> <span class='ocrx_word' id='word_1_26' title='bbox 573 765 670 830; x_wconf 85' lang='lat' dir='ltr'>fuerit</span> <span class='ocrx_word' id='word_1_27' title='bbox 686 766 799 830; x_wconf 89' lang='lat' dir='ltr'>eadem</span> <span class='ocrx_word' id='word_1_28' title='bbox 815 767 937 849; x_wconf 83' lang='lat' dir='ltr'>forma,</span> <span class='ocrx_word' id='word_1_29' title='bbox 959 790 1058 856; x_wconf 88' lang='lat' dir='ltr'>quam</span> <span class='ocrx_word' id='word_1_30' title='bbox 1077 771 1185 834; x_wconf 89' lang='lat' dir='ltr'>notavi</span> 
     </span>
     <span class='ocr_line' id='line_1_5' title="bbox 93 870 1186 962; baseline 0.007 -30"><span class='ocrx_word' id='word_1_31' title='bbox 93 951 99 960; x_wconf 31' lang='lat'><strong>·</strong></span> <span class='ocrx_word' id='word_1_32' title='bbox 123 870 158 932; x_wconf 91' lang='lat' dir='ltr'>in</span> <span class='ocrx_word' id='word_1_33' title='bbox 173 871 308 934; x_wconf 90' lang='lat' dir='ltr'>Lucullo</span> <span class='ocrx_word' id='word_1_34' title='bbox 325 870 358 932; x_wconf 96' lang='lat' dir='ltr'>in</span> <span class='ocrx_word' id='word_1_35' title='bbox 375 871 425 934; x_wconf 90' lang='lat' dir='ltr'>his</span> <span class='ocrx_word' id='word_1_36' title='bbox 437 870 561 946; x_wconf 83' lang='lat' dir='ltr'>verbis,</span> <span class='ocrx_word' id='word_1_37' title='bbox 578 888 635 935; x_wconf 79' lang='lat' dir='ltr'>«ut</span> <span class='ocrx_word' id='word_1_38' title='bbox 647 872 885 961; x_wconf 80' lang='lat' dir='ltr'>Calliphontem</span> <span class='ocrx_word' id='word_1_39' title='bbox 899 895 1052 961; x_wconf 77' lang='lat' dir='ltr'>sequar»,</span> <span class='ocrx_word' id='word_1_40' title='bbox 1064 890 1097 938; x_wconf 92' lang='lat' dir='ltr'>et</span> <span class='ocrx_word' id='word_1_41' title='bbox 1115 898 1186 962; x_wconf 79' lang='lat' dir='ltr'>qum</span> 
     </span>
     <span class='ocr_line' id='line_1_6' title="bbox 122 975 1186 1068; baseline 0.005 -30"><span class='ocrx_word' id='word_1_42' title='bbox 122 993 315 1064; x_wconf 89' lang='lat' dir='ltr'>sequuntur.</span> <span class='ocrx_word' id='word_1_43' title='bbox 333 978 445 1039; x_wconf 78' lang='lat' dir='ltr'>Cetera</span> <span class='ocrx_word' id='word_1_44' title='bbox 458 975 513 1039; x_wconf 90' lang='lat' dir='ltr'>hic</span> <span class='ocrx_word' id='word_1_45' title='bbox 528 993 689 1041; x_wconf 85' lang='lat' dir='ltr'><strong>constant.</strong></span> <span class='ocrx_word' id='word_1_46' title='bbox 701 979 744 1041; x_wconf 85' lang='lat' dir='ltr'>Et</span> <span class='ocrx_word' id='word_1_47' title='bbox 754 979 863 1067; x_wconf 89' lang='lat' dir='ltr'>paullo</span> <span class='ocrx_word' id='word_1_48' title='bbox 879 994 970 1067; x_wconf 90' lang='lat' dir='ltr'>post,</span> <span class='ocrx_word' id='word_1_49' title='bbox 990 1001 1080 1042; x_wconf 80' lang='lat' dir='ltr'>«non</span> <span class='ocrx_word' id='word_1_50' title='bbox 1096 1004 1186 1068; x_wconf 84' lang='lat' dir='ltr'>quo·</span> 
     </span>
     <span class='ocr_line' id='line_1_7' title="bbox 122 1080 1187 1175; baseline 0.007 -31"><span class='ocrx_word' id='word_1_51' title='bbox 122 1098 209 1145; x_wconf 86' lang='lat' dir='ltr'>recte</span> <span class='ocrx_word' id='word_1_52' title='bbox 225 1080 353 1165; x_wconf 86' lang='lat' dir='ltr'>dicitur,</span> <span class='ocrx_word' id='word_1_53' title='bbox 378 1098 416 1145; x_wconf 89' lang='lat' dir='ltr'>ut</span> <span class='ocrx_word' id='word_1_54' title='bbox 438 1106 457 1146; x_wconf 97' lang='lat' dir='ltr'>a</span> <span class='ocrx_word' id='word_1_55' title='bbox 472 1083 625 1147; x_wconf 85' lang='lat' dir='ltr'>Terentio</span> <span class='ocrx_word' id='word_1_56' title='bbox 641 1084 675 1147; x_wconf 91' lang='lat' dir='ltr'>in</span> <span class='ocrx_word' id='word_1_57' title='bbox 693 1084 871 1148; x_wconf 86' lang='lat' dir='ltr'>Eunucho:</span> <span class='ocrx_word' id='word_1_58' title='bbox 890 1085 1007 1166; x_wconf 68' lang='lat' dir='ltr'>«Non,</span> <span class='ocrx_word' id='word_1_59' title='bbox 1023 1086 1096 1174; x_wconf 92' lang='lat' dir='ltr'>pol,</span> <span class='ocrx_word' id='word_1_60' title='bbox 1120 1110 1187 1175; x_wconf 91' lang='lat' dir='ltr'>quo</span> 
     </span>
     <span class='ocr_line' id='line_1_8' title="bbox 122 1188 1186 1281; baseline 0.005 -30"><span class='ocrx_word' id='word_1_61' title='bbox 122 1210 319 1276; x_wconf 86' lang='lat' dir='ltr'><strong>quemquam</strong></span> <span class='ocrx_word' id='word_1_62' title='bbox 337 1188 410 1278; x_wconf 90' lang='lat' dir='ltr'>plus</span> <span class='ocrx_word' id='word_1_63' title='bbox 425 1212 547 1271; x_wconf 89' lang='lat' dir='ltr'>amem,</span> <span class='ocrx_word' id='word_1_64' title='bbox 564 1205 650 1253; x_wconf 76' lang='lat' dir='ltr'>ete.»</span> <span class='ocrx_word' id='word_1_65' title='bbox 667 1190 708 1255; x_wconf 87' lang='lat' dir='ltr'>Et</span> <span class='ocrx_word' id='word_1_66' title='bbox 725 1190 770 1255; x_wconf 89' lang='lat' dir='ltr'>sic</span> <span class='ocrx_word' id='word_1_67' title='bbox 784 1213 868 1279; x_wconf 82' lang='lat' dir='ltr'>saepe</span> <span class='ocrx_word' id='word_1_68' title='bbox 884 1190 974 1272; x_wconf 86' lang='lat' dir='ltr'>alibi,</span> <span class='ocrx_word' id='word_1_69' title='bbox 996 1190 1053 1255; x_wconf 90' lang='lat' dir='ltr'>ubi</span> <span class='ocrx_word' id='word_1_70' title='bbox 1069 1193 1186 1281; x_wconf 78' lang='lat' dir='ltr'>corrigi</span> 
     </span>
     <span class='ocr_line' id='line_1_9' title="bbox 121 1290 1187 1385; baseline 0.006 -30"><span class='ocrx_word' id='word_1_71' title='bbox 121 1290 299 1381; x_wconf 80' lang='lat' dir='ltr'><strong>quidquam</strong></span> <span class='ocrx_word' id='word_1_72' title='bbox 311 1309 360 1358; x_wconf 83' lang='lat' dir='ltr'>est</span> <span class='ocrx_word' id='word_1_73' title='bbox 371 1293 472 1359; x_wconf 85' lang='lat' dir='ltr'>nefas.</span> <span class='ocrx_word' id='word_1_74' title='bbox 486 1293 602 1381; x_wconf 91' lang='lat' dir='ltr'>Neque</span> <span class='ocrx_word' id='word_1_75' title='bbox 614 1295 715 1383; x_wconf 83' lang='lat' dir='ltr'>magis</span> <span class='ocrx_word' id='word_1_76' title='bbox 732 1294 963 1383; x_wconf 88' lang='lat' dir='ltr'>corrigendum</span> <span class='ocrx_word' id='word_1_77' title='bbox 977 1295 1086 1385; x_wconf 89' lang='lat' dir='ltr'>paullo</span> <span class='ocrx_word' id='word_1_78' title='bbox 1098 1314 1187 1385; x_wconf 90' lang='lat' dir='ltr'>post,</span> 
     </span>
     <span class='ocr_line' id='line_1_10' title="bbox 54 1398 1188 1490; baseline 0.006 -30"><span class='ocrx_word' id='word_1_79' title='bbox 54 1436 59 1451; x_wconf 86' lang='lat'>.</span> <span class='ocrx_word' id='word_1_80' title='bbox 120 1420 181 1460; x_wconf 79' lang='lat' dir='ltr'>«an</span> <span class='ocrx_word' id='word_1_81' title='bbox 198 1414 275 1461; x_wconf 88' lang='lat' dir='ltr'>tuus</span> <span class='ocrx_word' id='word_1_82' title='bbox 292 1398 470 1462; x_wconf 64' lang='lat' dir='ltr'>colonum:</span> <span class='ocrx_word' id='word_1_83' title='bbox 495 1414 581 1462; x_wconf 87' lang='lat' dir='ltr'>recte</span> <span class='ocrx_word' id='word_1_84' title='bbox 599 1399 686 1462; x_wconf 89' lang='lat' dir='ltr'>enim</span> <span class='ocrx_word' id='word_1_85' title='bbox 702 1398 878 1486; x_wconf 78' lang='lat' dir='ltr'>respondet</span> <span class='ocrx_word' id='word_1_86' title='bbox 894 1400 938 1463; x_wconf 91' lang='lat' dir='ltr'>illi</span> <span class='ocrx_word' id='word_1_87' title='bbox 954 1413 1076 1481; x_wconf 81' lang='lat' dir='ltr'>utrum,</span> <span class='ocrx_word' id='word_1_88' title='bbox 1097 1403 1188 1490; x_wconf 92' lang='lat' dir='ltr'>quod</span> 
     </span>
     <span class='ocr_line' id='line_1_11' title="bbox 120 1501 1189 1594; baseline 0.007 -29"><span class='ocrx_word' id='word_1_89' title='bbox 120 1501 273 1589; x_wconf 85' lang='lat' dir='ltr'>praecedit</span> <span class='ocrx_word' id='word_1_90' title='bbox 295 1518 430 1567; x_wconf 74' lang='lat' dir='ltr'>«utrum</span> <span class='ocrx_word' id='word_1_91' title='bbox 461 1525 513 1566; x_wconf 92' lang='lat' dir='ltr'>me</span> <span class='ocrx_word' id='word_1_92' title='bbox 539 1517 616 1565; x_wconf 89' lang='lat' dir='ltr'>tuus</span> <span class='ocrx_word' id='word_1_93' title='bbox 647 1519 872 1589; x_wconf 83' lang='lat' dir='ltr'>procurator».</span> <span class='ocrx_word' id='word_1_94' title='bbox 895 1504 1011 1593; x_wconf 91' lang='lat' dir='ltr'>Neque</span> <span class='ocrx_word' id='word_1_95' title='bbox 1035 1523 1189 1594; x_wconf 70' lang='lat' dir='ltr'>praeterea</span> 
     </span>
     <span class='ocr_line' id='line_1_12' title="bbox 121 1604 1188 1696; baseline 0.007 -26"><span class='ocrx_word' id='word_1_96' title='bbox 121 1604 302 1694; x_wconf 88' lang='lat' dir='ltr'><strong>quidquam</strong></span> <span class='ocrx_word' id='word_1_97' title='bbox 337 1607 372 1671; x_wconf 92' lang='lat' dir='ltr'>in</span> <span class='ocrx_word' id='word_1_98' title='bbox 405 1608 466 1671; x_wconf 89' lang='lat' dir='ltr'>hac</span> <span class='ocrx_word' id='word_1_99' title='bbox 500 1622 568 1672; x_wconf 89' lang='lat' dir='ltr'>tota</span> <span class='ocrx_word' id='word_1_100' title='bbox 599 1607 716 1696; x_wconf 87' lang='lat' dir='ltr'>pagina</span> <span class='ocrx_word' id='word_1_101' title='bbox 749 1606 944 1673; x_wconf 89' lang='lat' dir='ltr'>mutandum</span> <span class='ocrx_word' id='word_1_102' title='bbox 979 1622 1049 1676; x_wconf 80' lang='lat' dir='ltr'>esse</span> <span class='ocrx_word' id='word_1_103' title='bbox 1081 1611 1188 1679; x_wconf 81' lang='lat' dir='ltr'>rideo.</span> 
     </span>
     <span class='ocr_line' id='line_1_13' title="bbox 120 1710 297 1779; baseline 0.028 -5"><span class='ocrx_word' id='word_1_104' title='bbox 120 1710 157 1774; x_wconf 88' lang='lat' dir='ltr'>P.</span> <span class='ocrx_word' id='word_1_105' title='bbox 175 1714 297 1779; x_wconf 73' lang='lat' dir='ltr'>Fusus.</span> 
     </span>
    </p>

    <p class='ocr_par' dir='ltr' id='par_1_2' title="bbox 120 1821 1187 2125">
     <span class='ocr_line' id='line_1_14' title="bbox 168 1821 1187 1909; baseline 0.003 -23"><span class='ocrx_word' id='word_1_106' title='bbox 168 1822 273 1909; x_wconf 84' lang='lat' dir='ltr'><strong>Quum</strong></span> <span class='ocrx_word' id='word_1_107' title='bbox 290 1822 350 1885; x_wconf 82' lang='lat' dir='ltr'>boc</span> <span class='ocrx_word' id='word_1_108' title='bbox 365 1821 425 1884; x_wconf 84' lang='lat' dir='ltr'>sibi</span> <span class='ocrx_word' id='word_1_109' title='bbox 433 1824 669 1909; x_wconf 71' lang='lat' dir='ltr'>proposuerim,</span> <span class='ocrx_word' id='word_1_110' title='bbox 688 1834 724 1885; x_wconf 83' lang='grc' dir='ltr'>ιιι</span> <span class='ocrx_word' id='word_1_111' title='bbox 737 1825 798 1886; x_wconf 80' lang='lat' dir='ltr'>sive</span> <span class='ocrx_word' id='word_1_112' title='bbox 812 1835 914 1904; x_wconf 82' lang='lat' dir='ltr'>ntetu,</span> <span class='ocrx_word' id='word_1_113' title='bbox 927 1837 988 1887; x_wconf 86' lang='lat' dir='ltr'>etc.</span> <span class='ocrx_word' id='word_1_114' title='bbox 998 1823 1081 1906; x_wconf 81' lang='lat' dir='ltr'>Quoe</span> <span class='ocrx_word' id='word_1_115' title='bbox 1096 1826 1187 1889; x_wconf 89' lang='lat' dir='ltr'>Lam·</span> 
     </span>
     <span class='ocr_line' id='line_1_15' title="bbox 120 1918 1186 2016; baseline -0.001 -21"><span class='ocrx_word' id='word_1_116' title='bbox 120 1932 218 1995; x_wconf 89' lang='lat' dir='ltr'>binus</span> <span class='ocrx_word' id='word_1_117' title='bbox 243 1929 297 1993; x_wconf 91' lang='lat' dir='ltr'>hic</span> <span class='ocrx_word' id='word_1_118' title='bbox 321 1927 463 2005; x_wconf 85' lang='lat' dir='ltr'>infersit,</span> <span class='ocrx_word' id='word_1_119' title='bbox 488 1949 556 1991; x_wconf 92' lang='lat' dir='ltr'>non</span> <span class='ocrx_word' id='word_1_120' title='bbox 581 1927 691 1992; x_wconf 83' lang='lat' dir='ltr'>inveni</span> <span class='ocrx_word' id='word_1_121' title='bbox 714 1927 749 1991; x_wconf 92' lang='lat' dir='ltr'>in</span> <span class='ocrx_word' id='word_1_122' title='bbox 774 1926 852 1992; x_wconf 89' lang='lat' dir='ltr'>Pall.</span> <span class='ocrx_word' id='word_1_123' title='bbox 876 1943 909 1993; x_wconf 89' lang='lat' dir='ltr'>et</span> <span class='ocrx_word' id='word_1_124' title='bbox 932 1945 1014 2016; x_wconf 91' lang='lat' dir='ltr'>puto</span> <span class='ocrx_word' id='word_1_125' title='bbox 1036 1918 1186 2016; x_wconf 76' lang='lat' dir='ltr'><strong>nuspiam</strong></span> 
     </span>
     <span class='ocr_line' id='line_1_16' title="bbox 120 2031 534 2125; baseline -0.012 -26"><span class='ocrx_word' id='word_1_126' title='bbox 120 2035 268 2125; x_wconf 89' lang='lat' dir='ltr'>gentium</span> <span class='ocrx_word' id='word_1_127' title='bbox 286 2033 413 2120; x_wconf 88' lang='lat' dir='ltr'>scripta</span> <span class='ocrx_word' id='word_1_128' title='bbox 429 2031 534 2096; x_wconf 88' lang='lat' dir='ltr'>Gnur.</span> 
     </span>
    </p>

    <p class='ocr_par' dir='ltr' id='par_1_3' title="bbox 118 2084 1223 2753">
     <span class='ocr_line' id='line_1_17' title="bbox 166 2084 1185 2218; baseline -0.002 -13"><span class='ocrx_word' id='word_1_129' title='bbox 166 2141 210 2206; x_wconf 84' lang='lat' dir='ltr'>Ut</span> <span class='ocrx_word' id='word_1_130' title='bbox 229 2162 297 2203; x_wconf 90' lang='lat' dir='ltr'>non</span> <span class='ocrx_word' id='word_1_131' title='bbox 320 2154 369 2202; x_wconf 89' lang='lat' dir='ltr'>est</span> <span class='ocrx_word' id='word_1_132' title='bbox 389 2135 582 2217; x_wconf 89' lang='lat' dir='ltr'>delendum,</span> <span class='ocrx_word' id='word_1_133' title='bbox 602 2153 641 2201; x_wconf 95' lang='lat' dir='ltr'>ut</span> <span class='ocrx_word' id='word_1_134' title='bbox 662 2155 774 2201; x_wconf 90' lang='lat' dir='ltr'>censet</span> <span class='ocrx_word' id='word_1_135' title='bbox 795 2138 920 2218; x_wconf 83' lang='lat' dir='ltr'>Faber,</span> <span class='ocrx_word' id='word_1_136' title='bbox 943 2137 1001 2202; x_wconf 89' lang='lat' dir='ltr'>sed</span> <span class='ocrx_word' id='word_1_137' title='bbox 1018 2084 1185 2203; x_wconf 87' lang='lat' dir='ltr'>interdum</span> 
     </span>
     <span class='ocr_line' id='line_1_18' title="bbox 119 2239 1181 2336; baseline -0.001 -27"><span class='ocrx_word' id='word_1_138' title='bbox 119 2246 313 2336; x_wconf 82' lang='lat' dir='ltr'><strong>geminatur,</strong></span> <span class='ocrx_word' id='word_1_139' title='bbox 334 2239 479 2332; x_wconf 85' lang='lat' dir='ltr'>quamvis</span> <span class='ocrx_word' id='word_1_140' title='bbox 495 2244 654 2307; x_wconf 89' lang='lat' dir='ltr'>sententia</span> <span class='ocrx_word' id='word_1_141' title='bbox 669 2265 736 2307; x_wconf 91' lang='lat' dir='ltr'>non</span> <span class='ocrx_word' id='word_1_142' title='bbox 756 2241 939 2308; x_wconf 88' lang='lat' dir='ltr'>desideret</span> <span class='ocrx_word' id='word_1_143' title='bbox 956 2261 997 2307; x_wconf 91' lang='lat' dir='ltr'>ut</span> <span class='ocrx_word' id='word_1_144' title='bbox 1012 2244 1181 2331; x_wconf 86' lang='lat' dir='ltr'>superius:</span> 
     </span>
     <span class='ocr_line' id='line_1_19' title="bbox 118 2348 1184 2439; baseline -0.002 -23"><span class='ocrx_word' id='word_1_145' title='bbox 118 2352 257 2434; x_wconf 75' lang='lat' dir='ltr'><strong>«Quum</strong></span> <span class='ocrx_word' id='word_1_146' title='bbox 276 2351 413 2432; x_wconf 90' lang='lat' dir='ltr'>majores</span> <span class='ocrx_word' id='word_1_147' title='bbox 438 2349 541 2417; x_wconf 84' lang='lat' dir='ltr'>nostri</span> <span class='ocrx_word' id='word_1_148' title='bbox 565 2365 654 2413; x_wconf 86' lang='lat' dir='ltr'>tauta</span> <span class='ocrx_word' id='word_1_149' title='bbox 673 2348 838 2439; x_wconf 81' lang='lat' dir='ltr'>diligentia</span> <span class='ocrx_word' id='word_1_150' title='bbox 855 2348 1091 2438; x_wconf 82' lang='lat' dir='ltr'>prudentiaque</span> <span class='ocrx_word' id='word_1_151' title='bbox 1111 2350 1184 2414; x_wconf 84' lang='lat' dir='ltr'>fue·</span> 
     </span>
     <span class='ocr_line' id='line_1_20' title="bbox 118 2452 1223 2536; baseline 0 -18"><span class='ocrx_word' id='word_1_152' title='bbox 118 2456 199 2536; x_wconf 91' lang='lat' dir='ltr'>rint,</span> <span class='ocrx_word' id='word_1_153' title='bbox 226 2471 264 2518; x_wconf 90' lang='lat' dir='ltr'>ut</span> <span class='ocrx_word' id='word_1_154' title='bbox 285 2454 396 2518; x_wconf 91' lang='lat' dir='ltr'>omnia</span> <span class='ocrx_word' id='word_1_155' title='bbox 420 2452 570 2516; x_wconf 90' lang='lat' dir='ltr'>omnium</span> <span class='ocrx_word' id='word_1_156' title='bbox 593 2474 661 2516; x_wconf 91' lang='lat' dir='ltr'>non</span> <span class='ocrx_word' id='word_1_157' title='bbox 681 2452 782 2517; x_wconf 91' lang='lat' dir='ltr'>modo</span> <span class='ocrx_word' id='word_1_158' title='bbox 799 2469 963 2518; x_wconf 84' lang='lat' dir='ltr'>tantarum</span> <span class='ocrx_word' id='word_1_159' title='bbox 979 2475 1108 2536; x_wconf 88' lang='lat' dir='ltr'>rerum,</span> <span class='ocrx_word' id='word_1_160' title='bbox 1125 2453 1184 2518; x_wconf 85' lang='lat' dir='ltr'>sed</span> <span class='ocrx_word' id='word_1_161' title='bbox 1220 2504 1223 2509; x_wconf 85' lang='lat'><em>.</em></span> 
     </span>
     <span class='ocr_line' id='line_1_21' title="bbox 118 2546 1185 2649; baseline -0.001 -24"><span class='ocrx_word' id='word_1_162' title='bbox 118 2561 215 2625; x_wconf 88' lang='lat' dir='ltr'>etiam</span> <span class='ocrx_word' id='word_1_163' title='bbox 238 2559 501 2649; x_wconf 80' lang='lat' dir='ltr'>tenuissimarum</span> <span class='ocrx_word' id='word_1_164' title='bbox 522 2558 595 2638; x_wconf 87' lang='lat' dir='ltr'>jur&#39;a</span> <span class='ocrx_word' id='word_1_165' title='bbox 615 2546 805 2641; x_wconf 83' lang='lat' dir='ltr'>statuerint,</span> <span class='ocrx_word' id='word_1_166' title='bbox 825 2557 1079 2648; x_wconf 84' lang='lat' dir='ltr'>persequutique</span> <span class='ocrx_word' id='word_1_167' title='bbox 1102 2561 1185 2644; x_wconf 88' lang='lat' dir='ltr'>sint,</span> 
     </span>
     <span class='ocr_line' id='line_1_22' title="bbox 118 2662 1151 2753; baseline 0.002 -24"><span class='ocrx_word' id='word_1_168' title='bbox 118 2682 157 2729; x_wconf 90' lang='lat' dir='ltr'>ut</span> <span class='ocrx_word' id='word_1_169' title='bbox 174 2666 239 2729; x_wconf 90' lang='lat' dir='ltr'>hoc</span> <span class='ocrx_word' id='word_1_170' title='bbox 259 2685 360 2753; x_wconf 88' lang='lat' dir='ltr'>genus</span> <span class='ocrx_word' id='word_1_171' title='bbox 376 2686 497 2744; x_wconf 90' lang='lat' dir='ltr'>unum,</span> <span class='ocrx_word' id='word_1_172' title='bbox 513 2662 565 2727; x_wconf 82' lang='lat' dir='ltr'>vel</span> <span class='ocrx_word' id='word_1_173' title='bbox 580 2666 722 2728; x_wconf 83' lang='lat' dir='ltr'>maxime</span> <span class='ocrx_word' id='word_1_174' title='bbox 732 2666 1023 2752; x_wconf 67' lang='lat' dir='ltr'>praetermitterent.</span> <span class='ocrx_word' id='word_1_175' title='bbox 1042 2666 1151 2731; x_wconf 69' lang='lat' dir='ltr'>Gnev.</span> 
     </span>
    </p>

    <p class='ocr_par' dir='ltr' id='par_1_4' title="bbox 116 2768 1218 3705">
     <span class='ocr_line' id='line_1_23' title="bbox 162 2768 1180 2857; baseline 0.004 -24"><span class='ocrx_word' id='word_1_176' title='bbox 162 2771 220 2833; x_wconf 88' lang='lat' dir='ltr'>Est</span> <span class='ocrx_word' id='word_1_177' title='bbox 233 2768 327 2857; x_wconf 88' lang='lat' dir='ltr'>plane</span> <span class='ocrx_word' id='word_1_178' title='bbox 343 2768 402 2833; x_wconf 90' lang='lat' dir='ltr'>alia</span> <span class='ocrx_word' id='word_1_179' title='bbox 419 2771 487 2850; x_wconf 88' lang='lat' dir='ltr'>ejus</span> <span class='ocrx_word' id='word_1_180' title='bbox 502 2769 565 2833; x_wconf 91' lang='lat' dir='ltr'>loci</span> <span class='ocrx_word' id='word_1_181' title='bbox 577 2770 659 2834; x_wconf 92' lang='lat' dir='ltr'>ratio</span> <span class='ocrx_word' id='word_1_182' title='bbox 676 2793 745 2856; x_wconf 81' lang='lat' dir='ltr'>cap.</span> <span class='ocrx_word' id='word_1_183' title='bbox 759 2793 816 2851; x_wconf 87' lang='lat'>12,</span> <span class='ocrx_word' id='word_1_184' title='bbox 832 2787 872 2833; x_wconf 92' lang='lat' dir='ltr'>ut·</span> <span class='ocrx_word' id='word_1_185' title='bbox 886 2771 931 2834; x_wconf 87' lang='lat' dir='ltr'>ibi</span> <span class='ocrx_word' id='word_1_186' title='bbox 948 2770 1100 2836; x_wconf 77' lang='lat' dir='ltr'>vidimus.</span> <span class='ocrx_word' id='word_1_187' title='bbox 1111 2773 1180 2837; x_wconf 90' lang='lat' dir='ltr'>Ne·</span> 
     </span>
     <span class='ocr_line' id='line_1_24' title="bbox 117 2875 1181 2965; baseline 0.003 -27"><span class='ocrx_word' id='word_1_188' title='bbox 117 2875 185 2964; x_wconf 85' lang='lat' dir='ltr'>gari</span> <span class='ocrx_word' id='word_1_189' title='bbox 198 2891 305 2938; x_wconf 85' lang='lat' dir='ltr'>tamen</span> <span class='ocrx_word' id='word_1_190' title='bbox 321 2897 388 2938; x_wconf 97' lang='lat' dir='ltr'>non</span> <span class='ocrx_word' id='word_1_191' title='bbox 403 2890 527 2963; x_wconf 89' lang='lat' dir='ltr'>potest,</span> <span class='ocrx_word' id='word_1_192' title='bbox 544 2875 768 2962; x_wconf 81' lang='lat' dir='ltr'>utaliquando</span> <span class='ocrx_word' id='word_1_193' title='bbox 784 2885 924 2956; x_wconf 61' lang='lat' dir='ltr'>capuan.</span> <span class='ocrx_word' id='word_1_194' title='bbox 939 2876 1062 2939; x_wconf 83' lang='lat' dir='ltr'>Verum</span> <span class='ocrx_word' id='word_1_195' title='bbox 1082 2878 1181 2965; x_wconf 83' lang='lat' dir='ltr'>longe</span> 
     </span>
     <span class='ocr_line' id='line_1_25' title="bbox 118 2979 1178 3069; baseline 0.004 -26"><span class='ocrx_word' id='word_1_196' title='bbox 118 2982 192 3069; x_wconf 90' lang='lat' dir='ltr'>plus</span> <span class='ocrx_word' id='word_1_197' title='bbox 213 2979 294 3044; x_wconf 83' lang='lat' dir='ltr'>vidit</span> <span class='ocrx_word' id='word_1_198' title='bbox 314 2981 509 3062; x_wconf 73' lang='lat' dir='ltr'>Lambinus,</span> <span class='ocrx_word' id='word_1_199' title='bbox 533 2981 586 3045; x_wconf 92' lang='lat' dir='ltr'>cui</span> <span class='ocrx_word' id='word_1_200' title='bbox 605 2982 714 3045; x_wconf 84' lang='lat' dir='ltr'>Faber</span> <span class='ocrx_word' id='word_1_201' title='bbox 729 2995 762 3045; x_wconf 92' lang='lat' dir='ltr'>et</span> <span class='ocrx_word' id='word_1_202' title='bbox 777 2981 937 3045; x_wconf 84' lang='lat' dir='ltr'>Gruterus</span> <span class='ocrx_word' id='word_1_203' title='bbox 956 2981 1061 3069; x_wconf 90' lang='lat' dir='ltr'>iniqui</span> <span class='ocrx_word' id='word_1_204' title='bbox 1083 2999 1178 3062; x_wconf 89' lang='lat' dir='ltr'>sunt,</span> 
     </span>
     <span class='ocr_line' id='line_1_26' title="bbox 117 3084 1180 3174; baseline 0.003 -26"><span class='ocrx_word' id='word_1_205' title='bbox 117 3085 208 3174; x_wconf 88' lang='lat' dir='ltr'>quasi</span> <span class='ocrx_word' id='word_1_206' title='bbox 223 3086 378 3173; x_wconf 89' lang='lat' dir='ltr'>optimam</span> <span class='ocrx_word' id='word_1_207' title='bbox 394 3085 567 3150; x_wconf 88' lang='lat' dir='ltr'>lectionem</span> <span class='ocrx_word' id='word_1_208' title='bbox 585 3086 654 3174; x_wconf 90' lang='lat' dir='ltr'>ipse</span> <span class='ocrx_word' id='word_1_209' title='bbox 665 3084 877 3168; x_wconf 80' lang='lat' dir='ltr'>confinxerit,</span> <span class='ocrx_word' id='word_1_210' title='bbox 892 3102 924 3149; x_wconf 92' lang='lat' dir='ltr'>et</span> <span class='ocrx_word' id='word_1_211' title='bbox 937 3086 1027 3172; x_wconf 88' lang='lat' dir='ltr'>quod</span> <span class='ocrx_word' id='word_1_212' title='bbox 1039 3087 1074 3149; x_wconf 94' lang='lat' dir='ltr'>in</span> <span class='ocrx_word' id='word_1_213' title='bbox 1088 3087 1180 3152; x_wconf 85' lang='lat' dir='ltr'>Pala-</span> 
     </span>
     <span class='ocr_line' id='line_1_27' title="bbox 117 3190 1179 3279; baseline 0.002 -23"><span class='ocrx_word' id='word_1_214' title='bbox 117 3193 194 3256; x_wconf 89' lang='lat' dir='ltr'>tinis</span> <span class='ocrx_word' id='word_1_215' title='bbox 211 3214 278 3255; x_wconf 94' lang='lat' dir='ltr'>non</span> <span class='ocrx_word' id='word_1_216' title='bbox 297 3208 361 3273; x_wconf 90' lang='lat' dir='ltr'>est,</span> <span class='ocrx_word' id='word_1_217' title='bbox 378 3191 412 3255; x_wconf 92' lang='lat' dir='ltr'>in</span> <span class='ocrx_word' id='word_1_218' title='bbox 429 3192 493 3256; x_wconf 87' lang='lat' dir='ltr'>alio</span> <span class='ocrx_word' id='word_1_219' title='bbox 511 3213 580 3256; x_wconf 88' lang='lat' dir='ltr'>esse</span> <span class='ocrx_word' id='word_1_220' title='bbox 597 3190 708 3256; x_wconf 90' lang='lat' dir='ltr'>codice</span> <span class='ocrx_word' id='word_1_221' title='bbox 724 3213 791 3255; x_wconf 91' lang='lat' dir='ltr'>non</span> <span class='ocrx_word' id='word_1_222' title='bbox 808 3192 960 3279; x_wconf 88' lang='lat' dir='ltr'>potuerit.</span> <span class='ocrx_word' id='word_1_223' title='bbox 979 3192 1070 3276; x_wconf 89' lang='lat' dir='ltr'><strong>Quid</strong></span> <span class='ocrx_word' id='word_1_224' title='bbox 1091 3194 1179 3257; x_wconf 90' lang='lat' dir='ltr'>enim</span> 
     </span>
     <span class='ocr_line' id='line_1_28' title="bbox 116 3296 1218 3389; baseline 0.002 -27"><span class='ocrx_word' id='word_1_225' title='bbox 116 3297 267 3388; x_wconf 80' lang='lat' dir='ltr'>agimus?</span> <span class='ocrx_word' id='word_1_226' title='bbox 282 3296 321 3361; x_wconf 92' lang='lat' dir='ltr'>ld</span> <span class='ocrx_word' id='word_1_227' title='bbox 340 3321 381 3361; x_wconf 93' lang='lat' dir='ltr'>ne</span> <span class='ocrx_word' id='word_1_228' title='bbox 398 3298 461 3361; x_wconf 83' lang='lat' dir='ltr'>luit</span> <span class='ocrx_word' id='word_1_229' title='bbox 473 3297 507 3361; x_wconf 89' lang='lat' dir='ltr'>in</span> <span class='ocrx_word' id='word_1_230' title='bbox 522 3296 695 3362; x_wconf 87' lang='lat' dir='ltr'>interdicto</span> <span class='ocrx_word' id='word_1_231' title='bbox 711 3296 947 3363; x_wconf 83' lang='lat' dir='ltr'>conscribendo</span> <span class='ocrx_word' id='word_1_232' title='bbox 958 3296 1178 3389; x_wconf 73' lang='lat' dir='ltr'>propositum,</span> <span class='ocrx_word' id='word_1_233' title='bbox 1212 3330 1218 3335; x_wconf 95' lang='lat'><strong>·</strong></span> 
     </span>
     <span class='ocr_line' id='line_1_29' title="bbox 116 3403 1178 3492; baseline 0.002 -24"><span class='ocrx_word' id='word_1_234' title='bbox 116 3421 155 3469; x_wconf 91' lang='lat' dir='ltr'>ut</span> <span class='ocrx_word' id='word_1_235' title='bbox 172 3405 255 3469; x_wconf 84' lang='lat' dir='ltr'>servi</span> <span class='ocrx_word' id='word_1_236' title='bbox 272 3426 410 3467; x_wconf 88' lang='lat' dir='ltr'>numero</span> <span class='ocrx_word' id='word_1_237' title='bbox 421 3426 488 3467; x_wconf 92' lang='lat' dir='ltr'>non</span> <span class='ocrx_word' id='word_1_238' title='bbox 504 3403 804 3492; x_wconf 75' lang='lat' dir='ltr'>distinguerentur?</span> <span class='ocrx_word' id='word_1_239' title='bbox 815 3419 876 3468; x_wconf 88' lang='lat' dir='ltr'>etc.</span> <span class='ocrx_word' id='word_1_240' title='bbox 894 3404 988 3486; x_wconf 88' lang='lat' dir='ltr'>Quin</span> <span class='ocrx_word' id='word_1_241' title='bbox 998 3422 1036 3469; x_wconf 91' lang='lat' dir='ltr'>tu</span> <span class='ocrx_word' id='word_1_242' title='bbox 1048 3428 1178 3470; x_wconf 87' lang='lat' dir='ltr'>mecum</span> 
     </span>
     <span class='ocr_line' id='line_1_30' title="bbox 116 3510 1180 3601; baseline -0.001 -26"><span class='ocrx_word' id='word_1_243' title='bbox 116 3513 186 3601; x_wconf 86' lang='lat' dir='ltr'>lege</span> <span class='ocrx_word' id='word_1_244' title='bbox 211 3534 250 3575; x_wconf 85' lang='lat' dir='ltr'>ex</span> <span class='ocrx_word' id='word_1_245' title='bbox 275 3510 334 3574; x_wconf 90' lang='lat' dir='ltr'>MS</span> <span class='ocrx_word' id='word_1_246' title='bbox 358 3510 529 3577; x_wconf 87' lang='lat' dir='ltr'>Lambini:</span> <span class='ocrx_word' id='word_1_247' title='bbox 547 3511 684 3593; x_wconf 78' lang='lat' dir='ltr'><strong>«Quum</strong></span> <span class='ocrx_word' id='word_1_248' title='bbox 702 3510 763 3575; x_wconf 91' lang='lat' dir='ltr'>sibi</span> <span class='ocrx_word' id='word_1_249' title='bbox 787 3510 851 3575; x_wconf 89' lang='lat' dir='ltr'>hoc</span> <span class='ocrx_word' id='word_1_250' title='bbox 868 3512 1118 3599; x_wconf 80' lang='lat' dir='ltr'>proposuerint,</span> <span class='ocrx_word' id='word_1_251' title='bbox 1140 3527 1180 3575; x_wconf 90' lang='lat' dir='ltr'>ut</span> 
     </span>
     <span class='ocr_line' id='line_1_31' title="bbox 117 3615 1202 3705; baseline 0.004 -25"><span class='ocrx_word' id='word_1_252' title='bbox 117 3638 170 3680; x_wconf 90' lang='lat' dir='ltr'>me</span> <span class='ocrx_word' id='word_1_253' title='bbox 191 3616 358 3697; x_wconf 89' lang='lat' dir='ltr'>restituas,</span> <span class='ocrx_word' id='word_1_254' title='bbox 388 3617 455 3680; x_wconf 84' lang='lat' dir='ltr'>sive</span> <span class='ocrx_word' id='word_1_255' title='bbox 479 3631 585 3680; x_wconf 89' lang='lat' dir='ltr'>tumet</span> <span class='ocrx_word' id='word_1_256' title='bbox 617 3615 680 3700; x_wconf 85' lang='lat' dir='ltr'>(ita</span> <span class='ocrx_word' id='word_1_257' title='bbox 708 3616 795 3679; x_wconf 90' lang='lat' dir='ltr'>enim</span> <span class='ocrx_word' id='word_1_258' title='bbox 824 3616 951 3705; x_wconf 87' lang='lat' dir='ltr'>egregie</span> <span class='ocrx_word' id='word_1_259' title='bbox 969 3617 1051 3680; x_wconf 84' lang='lat' dir='ltr'>Ven.</span> <span class='ocrx_word' id='word_1_260' title='bbox 1079 3615 1202 3697; x_wconf 76' lang='lat'>1483„</span> 
     </span>
    </p>
   </div>
   <div class='ocr_carea' id='block_1_2' title="bbox 118 3719 1182 3809">
    <p class='ocr_par' dir='ltr' id='par_1_5' title="bbox 9 3718 1182 3811">
     <span class='ocr_line' id='line_1_32' title="bbox 118 3719 1182 3809; baseline 0 -25"><span class='ocrx_word' id='word_1_261' title='bbox 118 3744 201 3806; x_wconf 90' lang='lat' dir='ltr'>non,</span> <span class='ocrx_word' id='word_1_262' title='bbox 218 3745 267 3786; x_wconf 91' lang='lat' dir='ltr'>me</span> <span class='ocrx_word' id='word_1_263' title='bbox 282 3721 329 3809; x_wconf 83' lang='lat' dir='ltr'>tu)</span> <span class='ocrx_word' id='word_1_264' title='bbox 346 3719 535 3805; x_wconf 72' lang='lat' dir='ltr'>dejecerisn,</span> <span class='ocrx_word' id='word_1_265' title='bbox 550 3738 609 3786; x_wconf 88' lang='lat' dir='ltr'>etc.</span> <span class='ocrx_word' id='word_1_266' title='bbox 628 3722 701 3785; x_wconf 88' lang='lat' dir='ltr'>Hoc</span> <span class='ocrx_word' id='word_1_267' title='bbox 712 3722 831 3786; x_wconf 88' lang='lat' dir='ltr'>etenim</span> <span class='ocrx_word' id='word_1_268' title='bbox 848 3723 985 3786; x_wconf 91' lang='lat' dir='ltr'>omnino</span> <span class='ocrx_word' id='word_1_269' title='bbox 1005 3737 1073 3805; x_wconf 84' lang='lat' dir='ltr'>est,</span> <span class='ocrx_word' id='word_1_270' title='bbox 1091 3719 1182 3808; x_wconf 89' lang='lat' dir='ltr'>quod</span> 
     </span>
    </p>
   </div>
   <div class='ocr_carea' id='block_1_3' title="bbox 116 3826 1186 4220">
    <p class='ocr_par' dir='ltr' id='par_1_6' title="bbox 117 3826 1181 3915">
     <span class='ocr_line' id='line_1_33' title="bbox 117 3826 1181 3915; baseline 0.003 -25"><span class='ocrx_word' id='word_1_271' title='bbox 117 3829 259 3915; x_wconf 90' lang='lat' dir='ltr'>postulat</span> <span class='ocrx_word' id='word_1_272' title='bbox 272 3829 374 3893; x_wconf 80' lang='lat' dir='ltr'>«ratio</span> <span class='ocrx_word' id='word_1_273' title='bbox 389 3828 489 3911; x_wconf 86' lang='lat' dir='ltr'>juris,</span> <span class='ocrx_word' id='word_1_274' title='bbox 507 3826 737 3914; x_wconf 86' lang='lat' dir='ltr'>interdictique</span> <span class='ocrx_word' id='word_1_275' title='bbox 749 3826 808 3910; x_wconf 83' lang='lat' dir='ltr'>ris,</span> <span class='ocrx_word' id='word_1_276' title='bbox 824 3846 884 3893; x_wconf 87' lang='lat' dir='ltr'>etc.</span> <span class='ocrx_word' id='word_1_277' title='bbox 895 3860 908 3884; x_wconf 72' lang='grc' dir='ltr'><strong>ι</strong></span> <span class='ocrx_word' id='word_1_278' title='bbox 920 3827 1056 3915; x_wconf 82' lang='lat' dir='ltr'>Reliqua</span> <span class='ocrx_word' id='word_1_279' title='bbox 1071 3827 1181 3915; x_wconf 83' lang='lat' dir='ltr'>plana,</span> 
     </span>
    </p>

    <p class='ocr_par' dir='ltr' id='par_1_7' title="bbox 116 3932 1181 4022">
     <span class='ocr_line' id='line_1_34' title="bbox 116 3932 1181 4022; baseline 0.003 -26"><span class='ocrx_word' id='word_1_280' title='bbox 116 3949 150 3996; x_wconf 91' lang='lat' dir='ltr'>et</span> <span class='ocrx_word' id='word_1_281' title='bbox 172 3932 293 4019; x_wconf 87' lang='lat' dir='ltr'>liquida</span> <span class='ocrx_word' id='word_1_282' title='bbox 313 3932 394 3998; x_wconf 86' lang='lat' dir='ltr'>fient</span> <span class='ocrx_word' id='word_1_283' title='bbox 411 3933 531 3997; x_wconf 88' lang='lat' dir='ltr'>omnia.</span> <span class='ocrx_word' id='word_1_284' title='bbox 549 3932 626 3996; x_wconf 90' lang='lat' dir='ltr'>Non</span> <span class='ocrx_word' id='word_1_285' title='bbox 650 3954 710 4022; x_wconf 87' lang='lat' dir='ltr'>ego</span> <span class='ocrx_word' id='word_1_286' title='bbox 734 3934 835 3997; x_wconf 90' lang='lat' dir='ltr'>unico</span> <span class='ocrx_word' id='word_1_287' title='bbox 860 3933 918 3997; x_wconf 84' lang='lat' dir='ltr'>Ms</span> <span class='ocrx_word' id='word_1_288' title='bbox 941 3934 1033 3998; x_wconf 81' lang='lat' dir='ltr'>facile</span> <span class='ocrx_word' id='word_1_289' title='bbox 1059 3935 1181 4016; x_wconf 79' lang='lat' dir='ltr'>sertio,</span> 
     </span>
    </p>

    <p class='ocr_par' dir='ltr' id='par_1_8' title="bbox 117 4036 1186 4220">
     <span class='ocr_line' id='line_1_35' title="bbox 117 4036 1186 4128; baseline 0.002 -28"><span class='ocrx_word' id='word_1_290' title='bbox 117 4037 173 4103; x_wconf 89' lang='lat' dir='ltr'>sed</span> <span class='ocrx_word' id='word_1_291' title='bbox 193 4060 334 4126; x_wconf 84' lang='lat' dir='ltr'>persaepe</span> <span class='ocrx_word' id='word_1_292' title='bbox 347 4038 506 4122; x_wconf 79' lang='lat' dir='ltr'>Graevius3</span> <span class='ocrx_word' id='word_1_293' title='bbox 521 4061 561 4102; x_wconf 86' lang='lat' dir='ltr'>ex</span> <span class='ocrx_word' id='word_1_294' title='bbox 578 4061 646 4128; x_wconf 87' lang='lat' dir='ltr'>quo</span> <span class='ocrx_word' id='word_1_295' title='bbox 663 4038 774 4104; x_wconf 89' lang='lat' dir='ltr'>saltem</span> <span class='ocrx_word' id='word_1_296' title='bbox 791 4039 855 4103; x_wconf 90' lang='lat' dir='ltr'>hoc</span> <span class='ocrx_word' id='word_1_297' title='bbox 874 4036 990 4121; x_wconf 87' lang='lat' dir='ltr'>didici,</span> <span class='ocrx_word' id='word_1_298' title='bbox 1011 4038 1101 4104; x_wconf 86' lang='lat' dir='ltr'>locos</span> <span class='ocrx_word' id='word_1_299' title='bbox 1117 4060 1186 4104; x_wconf 88' lang='lat' dir='ltr'>esse</span> 
     </span>
     <span class='ocr_line' id='line_1_36' title="bbox 215 4147 521 4220; baseline 0.007 -17"><span class='ocrx_word' id='word_1_300' title='bbox 215 4147 260 4213; x_wconf 83' lang='grc' dir='ltr'>Π,</span> <span class='ocrx_word' id='word_1_301' title='bbox 288 4159 335 4205; x_wconf 78' lang='lat' dir='ltr'>cte.</span> <span class='ocrx_word' id='word_1_302' title='bbox 345 4176 399 4220; x_wconf 81' lang='lat' dir='ltr'>pars</span> <span class='ocrx_word' id='word_1_303' title='bbox 413 4160 521 4207; x_wconf 70' lang='lat' dir='ltr'>sectanda.</span> 
     </span>
    </p>
   </div>
   <div class='ocr_carea' id='block_1_4' title="bbox 0 0 1512 4774">
    <p class='ocr_par' dir='ltr' id='par_1_9' title="bbox 0 0 1512 4774">
     <span class='ocr_line' id='line_1_37' title="bbox 0 0 1512 4774; baseline 0 1"><span class='ocrx_word' id='word_1_304' title='bbox 0 0 1512 4774; x_wconf 95' lang='lat' dir='ltr'> </span> 
     </span>
    </p>
   </div>
  </div>
 </body>
</html>
