3148 4780
300 374 372 473 378
618 378 666 445 ss.
692 378 731 446 r.
756 378 1047 448 cressonis

297 522 385 571 vero
414 495 627 595 archipirata
657 498 849 595 sumpsisse
875 497 1109 595 supplicium,
1139 495 1223 569 ideo
1242 502 1360 571 securi

298 633 377 679 non
396 609 644 705 percussisse:
674 605 773 677 domi
800 631 877 679 esse
898 606 997 705 apud
1021 630 1101 695 sese
1129 607 1361 707 archipiratas

299 716 388 789 dixit
404 716 505 788 duos.

217 854 223 859 ·
347 829 380 897 Ο
397 821 648 898 clementiam⁵
666 824 792 922 populi
810 826 971 913 romani,
992 849 1056 898 seu
1076 825 1197 923 potius
1220 827 1358 923 patien-

299 937 386 1008 tiam
407 938 535 1007 miram
556 958 598 1005 ac
617 932 857 1030 singularem!
876 939 999 1007 Civem
1026 959 1216 1006 romanum
1243 940 1359 1008 securi

299 1069 376 1118 esse
388 1066 597 1144 percussum
612 1044 769 1130 Annius,
787 1068 900 1139 eques
917 1069 1104 1129 romanus,
1120 1042 1232 1117 dicit:
1253 1058 1357 1117 taces.

303 1152 562 1251 Archipiratam
579 1165 685 1248 negat
708 1179 716 1221 :
736 1149 868 1223 fateris.
890 1155 945 1225 Fit
962 1154 1001 1223 in
1021 1150 1091 1224 eo⁶
1111 1155 1264 1249 gemitus
1281 1177 1358 1224 om·

299 1264 404 1334 nium
420 1276 456 1334 et
475 1261 629 1348 clamor3
654 1284 768 1356 quum
796 1276 916 1333 tamen
944 1286 966 1332 a
994 1264 1159 1360 praesenti
1184 1260 1360 1359 supplicio

300 1386 366 1444 tuo
383 1396 422 1442 se
440 1371 619 1442 continuit
636 1369 796 1467 populus
811 1395 982 1464 romanus
998 1386 1035 1442 et
1049 1372 1236 1469 repressit,
1254 1385 1290 1441 et
1304 1394 1359 1441 sa·

302 1481 386 1553 lutis
401 1492 497 1551 suae⁷
515 1481 691 1552 rationem
707 1478 871 1573 judicum
881 1482 1059 1553 severitati
1073 1479 1275 1551 reservavit.
1289 1480 1360 1569 Qui

301 1589 438 1663 sciebas
453 1587 522 1659 tibi
537 1591 678 1661 crimini
694 1587 818 1660 datum
835 1586 930 1661 iri⁸i
950 1587 1189 1686 quamobrem
1203 1587 1362 1659 sciebas?

302 1697 540 1797 quamobrem
574 1700 691 1775 etiarn¹
711 1698 938 1797 suspicabare
950 1700 971 1775 i.
992 1700 1178 1771 inimicum
1205 1697 1363 1770 habebas

302 1809 483 1880 neminem
507 1835 515 1877 ε
542 1811 572 1878 si
600 1806 768 1894 haberes,
789 1822 909 1879 tamen
935 1832 1008 1878 non
1041 1809 1091 1881 ita
1117 1810 1292 1895 viseraa,
1320 1821 1363 1877 ut

302 1933 441 1989 metum
460 1917 586 2013 judicii
606 1918 832 2016 propositum
853 1916 986 1988 habere
1002 1916 1163 1989 deberes.
1179 1918 1236 1987 An
1254 1930 1310 2001 te,
1325 1914 1363 1986 id

303 2026 404 2125 quod
418 2025 495 2099 fieri
510 2026 618 2113 solet,
636 2029 855 2098 conscientia
872 2027 1039 2101 timidum
1054 2027 1360 2125 suspiciosumque

303 2136 478 2211 faciebat?
495 2138 570 2227 Qui
582 2137 743 2234 igitur¹⁰,
762 2161 878 2234 quum
899 2161 992 2208 esses
1008 2162 1091 2209 cum
1105 2138 1276 2235 imperio,
1289 2136 1360 2230 jam

303 2261 383 2319 tum
398 2246 577 2342 judicium
601 2261 637 2319 et
666 2248 802 2318 crimen
828 2246 1020 2337 horrebas;
1040 2271 1146 2334 reus,
1173 2270 1289 2343 quum
1308 2257 1363 2316 tot

304 2351 457 2428 testibus'
474 2380 686 2453 coarguare,
711 2371 815 2454 potes
843 2356 889 2429 de
920 2357 1151 2429 damnatione
1175 2354 1363 2429 dubitare?

305 2469 458 2551 Verum,
478 2466 507 2534 si
524 2466 662 2534 crimen
676 2463 747 2536 hoc
765 2466 969 2555 metuebas,
991 2468 1133 2565 nequis
1148 2464 1374 2561 abstesup·.

306 2575 465 2670 positum
481 2595 558 2642 esse
575 2571 727 2659 diceret,
744 2576 808 2669 qui
821 2598 890 2673 pro
906 2576 1119 2674 archipirata
1139 2577 1253 2648 securi
1274 2570 1361 2643 feri·

305 2695 406 2753 retur
428 2708 438 2751 ε
460 2695 579 2752 utrum
606 2680 752 2752 tandem
778 2681 844 2754 tibi
873 2683 919 2755 ad
946 2683 1193 2756 defensionem
1221 2678 1362 2751 firmius

306 2789 383 2863 sore
392 2794 544 2889 putasti,
557 2791 594 2860 in
605 2790 740 2885 judicio
750 2800 792 2879 ¹¹,
801 2808 928 2864 coactu
937 2807 1047 2890 atque
1059 2791 1252 2890 efflagitatu
1260 2813 1363 2876 meo,

306 2900 506 3001 producere
523 2901 567 2973 ad
585 2906 766 2999 ignotos¹²
786 2916 887 2974 tanto
902 2917 985 3000 post
1001 2929 1106 2993 eum,
1124 2925 1232 2999 quem
1247 2900 1365 2972 archi·

343 3148 367 3200 5·
389 3150 412 3197 0
431 3146 582 3197 emnam
595 3148 683 3214 popuii
698 3146 814 3199 romani!
891 3157 919 3206 9.
936 3142 995 3191 Non
1012 3142 1048 3191 ἕω
1066 3141 1177 3190 utinm
1197 3140 1259 3189 llos
1270 3136 1364 3187 ironice

309 3226 373 3288 Qui,
389 3224 437 3273 boc
455 3225 556 3287 audito,
570 3225 721 3274 vebemaster
737 3243 813 3290 quum
856 3221 997 3288 recipienda
1010 3232 1074 3271 eunt.

307 3313 539 3361 mensurnorum
548 3304 814 3368 pruentiumenVer-
895 3318 936 3353 ιο.
951 3301 1000 3365 Qui
1008 3302 1090 3368 aginat,
1101 3315 1175 3365 quem
1183 3314 1253 3347 essen
1266 3295 1297 3345 Id
1308 3305 1362 3351 est,

308 3383 343 3430 ris
354 3381 475 3446 supplicio
486 3397 512 3429 se
523 3383 681 3430 continuitas
691 3385 811 3446 repressit.
856 3382 983 3446 quomodo
993 3381 1115 3444 igitur.·-
1131 3378 1224 3428 stim
1239 3375 1363 3425 horrebas·

341 3463 367 3512 6.
386 3458 424 3511 rat
445 3459 470 3510 in
487 3476 517 3508 eo
536 3460 646 3527 garritus.
668 3462 699 3508 In
719 3478 748 3509 eo
761 3479 812 3512 nors
855 3461 946 3520 idest,
958 3460 1150 3518 coemtionem,
1167 3452 1365 3522 qnsmexsoele·

306 3541 416 3607 agnoscit
428 3541 488 3605 Reg.
501 3550 527 3587 et
536 3541 628 3604 respuit
641 3540 758 3592 Gravius.
855 3553 909 3589 rum
929 3547 1027 3585 tuorum
1039 3536 1186 3586 conscientia
1207 3528 1297 3584 certem
1310 3531 1364 3579 fure

343 3618 739 3684 7.8a1utr'ssuoe.1deet,sslutem
748 3638 813 3670 com-
855 3613 1248 3681 providebu.··1teusquumr0r
1260 3610 1366 3660 mnan.

308 3718 419 3761 mrtem,
432 3715 487 3765 que
497 3700 577 3764 egitur
593 3699 620 3745 in
632 3715 681 3748 uuo
693 3701 746 3749 eive
758 3703 814 3751 neci
855 3698 886 3745 le
900 3693 1044 3758 quibusdam
1054 3696 1117 3744 MSS
1130 3693 1269 3741 deutrum.

308 3778 629 3841 dsto,eommisitjudieibns
635 3780 814 3831 vindicandam,
872 3796 875 3801 ·
895 3790 936 3823 ιι.
948 3775 979 3823 ln
985 3773 1089 3839 judicic.
1101 3774 1179 3822 Vetus
1189 3771 1251 3821 liber
1264 3769 1290 3818 in
1297 3765 1378 3833 jedi-

309 3856 408 3909 Sehiits.
418 3861 490 3910 offert
503 3860 535 3909 de
546 3859 776 3911 suo-ultionum
786 3875 813 3919 »3
857 3852 928 3902 05⁸0*-
943 3855 969 3900 F·
981 3856 1073 3903 Utetu-

308 3935 352 3983 ⁸011
363 3937 415 4000 ipse
427 3939 488 3986 nihil
500 3941 611 3990 muteris.
895 3949 935 3982 rs.
948 3933 1086 3981 Produeere
1098 3929 1248 3994 adigentes.
1263 3924 1304 3975 Ad
1312 3939 1364 3980 eos,

344 4014 370 4060 8.
384 4014 482 4063 Crimirsi
490 4018 575 4066 datum
588 4017 677 4085 irir’Te
687 4016 814 4082 pecuniam
857 4011 883 4061 id
895 4023 948 4072 est,
961 4009 1097 4072 adjudices
1108 4009 1227 4072 tuoe,qui
1239 4006 1305 4053 bunc
1321 4018 1363 4049 sr-

308 4088 436 4152 woepitw·
627 4104 629 4111 ·
858 4090 999 4154 chipiratsm
1022 4103 1073 4135 nou
1098 4085 1285 4151 cognoscebant.
1305 4083 1366 4131 Vox
