<?xml version="1.0" encoding="UTF-8"?>
<!DOCTYPE html PUBLIC "-//W3C//DTD XHTML 1.0 Transitional//EN"
    "http://www.w3.org/TR/xhtml1/DTD/xhtml1-transitional.dtd">
<html xmlns="http://www.w3.org/1999/xhtml" xml:lang="en" lang="en">
 <head>
  <title>
</title>
<meta http-equiv="Content-Type" content="text/html;charset=utf-8" />
  <meta name='ocr-system' content='tesseract 3.04.00' />
  <meta name='ocr-capabilities' content='ocr_page ocr_carea ocr_par ocr_line ocrx_word'/>
</head>
<body>
  <div class='ocr_page' id='page_1' title='image "./mtciceronisquae00bouigoog/mtciceronisquae00bouigoog_0122.png"; bbox 0 0 3176 4770; ppageno 0'>
   <div class='ocr_carea' id='block_1_1' title="bbox 382 442 1273 539">
    <p class='ocr_par' dir='ltr' id='par_1_1' title="bbox 382 442 1273 539">
     <span class='ocr_line' id='line_1_1' title="bbox 382 442 1273 539; baseline -0.003 -28"><span class='ocrx_word' id='word_1_1' title='bbox 382 442 436 514; x_wconf 90' lang='lat' dir='ltr'>IN</span> <span class='ocrx_word' id='word_1_2' title='bbox 458 442 670 512; x_wconf 83' lang='lat' dir='ltr'>VERREM</span> <span class='ocrx_word' id='word_1_3' title='bbox 695 442 801 511; x_wconf 86' lang='lat' dir='ltr'>ACT.</span> <span class='ocrx_word' id='word_1_4' title='bbox 832 444 892 527; x_wconf 93' lang='lat' dir='ltr'>II,</span> <span class='ocrx_word' id='word_1_5' title='bbox 913 444 1009 511; x_wconf 90' lang='lat' dir='ltr'>LIB.</span> <span class='ocrx_word' id='word_1_6' title='bbox 1036 443 1104 510; x_wconf 88' lang='lat' dir='ltr'><strong>III.</strong></span> <span class='ocrx_word' id='word_1_7' title='bbox 1210 465 1273 539; x_wconf 63' lang='grc' dir='ltr'>μη</span> 
     </span>
    </p>
   </div>
   <div class='ocr_carea' id='block_1_2' title="bbox 210 561 1275 993">
    <p class='ocr_par' dir='ltr' id='par_1_2' title="bbox 210 561 1275 993">
     <span class='ocr_line' id='line_1_2' title="bbox 210 561 1275 662; baseline -0.004 -25"><span class='ocrx_word' id='word_1_8' title='bbox 210 561 397 652; x_wconf 82' lang='lat' dir='ltr'>sumendi,</span> <span class='ocrx_word' id='word_1_9' title='bbox 414 589 523 661; x_wconf 89' lang='lat' dir='ltr'>quam</span> <span class='ocrx_word' id='word_1_10' title='bbox 542 568 707 662; x_wconf 86' lang='lat' dir='ltr'>utrisque</span> <span class='ocrx_word' id='word_1_11' title='bbox 725 590 769 635; x_wconf 83' lang='lat' dir='ltr'>ex</span> <span class='ocrx_word' id='word_1_12' title='bbox 787 565 900 660; x_wconf 72' lang='lat' dir='ltr'>aquis</span> <span class='ocrx_word' id='word_1_13' title='bbox 915 563 1100 659; x_wconf 82' lang='lat' dir='ltr'>rejiciendi</span> <span class='ocrx_word' id='word_1_14' title='bbox 1116 561 1194 634; x_wconf 91' lang='lat' dir='ltr'>fieri</span> <span class='ocrx_word' id='word_1_15' title='bbox 1213 588 1275 661; x_wconf 75' lang='lat' dir='ltr'>po</span> 
     </span>
     <span class='ocr_line' id='line_1_3' title="bbox 212 673 1274 772; baseline -0.004 -25"><span class='ocrx_word' id='word_1_16' title='bbox 212 690 386 747; x_wconf 87' lang='lat' dir='ltr'>testatem.</span> <span class='ocrx_word' id='word_1_17' title='bbox 411 678 587 746; x_wconf 86' lang='lat' dir='ltr'><strong>Neutrum</strong></span> <span class='ocrx_word' id='word_1_18' title='bbox 608 673 695 746; x_wconf 87' lang='lat' dir='ltr'>facis</span> <span class='ocrx_word' id='word_1_19' title='bbox 718 698 857 746; x_wconf 85' lang='lat' dir='ltr'>eorum.</span> <span class='ocrx_word' id='word_1_20' title='bbox 880 674 978 764; x_wconf 89' lang='lat' dir='ltr'>Quid</span> <span class='ocrx_word' id='word_1_21' title='bbox 997 676 1105 772; x_wconf 77' lang='lat' dir='ltr'>ergo?</span> <span class='ocrx_word' id='word_1_22' title='bbox 1127 678 1188 744; x_wconf 86' lang='lat' dir='ltr'>Est</span> <span class='ocrx_word' id='word_1_23' title='bbox 1211 673 1274 744; x_wconf 89' lang='lat' dir='ltr'>ali·</span> 
     </span>
     <span class='ocr_line' id='line_1_4' title="bbox 210 783 1274 883; baseline -0.004 -27"><span class='ocrx_word' id='word_1_24' title='bbox 210 786 319 883; x_wconf 91' lang='lat' dir='ltr'>quid,</span> <span class='ocrx_word' id='word_1_25' title='bbox 340 785 441 883; x_wconf 90' lang='lat' dir='ltr'>quod</span> <span class='ocrx_word' id='word_1_26' title='bbox 461 783 663 883; x_wconf 84' lang='lat' dir='ltr'>improbius</span> <span class='ocrx_word' id='word_1_27' title='bbox 683 783 762 855; x_wconf 88' lang='lat' dir='ltr'>fieri</span> <span class='ocrx_word' id='word_1_28' title='bbox 783 798 913 883; x_wconf 88' lang='lat' dir='ltr'>potest.</span> <span class='ocrx_word' id='word_1_29' title='bbox 930 785 1036 880; x_wconf 84' lang='lat' dir='ltr'>Cogit</span> <span class='ocrx_word' id='word_1_30' title='bbox 1054 784 1151 854; x_wconf 88' lang='lat' dir='ltr'>enim</span> <span class='ocrx_word' id='word_1_31' title='bbox 1169 788 1274 854; x_wconf 89' lang='lat' dir='ltr'>Scan-</span> 
     </span>
     <span class='ocr_line' id='line_1_5' title="bbox 211 891 1274 993; baseline -0.005 -26"><span class='ocrx_word' id='word_1_32' title='bbox 211 896 340 969; x_wconf 78' lang='lat' dir='ltr'>dilium</span> <span class='ocrx_word' id='word_1_33' title='bbox 371 897 534 993; x_wconf 90' lang='lat' dir='ltr'>quinque</span> <span class='ocrx_word' id='word_1_34' title='bbox 563 895 623 966; x_wconf 92' lang='lat' dir='ltr'>illa</span> <span class='ocrx_word' id='word_1_35' title='bbox 647 894 757 967; x_wconf 89' lang='lat' dir='ltr'>millia</span> <span class='ocrx_word' id='word_1_36' title='bbox 769 906 800 954; x_wconf 79' lang='grc' dir='ltr'>ι9</span> <span class='ocrx_word' id='word_1_37' title='bbox 827 918 1021 964; x_wconf 89' lang='lat' dir='ltr'>nummum</span> <span class='ocrx_word' id='word_1_38' title='bbox 1047 891 1134 963; x_wconf 90' lang='lat' dir='ltr'>dare</span> <span class='ocrx_word' id='word_1_39' title='bbox 1165 906 1274 989; x_wconf 88' lang='lat' dir='ltr'>atque</span> 
     </span>
    </p>
   </div>
   <div class='ocr_carea' id='block_1_3' title="bbox 150 999 1276 1103">
    <p class='ocr_par' dir='ltr' id='par_1_3' title="bbox 150 999 1276 1103">
     <span class='ocr_line' id='line_1_6' title="bbox 150 999 1276 1103; baseline -0.009 -24"><span class='ocrx_word' id='word_1_40' title='bbox 150 1029 155 1039; x_wconf 86' lang='lat'><strong>·</strong></span> <span class='ocrx_word' id='word_1_41' title='bbox 211 1006 448 1090; x_wconf 77' lang='lat' dir='ltr'>adnumerare</span> <span class='ocrx_word' id='word_1_42' title='bbox 458 1016 491 1049; x_wconf 89' lang='lat'>²⁰</span> <span class='ocrx_word' id='word_1_43' title='bbox 507 1009 680 1103; x_wconf 82' lang='lat' dir='ltr'>Apronio.</span> <span class='ocrx_word' id='word_1_44' title='bbox 698 1004 797 1095; x_wconf 89' lang='lat' dir='ltr'>Quid</span> <span class='ocrx_word' id='word_1_45' title='bbox 812 1006 933 1102; x_wconf 89' lang='lat' dir='ltr'>potuit</span> <span class='ocrx_word' id='word_1_46' title='bbox 948 1002 1149 1099; x_wconf 84' lang='lat' dir='ltr'>elegantius</span> <span class='ocrx_word' id='word_1_47' title='bbox 1160 999 1276 1071; x_wconf 80' lang='lat' dir='ltr'>facere</span> 
     </span>
    </p>
   </div>
   <div class='ocr_carea' id='block_1_4' title="bbox 209 1108 1278 1529">
    <p class='ocr_par' dir='ltr' id='par_1_4' title="bbox 209 1108 1278 1433">
     <span class='ocr_line' id='line_1_7' title="bbox 211 1108 1277 1220; baseline -0.008 -32"><span class='ocrx_word' id='word_1_48' title='bbox 211 1108 341 1215; x_wconf 70' lang='lat' dir='ltr'>praetor</span> <span class='ocrx_word' id='word_1_49' title='bbox 357 1115 511 1220; x_wconf 74' lang='lat' dir='ltr'>cupidus</span> <span class='ocrx_word' id='word_1_50' title='bbox 528 1118 801 1188; x_wconf 79' lang='lat' dir='ltr'>existimationis</span> <span class='ocrx_word' id='word_1_51' title='bbox 820 1113 947 1201; x_wconf 73' lang='lat' dir='ltr'>bonae,</span> <span class='ocrx_word' id='word_1_52' title='bbox 964 1113 1027 1211; x_wconf 94' lang='lat' dir='ltr'>qui</span> <span class='ocrx_word' id='word_1_53' title='bbox 1046 1109 1092 1182; x_wconf 93' lang='lat' dir='ltr'>ab</span> <span class='ocrx_word' id='word_1_54' title='bbox 1109 1134 1186 1182; x_wconf 86' lang='lat' dir='ltr'>sese</span> <span class='ocrx_word' id='word_1_55' title='bbox 1202 1134 1277 1180; x_wconf 90' lang='lat' dir='ltr'>om-</span> 
     </span>
     <span class='ocr_line' id='line_1_8' title="bbox 209 1220 1278 1324; baseline -0.008 -27"><span class='ocrx_word' id='word_1_56' title='bbox 209 1252 294 1300; x_wconf 87' lang='lat' dir='ltr'>nem</span> <span class='ocrx_word' id='word_1_57' title='bbox 315 1226 560 1324; x_wconf 80' lang='lat' dir='ltr'>suspicionem</span> <span class='ocrx_word' id='word_1_58' title='bbox 578 1225 849 1324; x_wconf 80' lang='lat' dir='ltr'>propulsare²¹,</span> <span class='ocrx_word' id='word_1_59' title='bbox 866 1226 931 1321; x_wconf 90' lang='lat' dir='ltr'>qui</span> <span class='ocrx_word' id='word_1_60' title='bbox 952 1246 990 1293; x_wconf 88' lang='lat' dir='ltr'>se</span> <span class='ocrx_word' id='word_1_61' title='bbox 1007 1222 1149 1320; x_wconf 90' lang='lat' dir='ltr'>eripere</span> <span class='ocrx_word' id='word_1_62' title='bbox 1164 1236 1209 1291; x_wconf 82' lang='lat' dir='ltr'>ert</span> <span class='ocrx_word' id='word_1_63' title='bbox 1226 1220 1278 1289; x_wconf 91' lang='lat' dir='ltr'>in·</span> 
     </span>
     <span class='ocr_line' id='line_1_9' title="bbox 209 1335 514 1433; baseline -0.02 -22"><span class='ocrx_word' id='word_1_64' title='bbox 209 1335 317 1411; x_wconf 80' lang='lat' dir='ltr'>[amia</span> <span class='ocrx_word' id='word_1_65' title='bbox 338 1336 514 1433; x_wconf 81' lang='lat' dir='ltr'>cuperet?</span> 
     </span>
    </p>

    <p class='ocr_par' dir='ltr' id='par_1_5' title="bbox 257 1438 1277 1529">
     <span class='ocr_line' id='line_1_10' title="bbox 257 1438 1277 1529; baseline -0.009 -13"><span class='ocrx_word' id='word_1_66' title='bbox 257 1449 349 1516; x_wconf 87' lang='lat' dir='ltr'><strong>LXI.</strong></span> <span class='ocrx_word' id='word_1_67' title='bbox 378 1444 562 1516; x_wconf 87' lang='lat' dir='ltr'>Adductus</span> <span class='ocrx_word' id='word_1_68' title='bbox 579 1457 655 1515; x_wconf 91' lang='lat' dir='ltr'>erat</span> <span class='ocrx_word' id='word_1_69' title='bbox 672 1446 711 1514; x_wconf 90' lang='lat' dir='ltr'>in</span> <span class='ocrx_word' id='word_1_70' title='bbox 728 1467 955 1529; x_wconf 86' lang='lat' dir='ltr'>sermonem,</span> <span class='ocrx_word' id='word_1_71' title='bbox 971 1438 1164 1525; x_wconf 88' lang='lat' dir='ltr'>invidiam,</span> <span class='ocrx_word' id='word_1_72' title='bbox 1182 1439 1277 1508; x_wconf 90' lang='lat' dir='ltr'>vitu·</span> 
     </span>
    </p>
   </div>
   <div class='ocr_carea' id='block_1_5' title="bbox 144 1550 1278 1651">
    <p class='ocr_par' dir='ltr' id='par_1_6' title="bbox 144 1550 1278 1651">
     <span class='ocr_line' id='line_1_11' title="bbox 144 1550 1278 1651; baseline -0.005 -27"><span class='ocrx_word' id='word_1_73' title='bbox 144 1570 149 1573; x_wconf 73' lang='grc'><em>’</em></span> <span class='ocrx_word' id='word_1_74' title='bbox 211 1554 453 1651; x_wconf 64' lang='lat' dir='ltr'>perationem</span> <span class='ocrx_word' id='word_1_75' title='bbox 466 1551 643 1622; x_wconf 85' lang='lat' dir='ltr'>dictitarat</span> <span class='ocrx_word' id='word_1_76' title='bbox 657 1551 771 1623; x_wconf 91' lang='lat' dir='ltr'>homo</span> <span class='ocrx_word' id='word_1_77' title='bbox 780 1550 969 1650; x_wconf 89' lang='lat' dir='ltr'>improbus</span> <span class='ocrx_word' id='word_1_78' title='bbox 982 1565 1090 1647; x_wconf 86' lang='lat' dir='ltr'>atque</span> <span class='ocrx_word' id='word_1_79' title='bbox 1101 1551 1278 1647; x_wconf 88' lang='lat' dir='ltr'>impurus,</span> 
     </span>
    </p>
   </div>
   <div class='ocr_carea' id='block_1_6' title="bbox 212 1659 1279 1758">
    <p class='ocr_par' dir='ltr' id='par_1_7' title="bbox 212 1659 1279 1758">
     <span class='ocr_line' id='line_1_12' title="bbox 212 1659 1279 1758; baseline -0.003 -26"><span class='ocrx_word' id='word_1_80' title='bbox 212 1662 417 1758; x_wconf 79' lang='lat' dir='ltr'>Apronius,</span> <span class='ocrx_word' id='word_1_81' title='bbox 438 1662 574 1732; x_wconf 89' lang='lat' dir='ltr'>socium</span> <span class='ocrx_word' id='word_1_82' title='bbox 601 1684 677 1732; x_wconf 89' lang='lat' dir='ltr'>esse</span> <span class='ocrx_word' id='word_1_83' title='bbox 696 1676 904 1758; x_wconf 81' lang='lat' dir='ltr'>praetorem3</span> <span class='ocrx_word' id='word_1_84' title='bbox 923 1674 1072 1731; x_wconf 85' lang='lat' dir='ltr'>venerat</span> <span class='ocrx_word' id='word_1_85' title='bbox 1089 1684 1146 1730; x_wconf 87' lang='lat' dir='ltr'>res</span> <span class='ocrx_word' id='word_1_86' title='bbox 1162 1660 1203 1729; x_wconf 91' lang='lat' dir='ltr'>in</span> <span class='ocrx_word' id='word_1_87' title='bbox 1220 1659 1279 1754; x_wconf 84' lang='lat' dir='ltr'>ju·</span> 
     </span>
    </p>
   </div>
   <div class='ocr_carea' id='block_1_7' title="bbox 112 1768 1276 1867">
    <p class='ocr_par' dir='ltr' id='par_1_8' title="bbox 112 1768 1276 1867">
     <span class='ocr_line' id='line_1_13' title="bbox 112 1768 1276 1867; baseline -0.003 -26"><span class='ocrx_word' id='word_1_88' title='bbox 112 1828 115 1841; x_wconf 95' lang='grc'>.</span> <span class='ocrx_word' id='word_1_89' title='bbox 212 1770 347 1852; x_wconf 85' lang='lat' dir='ltr'>dicium</span> <span class='ocrx_word' id='word_1_90' title='bbox 372 1785 481 1867; x_wconf 87' lang='lat' dir='ltr'>atque</span> <span class='ocrx_word' id='word_1_91' title='bbox 509 1769 724 1859; x_wconf 87' lang='lat' dir='ltr'>discrimen;</span> <span class='ocrx_word' id='word_1_92' title='bbox 751 1785 909 1867; x_wconf 90' lang='lat' dir='ltr'>potestas</span> <span class='ocrx_word' id='word_1_93' title='bbox 933 1784 1009 1841; x_wconf 90' lang='lat' dir='ltr'>erat</span> <span class='ocrx_word' id='word_1_94' title='bbox 1035 1770 1111 1856; x_wconf 87' lang='lat' dir='ltr'>isti,</span> <span class='ocrx_word' id='word_1_95' title='bbox 1136 1768 1276 1839; x_wconf 89' lang='lat' dir='ltr'>homini</span> 
     </span>
    </p>
   </div>
   <div class='ocr_carea' id='block_1_8' title="bbox 142 1879 1276 1978">
    <p class='ocr_par' dir='ltr' id='par_1_9' title="bbox 142 1879 1276 1978">
     <span class='ocr_line' id='line_1_14' title="bbox 142 1879 1276 1978; baseline -0.004 -26"><span class='ocrx_word' id='word_1_96' title='bbox 142 1910 146 1921; x_wconf 61' lang='lat'><strong>¹</strong></span> <span class='ocrx_word' id='word_1_97' title='bbox 213 1883 354 1976; x_wconf 90' lang='lat' dir='ltr'>integro</span> <span class='ocrx_word' id='word_1_98' title='bbox 371 1894 481 1977; x_wconf 86' lang='lat' dir='ltr'>atque</span> <span class='ocrx_word' id='word_1_99' title='bbox 499 1883 707 1968; x_wconf 89' lang='lat' dir='ltr'>innocenti,</span> <span class='ocrx_word' id='word_1_100' title='bbox 720 1879 823 1968; x_wconf 89' lang='lat' dir='ltr'>data,</span> <span class='ocrx_word' id='word_1_101' title='bbox 837 1894 878 1951; x_wconf 90' lang='lat' dir='ltr'>ut</span> <span class='ocrx_word' id='word_1_102' title='bbox 892 1882 930 1950; x_wconf 91' lang='lat' dir='ltr'>in</span> <span class='ocrx_word' id='word_1_103' title='bbox 946 1880 1148 1978; x_wconf 89' lang='lat' dir='ltr'>Apronium</span> <span class='ocrx_word' id='word_1_104' title='bbox 1162 1903 1276 1976; x_wconf 89' lang='lat' dir='ltr'>quum</span> 
     </span>
    </p>
   </div>
   <div class='ocr_carea' id='block_1_9' title="bbox 145 4266 156 4303">
    <p class='ocr_par' dir='ltr' id='par_1_10' title="bbox 145 4266 156 4303">
     <span class='ocr_line' id='line_1_15' title="bbox 145 4266 156 4303; baseline 0 0"><span class='ocrx_word' id='word_1_105' title='bbox 145 4266 156 4303; x_wconf 84' lang='lat' dir='ltr'>l</span> 
     </span>
    </p>
   </div>
   <div class='ocr_carea' id='block_1_10' title="bbox 212 1987 1278 2099">
    <p class='ocr_par' dir='ltr' id='par_1_11' title="bbox 212 1987 1278 2099">
     <span class='ocr_line' id='line_1_16' title="bbox 212 1987 1278 2099; baseline -0.004 -39"><span class='ocrx_word' id='word_1_106' title='bbox 212 1990 541 2078; x_wconf 83' lang='lat' dir='ltr'>animadvertisset,</span> <span class='ocrx_word' id='word_1_107' title='bbox 555 2016 633 2099; x_wconf 84' lang='lat' dir='ltr'>sese</span> <span class='ocrx_word' id='word_1_108' title='bbox 649 1995 855 2088; x_wconf 88' lang='lat' dir='ltr'>gravissima</span> <span class='ocrx_word' id='word_1_109' title='bbox 866 1991 1000 2062; x_wconf 88' lang='lat' dir='ltr'>levaret</span> <span class='ocrx_word' id='word_1_110' title='bbox 1011 1988 1166 2061; x_wconf 88' lang='lat' dir='ltr'>infamia.</span> <span class='ocrx_word' id='word_1_111' title='bbox 1180 1987 1278 2079; x_wconf 80' lang='lat' dir='ltr'>Quid</span> 
     </span>
    </p>
   </div>
   <div class='ocr_carea' id='block_1_11' title="bbox 212 2099 1452 2200">
    <p class='ocr_par' dir='ltr' id='par_1_12' title="bbox 212 2099 1452 2200">
     <span class='ocr_line' id='line_1_17' title="bbox 212 2099 1452 2200; baseline -0.006 -28"><span class='ocrx_word' id='word_1_112' title='bbox 212 2102 390 2199; x_wconf 79' lang='lat' dir='ltr'>excogitat</span> <span class='ocrx_word' id='word_1_113' title='bbox 405 2104 545 2200; x_wconf 81' lang='lat' dir='ltr'>poenae?</span> <span class='ocrx_word' id='word_1_114' title='bbox 565 2102 654 2198; x_wconf 91' lang='lat' dir='ltr'>quid</span> <span class='ocrx_word' id='word_1_115' title='bbox 669 2102 987 2197; x_wconf 86' lang='lat' dir='ltr'>animadversionis</span> <span class='ocrx_word' id='word_1_116' title='bbox 1000 2102 1040 2170; x_wconf 89' lang='lat' dir='ltr'>in</span> <span class='ocrx_word' id='word_1_117' title='bbox 1054 2099 1280 2198; x_wconf 78' lang='lat' dir='ltr'>Apronium?</span> <span class='ocrx_word' id='word_1_118' title='bbox 1357 2148 1359 2153; x_wconf 84' lang='grc'>-</span> <span class='ocrx_word' id='word_1_119' title='bbox 1450 2140 1452 2149; x_wconf 90' lang='lat'>·</span> 
     </span>
    </p>
   </div>
   <div class='ocr_carea' id='block_1_12' title="bbox 212 2206 1278 2310">
    <p class='ocr_par' dir='ltr' id='par_1_13' title="bbox 212 2206 1278 2310">
     <span class='ocr_line' id='line_1_18' title="bbox 212 2206 1278 2310; baseline -0.008 -27"><span class='ocrx_word' id='word_1_120' title='bbox 212 2213 308 2310; x_wconf 83' lang='lat' dir='ltr'>cogit</span> <span class='ocrx_word' id='word_1_121' title='bbox 334 2212 553 2283; x_wconf 86' lang='lat' dir='ltr'>Scandilium</span> <span class='ocrx_word' id='word_1_122' title='bbox 580 2214 764 2310; x_wconf 80' lang='lat' dir='ltr'>Apronio,</span> <span class='ocrx_word' id='word_1_123' title='bbox 788 2210 837 2282; x_wconf 94' lang='lat' dir='ltr'>ob</span> <span class='ocrx_word' id='word_1_124' title='bbox 864 2209 1082 2306; x_wconf 85' lang='lat' dir='ltr'>singularem</span> <span class='ocrx_word' id='word_1_125' title='bbox 1102 2206 1278 2304; x_wconf 89' lang='lat' dir='ltr'>improbi-</span> 
     </span>
    </p>
   </div>
   <div class='ocr_carea' id='block_1_13' title="bbox 166 2317 1281 2420">
    <p class='ocr_par' dir='ltr' id='par_1_14' title="bbox 166 2317 1281 2420">
     <span class='ocr_line' id='line_1_19' title="bbox 166 2317 1281 2420; baseline -0.002 -30"><span class='ocrx_word' id='word_1_126' title='bbox 166 2409 169 2413; x_wconf 22' lang='lat'>·</span> <span class='ocrx_word' id='word_1_127' title='bbox 213 2334 324 2392; x_wconf 89' lang='lat' dir='ltr'>tatem</span> <span class='ocrx_word' id='word_1_128' title='bbox 337 2335 448 2417; x_wconf 86' lang='lat' dir='ltr'>atque</span> <span class='ocrx_word' id='word_1_129' title='bbox 462 2320 666 2408; x_wconf 80' lang='lat' dir='ltr'>audaciam,</span> <span class='ocrx_word' id='word_1_130' title='bbox 685 2321 1050 2420; x_wconf 84' lang='lat' dir='ltr'>praedicationemque</span> <span class='ocrx_word' id='word_1_131' title='bbox 1066 2317 1210 2390; x_wconf 81' lang='lat' dir='ltr'>nefariae</span> <span class='ocrx_word' id='word_1_132' title='bbox 1225 2342 1281 2388; x_wconf 85' lang='lat' dir='ltr'>so·</span> 
     </span>
    </p>
   </div>
   <div class='ocr_carea' id='block_1_14' title="bbox 213 2427 1289 3404">
    <p class='ocr_par' dir='ltr' id='par_1_15' title="bbox 213 2427 1289 3404">
     <span class='ocr_line' id='line_1_20' title="bbox 213 2427 1280 2529; baseline -0.005 -27"><span class='ocrx_word' id='word_1_133' title='bbox 213 2431 367 2519; x_wconf 81' lang='lat' dir='ltr'>cietatis,</span> <span class='ocrx_word' id='word_1_134' title='bbox 383 2434 458 2501; x_wconf 88' lang='lat' dir='ltr'>H·S</span> <span class='ocrx_word' id='word_1_135' title='bbox 480 2458 502 2501; x_wconf 92' lang='lat' dir='ltr'>v</span> <span class='ocrx_word' id='word_1_136' title='bbox 523 2432 634 2502; x_wconf 89' lang='lat' dir='ltr'>millia</span> <span class='ocrx_word' id='word_1_137' title='bbox 653 2432 828 2504; x_wconf 87' lang='lat' dir='ltr'>mercedis</span> <span class='ocrx_word' id='word_1_138' title='bbox 846 2456 887 2502; x_wconf 90' lang='lat' dir='ltr'>ac</span> <span class='ocrx_word' id='word_1_139' title='bbox 909 2434 1044 2529; x_wconf 62' lang='lat' dir='ltr'>premii</span> <span class='ocrx_word' id='word_1_140' title='bbox 1061 2428 1157 2501; x_wconf 89' lang='lat' dir='ltr'>dare.</span> <span class='ocrx_word' id='word_1_141' title='bbox 1181 2427 1280 2519; x_wconf 86' lang='lat' dir='ltr'>Quid</span> 
     </span>
     <span class='ocr_line' id='line_1_21' title="bbox 213 2538 1278 2631; baseline -0.001 -21"><span class='ocrx_word' id='word_1_142' title='bbox 213 2538 397 2628; x_wconf 80' lang='lat' dir='ltr'>interfuit,</span> <span class='ocrx_word' id='word_1_143' title='bbox 419 2540 532 2612; x_wconf 90' lang='lat' dir='ltr'>homo</span> <span class='ocrx_word' id='word_1_144' title='bbox 550 2540 802 2631; x_wconf 86' lang='lat' dir='ltr'>audacissime,</span> <span class='ocrx_word' id='word_1_145' title='bbox 824 2556 948 2613; x_wconf 89' lang='lat' dir='ltr'>utrum</span> <span class='ocrx_word' id='word_1_146' title='bbox 963 2540 1034 2631; x_wconf 83' lang='lat' dir='ltr'>hoc</span> <span class='ocrx_word' id='word_1_147' title='bbox 1051 2538 1278 2626; x_wconf 88' lang='lat' dir='ltr'>decerneres;</span> 
     </span>
     <span class='ocr_line' id='line_1_22' title="bbox 214 2648 1277 2750; baseline -0.004 -28"><span class='ocrx_word' id='word_1_148' title='bbox 214 2675 260 2723; x_wconf 87' lang='lat' dir='ltr'>an</span> <span class='ocrx_word' id='word_1_149' title='bbox 280 2650 338 2738; x_wconf 92' lang='lat' dir='ltr'>id,</span> <span class='ocrx_word' id='word_1_150' title='bbox 357 2649 458 2748; x_wconf 91' lang='lat' dir='ltr'>quod</span> <span class='ocrx_word' id='word_1_151' title='bbox 478 2653 661 2750; x_wconf 88' lang='lat' dir='ltr'>Apronius</span> <span class='ocrx_word' id='word_1_152' title='bbox 683 2650 886 2740; x_wconf 88' lang='lat' dir='ltr'>dictitabat,</span> <span class='ocrx_word' id='word_1_153' title='bbox 907 2666 985 2722; x_wconf 91' lang='lat' dir='ltr'>tute</span> <span class='ocrx_word' id='word_1_154' title='bbox 1006 2650 1051 2721; x_wconf 93' lang='lat' dir='ltr'>de</span> <span class='ocrx_word' id='word_1_155' title='bbox 1073 2665 1109 2722; x_wconf 91' lang='lat' dir='ltr'>te</span> <span class='ocrx_word' id='word_1_156' title='bbox 1129 2648 1277 2747; x_wconf 87' lang='lat' dir='ltr'>profite-</span> 
     </span>
     <span class='ocr_line' id='line_1_23' title="bbox 214 2759 1279 2859; baseline -0.001 -30"><span class='ocrx_word' id='word_1_157' title='bbox 214 2783 295 2832; x_wconf 87' lang='lat' dir='ltr'>rere</span> <span class='ocrx_word' id='word_1_158' title='bbox 316 2785 358 2833; x_wconf 87' lang='lat' dir='ltr'>ac</span> <span class='ocrx_word' id='word_1_159' title='bbox 374 2760 579 2834; x_wconf 83' lang='lat' dir='ltr'>dictitares?</span> <span class='ocrx_word' id='word_1_160' title='bbox 594 2765 713 2852; x_wconf 90' lang='lat' dir='ltr'>Quem</span> <span class='ocrx_word' id='word_1_161' title='bbox 730 2763 917 2834; x_wconf 90' lang='lat' dir='ltr'>hominem</span> <span class='ocrx_word' id='word_1_162' title='bbox 928 2773 956 2847; x_wconf 84' lang='lat'>¹,</span> <span class='ocrx_word' id='word_1_163' title='bbox 968 2767 997 2832; x_wconf 93' lang='lat' dir='ltr'>si</span> <span class='ocrx_word' id='word_1_164' title='bbox 1014 2762 1096 2857; x_wconf 89' lang='lat' dir='ltr'>quis</span> <span class='ocrx_word' id='word_1_165' title='bbox 1106 2759 1226 2859; x_wconf 92' lang='lat' dir='ltr'>pudor</span> <span class='ocrx_word' id='word_1_166' title='bbox 1243 2761 1279 2829; x_wconf 91' lang='lat' dir='ltr'>in</span> 
     </span>
     <span class='ocr_line' id='line_1_24' title="bbox 217 2870 1280 2971; baseline -0.003 -28"><span class='ocrx_word' id='word_1_167' title='bbox 217 2884 273 2959; x_wconf 83' lang='lat' dir='ltr'>te,</span> <span class='ocrx_word' id='word_1_168' title='bbox 293 2885 402 2968; x_wconf 85' lang='lat' dir='ltr'>atque</span> <span class='ocrx_word' id='word_1_169' title='bbox 419 2871 511 2944; x_wconf 90' lang='lat' dir='ltr'>adeo</span> <span class='ocrx_word' id='word_1_170' title='bbox 529 2875 558 2945; x_wconf 89' lang='lat' dir='ltr'>si</span> <span class='ocrx_word' id='word_1_171' title='bbox 577 2875 659 2971; x_wconf 88' lang='lat' dir='ltr'>quis</span> <span class='ocrx_word' id='word_1_172' title='bbox 681 2884 824 2945; x_wconf 83' lang='lat' dir='ltr'>metus²</span> <span class='ocrx_word' id='word_1_173' title='bbox 846 2872 989 2960; x_wconf 86' lang='lat' dir='ltr'>fuisset,</span> <span class='ocrx_word' id='word_1_174' title='bbox 1007 2873 1084 2941; x_wconf 89' lang='lat' dir='ltr'>sine</span> <span class='ocrx_word' id='word_1_175' title='bbox 1102 2870 1280 2969; x_wconf 89' lang='lat' dir='ltr'>supplicio</span> 
     </span>
     <span class='ocr_line' id='line_1_25' title="bbox 216 2979 1284 3077; baseline -0.001 -28"><span class='ocrx_word' id='word_1_176' title='bbox 216 2979 395 3052; x_wconf 86' lang='lat' dir='ltr'>dimittere</span> <span class='ocrx_word' id='word_1_177' title='bbox 415 3008 491 3053; x_wconf 93' lang='lat' dir='ltr'>non</span> <span class='ocrx_word' id='word_1_178' title='bbox 509 2982 686 3073; x_wconf 81' lang='lat' dir='ltr'>debuisti3</span> <span class='ocrx_word' id='word_1_179' title='bbox 701 2984 801 3055; x_wconf 91' lang='lat' dir='ltr'>hunc</span> <span class='ocrx_word' id='word_1_180' title='bbox 816 2982 880 3053; x_wconf 88' lang='lat' dir='ltr'>abs</span> <span class='ocrx_word' id='word_1_181' title='bbox 900 2997 936 3053; x_wconf 89' lang='lat' dir='ltr'>te</span> <span class='ocrx_word' id='word_1_182' title='bbox 953 2983 1030 3052; x_wconf 91' lang='lat' dir='ltr'>sine</span> <span class='ocrx_word' id='word_1_183' title='bbox 1048 2982 1196 3077; x_wconf 90' lang='lat' dir='ltr'>praemio</span> <span class='ocrx_word' id='word_1_184' title='bbox 1214 2979 1284 3049; x_wconf 86' lang='lat' dir='ltr'>dis-</span> 
     </span>
     <span class='ocr_line' id='line_1_26' title="bbox 216 3077 1289 3189; baseline -0.004 -27"><span class='ocrx_word' id='word_1_185' title='bbox 216 3088 347 3177; x_wconf 83' lang='lat' dir='ltr'>cedere</span> <span class='ocrx_word' id='word_1_186' title='bbox 374 3092 533 3163; x_wconf 89' lang='lat' dir='ltr'>noluisti.</span> <span class='ocrx_word' id='word_1_187' title='bbox 565 3097 695 3165; x_wconf 87' lang='lat' dir='ltr'>Omnia</span> <span class='ocrx_word' id='word_1_188' title='bbox 730 3094 838 3166; x_wconf 86' lang='lat' dir='ltr'>simul</span> <span class='ocrx_word' id='word_1_189' title='bbox 870 3092 1065 3189; x_wconf 86' lang='lat' dir='ltr'>intelligere</span> <span class='ocrx_word' id='word_1_190' title='bbox 1091 3090 1261 3189; x_wconf 86' lang='lat' dir='ltr'>potuistis</span> <span class='ocrx_word' id='word_1_191' title='bbox 1272 3077 1289 3171; x_wconf 54' lang='lat'>,‘</span> 
     </span>
     <span class='ocr_line' id='line_1_27' title="bbox 215 3199 1282 3299; baseline -0.001 -28"><span class='ocrx_word' id='word_1_192' title='bbox 215 3199 376 3296; x_wconf 84' lang='lat' dir='ltr'>judices,</span> <span class='ocrx_word' id='word_1_193' title='bbox 400 3226 444 3273; x_wconf 80' lang='lat' dir='ltr'>ex</span> <span class='ocrx_word' id='word_1_194' title='bbox 468 3227 544 3273; x_wconf 90' lang='lat' dir='ltr'>uno</span> <span class='ocrx_word' id='word_1_195' title='bbox 565 3207 715 3275; x_wconf 90' lang='lat' dir='ltr'>crimine</span> <span class='ocrx_word' id='word_1_196' title='bbox 741 3202 991 3276; x_wconf 88' lang='lat' dir='ltr'>Scandiliano:</span> <span class='ocrx_word' id='word_1_197' title='bbox 1013 3203 1191 3299; x_wconf 88' lang='lat' dir='ltr'>primum,</span> <span class='ocrx_word' id='word_1_198' title='bbox 1211 3199 1282 3270; x_wconf 92' lang='lat' dir='ltr'>hoc</span> 
     </span>
     <span class='ocr_line' id='line_1_28' title="bbox 215 3311 1282 3404; baseline -0.003 -22"><span class='ocrx_word' id='word_1_199' title='bbox 215 3337 291 3404; x_wconf 85' lang='lat' dir='ltr'>uon</span> <span class='ocrx_word' id='word_1_200' title='bbox 321 3336 398 3383; x_wconf 86' lang='lat' dir='ltr'>esse</span> <span class='ocrx_word' id='word_1_201' title='bbox 428 3317 552 3383; x_wconf 79' lang='lat' dir='ltr'>Romae</span> <span class='ocrx_word' id='word_1_202' title='bbox 582 3312 732 3383; x_wconf 82' lang='lat' dir='ltr'>natum³</span> <span class='ocrx_word' id='word_1_203' title='bbox 762 3313 808 3386; x_wconf 93' lang='lat' dir='ltr'>de</span> <span class='ocrx_word' id='word_1_204' title='bbox 835 3314 1004 3386; x_wconf 86' lang='lat' dir='ltr'>societate</span> <span class='ocrx_word' id='word_1_205' title='bbox 1029 3311 1282 3396; x_wconf 86' lang='lat' dir='ltr'>decumarum,</span> 
     </span>
    </p>
   </div>
   <div class='ocr_carea' id='block_1_15' title="bbox 214 3548 1284 4259">
    <p class='ocr_par' dir='ltr' id='par_1_16' title="bbox 214 3548 1283 3855">
     <span class='ocr_line' id='line_1_29' title="bbox 214 3548 1283 3615; baseline -0.007 -15"><span class='ocrx_word' id='word_1_206' title='bbox 214 3550 279 3615; x_wconf 81' lang='lat' dir='ltr'>ris),</span> <span class='ocrx_word' id='word_1_207' title='bbox 296 3548 350 3597; x_wconf 82' lang='lat' dir='ltr'>fieri</span> <span class='ocrx_word' id='word_1_208' title='bbox 361 3550 404 3598; x_wconf 87' lang='lat' dir='ltr'>nni</span> <span class='ocrx_word' id='word_1_209' title='bbox 422 3549 546 3614; x_wconf 79' lang='lat' dir='ltr'>Apronio,</span> <span class='ocrx_word' id='word_1_210' title='bbox 559 3554 643 3615; x_wconf 80' lang='lat' dir='ltr'>potius</span> <span class='ocrx_word' id='word_1_211' title='bbox 653 3567 725 3615; x_wconf 81' lang='lat' dir='ltr'>quam</span> <span class='ocrx_word' id='word_1_212' title='bbox 770 3550 845 3615; x_wconf 87' lang='lat' dir='ltr'>Quod</span> <span class='ocrx_word' id='word_1_213' title='bbox 858 3568 889 3599; x_wconf 86' lang='lat' dir='ltr'>ex</span> <span class='ocrx_word' id='word_1_214' title='bbox 903 3551 941 3599; x_wconf 86' lang='lat' dir='ltr'>ed.</span> <span class='ocrx_word' id='word_1_215' title='bbox 956 3550 982 3596; x_wconf 84' lang='lat' dir='ltr'>P.</span> <span class='ocrx_word' id='word_1_216' title='bbox 996 3549 1094 3597; x_wconf 78' lang='lat' dir='ltr'>Manat.</span> <span class='ocrx_word' id='word_1_217' title='bbox 1112 3549 1140 3596; x_wconf 89' lang='lat' dir='ltr'>in</span> <span class='ocrx_word' id='word_1_218' title='bbox 1154 3557 1283 3611; x_wconf 80' lang='lat' dir='ltr'>sequentes</span> 
     </span>
     <span class='ocr_line' id='line_1_30' title="bbox 214 3628 875 3701; baseline -0.009 -18"><span class='ocrx_word' id='word_1_219' title='bbox 214 3628 340 3701; x_wconf 70' lang='lat' dir='ltr'>rejiciendi</span> <span class='ocrx_word' id='word_1_220' title='bbox 350 3628 501 3696; x_wconf 70' lang='lat' dir='ltr'>(seligendi)</span> <span class='ocrx_word' id='word_1_221' title='bbox 517 3647 550 3678; x_wconf 82' lang='lat' dir='ltr'>ex</span> <span class='ocrx_word' id='word_1_222' title='bbox 558 3632 634 3695; x_wconf 77' lang='lat' dir='ltr'>aeqnis</span> <span class='ocrx_word' id='word_1_223' title='bbox 646 3630 724 3696; x_wconf 82' lang='lat' dir='ltr'>(inte-</span> <span class='ocrx_word' id='word_1_224' title='bbox 768 3630 875 3694; x_wconf 81' lang='lat' dir='ltr'>irrepsit.</span> 
     </span>
     <span class='ocr_line' id='line_1_31' title="bbox 214 3703 1282 3775; baseline -0.007 -18"><span class='ocrx_word' id='word_1_225' title='bbox 214 3710 263 3774; x_wconf 80' lang='lat' dir='ltr'>gris</span> <span class='ocrx_word' id='word_1_226' title='bbox 277 3708 418 3757; x_wconf 75' lang='lat' dir='ltr'>hominibus</span> <span class='ocrx_word' id='word_1_227' title='bbox 430 3708 461 3756; x_wconf 82' lang='lat' dir='ltr'>do</span> <span class='ocrx_word' id='word_1_228' title='bbox 473 3721 598 3759; x_wconf 79' lang='lat' dir='ltr'>conventu</span> <span class='ocrx_word' id='word_1_229' title='bbox 620 3713 724 3775; x_wconf 70' lang='lat' dir='ltr'>Syracu·</span> <span class='ocrx_word' id='word_1_230' title='bbox 804 3710 870 3757; x_wconf 77' lang='lat' dir='ltr'>m.</span> <span class='ocrx_word' id='word_1_231' title='bbox 903 3724 926 3755; x_wconf 86' lang='lat' dir='ltr'>r.</span> <span class='ocrx_word' id='word_1_232' title='bbox 955 3709 1031 3769; x_wconf 76' lang='lat' dir='ltr'>Quem</span> <span class='ocrx_word' id='word_1_233' title='bbox 1052 3703 1181 3753; x_wconf 74' lang='lat' dir='ltr'>hominem.</span> <span class='ocrx_word' id='word_1_234' title='bbox 1203 3706 1282 3767; x_wconf 87' lang='lat' dir='ltr'>Apro·</span> 
     </span>
     <span class='ocr_line' id='line_1_32' title="bbox 214 3787 847 3855; baseline -0.009 -16"><span class='ocrx_word' id='word_1_235' title='bbox 214 3788 546 3855; x_wconf 74' lang='lat' dir='ltr'>sano)ntrisqne(8onndilio</span> <span class='ocrx_word' id='word_1_236' title='bbox 555 3801 580 3839; x_wconf 81' lang='lat' dir='ltr'>et</span> <span class='ocrx_word' id='word_1_237' title='bbox 591 3788 724 3855; x_wconf 81' lang='lat' dir='ltr'>Apronio).</span> <span class='ocrx_word' id='word_1_238' title='bbox 770 3787 847 3834; x_wconf 80' lang='lat' dir='ltr'>niun.</span> 
     </span>
    </p>

    <p class='ocr_par' dir='ltr' id='par_1_17' title="bbox 214 3861 1284 4020">
     <span class='ocr_line' id='line_1_33' title="bbox 252 3861 1284 3934; baseline -0.011 -16"><span class='ocrx_word' id='word_1_239' title='bbox 252 3885 293 3933; x_wconf 65' lang='grc' dir='ltr'>ις.</span> <span class='ocrx_word' id='word_1_240' title='bbox 308 3870 421 3934; x_wconf 72' lang='lat' dir='ltr'>Quinque</span> <span class='ocrx_word' id='word_1_241' title='bbox 438 3868 482 3918; x_wconf 81' lang='lat' dir='ltr'>itta</span> <span class='ocrx_word' id='word_1_242' title='bbox 495 3869 591 3929; x_wconf 68' lang='lat' dir='ltr'>millia(</span> <span class='ocrx_word' id='word_1_243' title='bbox 598 3866 725 3931; x_wconf 59' lang='lat' dir='ltr'>nonfuit.)</span> <span class='ocrx_word' id='word_1_244' title='bbox 806 3881 831 3913; x_wconf 79' lang='lat' dir='ltr'>a.</span> <span class='ocrx_word' id='word_1_245' title='bbox 842 3864 870 3913; x_wconf 78' lang='lat' dir='ltr'>si</span> <span class='ocrx_word' id='word_1_246' title='bbox 879 3862 934 3928; x_wconf 79' lang='lat' dir='ltr'>quir</span> <span class='ocrx_word' id='word_1_247' title='bbox 947 3874 1032 3910; x_wconf 70' lang='lat' dir='ltr'>metro.</span> <span class='ocrx_word' id='word_1_248' title='bbox 1043 3865 1135 3925; x_wconf 77' lang='lat' dir='ltr'>Legunt</span> <span class='ocrx_word' id='word_1_249' title='bbox 1146 3861 1284 3922; x_wconf 71' lang='lat' dir='ltr'>sejudicio</span> 
     </span>
     <span class='ocr_line' id='line_1_34' title="bbox 214 3941 1191 4020; baseline -0.008 -21"><span class='ocrx_word' id='word_1_250' title='bbox 214 3949 305 4020; x_wconf 74' lang='lat' dir='ltr'>qnibnr</span> <span class='ocrx_word' id='word_1_251' title='bbox 314 3948 449 3998; x_wconf 71' lang='lat' dir='ltr'>Scandilius</span> <span class='ocrx_word' id='word_1_252' title='bbox 461 3951 615 4014; x_wconf 71' lang='lat' dir='ltr'>sponsionem</span> <span class='ocrx_word' id='word_1_253' title='bbox 627 3950 725 3999; x_wconf 77' lang='lat' dir='ltr'>fecerat.</span> <span class='ocrx_word' id='word_1_254' title='bbox 767 3958 839 4005; x_wconf 84' lang='lat' dir='ltr'>rum,</span> <span class='ocrx_word' id='word_1_255' title='bbox 854 3959 910 4008; x_wconf 79' lang='lat' dir='ltr'>qnae</span> <span class='ocrx_word' id='word_1_256' title='bbox 924 3942 982 3989; x_wconf 85' lang='lat' dir='ltr'>inde</span> <span class='ocrx_word' id='word_1_257' title='bbox 996 3941 1056 3989; x_wconf 86' lang='lat' dir='ltr'>oriri</span> <span class='ocrx_word' id='word_1_258' title='bbox 1068 3951 1191 4006; x_wconf 75' lang='lat' dir='ltr'>poteram.</span> 
     </span>
    </p>

    <p class='ocr_par' dir='ltr' id='par_1_18' title="bbox 217 4021 1280 4162">
     <span class='ocr_line' id='line_1_35' title="bbox 250 4021 1280 4091; baseline -0.008 -14"><span class='ocrx_word' id='word_1_259' title='bbox 250 4045 294 4077; x_wconf 84' lang='lat' dir='ltr'>oo.</span> <span class='ocrx_word' id='word_1_260' title='bbox 312 4029 487 4077; x_wconf 77' lang='lat' dir='ltr'>Adnamomre.</span> <span class='ocrx_word' id='word_1_261' title='bbox 509 4028 584 4091; x_wconf 77' lang='lat' dir='ltr'>Quasi</span> <span class='ocrx_word' id='word_1_262' title='bbox 604 4027 647 4077; x_wconf 80' lang='lat' dir='ltr'>lite</span> <span class='ocrx_word' id='word_1_263' title='bbox 663 4028 724 4077; x_wconf 85' lang='lat' dir='ltr'>ceci·</span> <span class='ocrx_word' id='word_1_264' title='bbox 804 4021 1280 4073; x_wconf 71' lang='lat' dir='ltr'>3.a0maenaom.soeiensverriseun</span> 
     </span>
     <span class='ocr_line' id='line_1_36' title="bbox 217 4100 1280 4162; baseline -0.008 -5"><span class='ocrx_word' id='word_1_265' title='bbox 217 4107 290 4156; x_wconf 73' lang='lat' dir='ltr'>duret</span> <span class='ocrx_word' id='word_1_266' title='bbox 301 4107 446 4157; x_wconf 69' lang='lat' dir='ltr'>Scandilium.</span> <span class='ocrx_word' id='word_1_267' title='bbox 769 4105 908 4153; x_wconf 80' lang='lat' dir='ltr'>decumanis</span> <span class='ocrx_word' id='word_1_268' title='bbox 930 4119 981 4151; x_wconf 89' lang='lat' dir='ltr'>non</span> <span class='ocrx_word' id='word_1_269' title='bbox 1000 4100 1057 4150; x_wconf 82' lang='lat' dir='ltr'>licta</span> <span class='ocrx_word' id='word_1_270' title='bbox 1071 4113 1121 4162; x_wconf 82' lang='lat' dir='ltr'>est,</span> <span class='ocrx_word' id='word_1_271' title='bbox 1137 4118 1189 4151; x_wconf 94' lang='lat' dir='ltr'>non</span> <span class='ocrx_word' id='word_1_272' title='bbox 1205 4118 1280 4157; x_wconf 79' lang='lat' dir='ltr'>rana,</span> 
     </span>
    </p>

    <p class='ocr_par' dir='ltr' id='par_1_19' title="bbox 253 4184 1036 4259">
     <span class='ocr_line' id='line_1_37' title="bbox 253 4184 1036 4259; baseline -0.004 -25"><span class='ocrx_word' id='word_1_273' title='bbox 253 4201 295 4259; x_wconf 69' lang='lat' dir='ltr'>ar.</span> <span class='ocrx_word' id='word_1_274' title='bbox 317 4188 469 4254; x_wconf 78' lang='lat' dir='ltr'>Proprrlsarc.</span> <span class='ocrx_word' id='word_1_275' title='bbox 486 4187 549 4246; x_wconf 87' lang='lat' dir='ltr'>Alii,</span> <span class='ocrx_word' id='word_1_276' title='bbox 558 4187 724 4252; x_wconf 76' lang='lat' dir='ltr'>propulsam.</span> <span class='ocrx_word' id='word_1_277' title='bbox 769 4202 822 4235; x_wconf 87' lang='lat' dir='ltr'>non</span> <span class='ocrx_word' id='word_1_278' title='bbox 834 4188 918 4235; x_wconf 75' lang='lat' dir='ltr'>Ro‘mae</span> <span class='ocrx_word' id='word_1_279' title='bbox 926 4184 1036 4233; x_wconf 80' lang='lat' dir='ltr'>inventa.</span> 
     </span>
    </p>
   </div>
   <div class='ocr_carea' id='block_1_16' title="bbox 0 0 1598 4770">
    <p class='ocr_par' dir='ltr' id='par_1_20' title="bbox 0 0 1598 4770">
     <span class='ocr_line' id='line_1_38' title="bbox 0 0 1598 4770; baseline 0 0"><span class='ocrx_word' id='word_1_280' title='bbox 0 0 1598 4770; x_wconf 95' lang='lat' dir='ltr'> </span> 
     </span>
    </p>
   </div>
  </div>
 </body>
</html>
