<?xml version="1.0" encoding="UTF-8"?>
<!DOCTYPE html PUBLIC "-//W3C//DTD XHTML 1.0 Transitional//EN"
    "http://www.w3.org/TR/xhtml1/DTD/xhtml1-transitional.dtd">
<html xmlns="http://www.w3.org/1999/xhtml" xml:lang="en" lang="en">
 <head>
  <title>
</title>
<meta http-equiv="Content-Type" content="text/html;charset=utf-8" />
  <meta name='ocr-system' content='tesseract 3.04.00' />
  <meta name='ocr-capabilities' content='ocr_page ocr_carea ocr_par ocr_line ocrx_word'/>
</head>
<body>
  <div class='ocr_page' id='page_1' title='image "./mtciceronisquae00bouigoog_0406.png"; bbox 0 0 3148 4780; ppageno 0'>
   <div class='ocr_carea' id='block_1_1' title="bbox 391 400 1268 532">
    <p class='ocr_par' dir='ltr' id='par_1_1' title="bbox 391 400 1268 532">
     <span class='ocr_line' id='line_1_1' title="bbox 391 400 1268 532; baseline -0.001 -14"><span class='ocrx_word' id='word_1_1' title='bbox 391 450 447 519; x_wconf 82' lang='lat' dir='ltr'><strong>ru</strong></span> <span class='ocrx_word' id='word_1_2' title='bbox 469 400 686 517; x_wconf 76' lang='lat' dir='ltr'><strong>vaauen</strong></span> <span class='ocrx_word' id='word_1_3' title='bbox 710 448 820 518; x_wconf 79' lang='lat' dir='ltr'><strong>aur.</strong></span> <span class='ocrx_word' id='word_1_4' title='bbox 847 447 902 532; x_wconf 88' lang='lat'><strong>11,</strong></span> <span class='ocrx_word' id='word_1_5' title='bbox 927 446 1021 515; x_wconf 79' lang='lat' dir='ltr'><strong>ura.</strong></span> <span class='ocrx_word' id='word_1_6' title='bbox 1045 446 1086 514; x_wconf 89' lang='lat' dir='ltr'><strong>v.</strong></span> <span class='ocrx_word' id='word_1_7' title='bbox 1199 436 1268 517; x_wconf 73' lang='lat' dir='ltr'><strong>aas</strong></span> 
     </span>
    </p>
   </div>
   <div class='ocr_carea' id='block_1_2' title="bbox 210 568 1320 3428">
    <p class='ocr_par' dir='ltr' id='par_1_2' title="bbox 210 568 1320 1624">
     <span class='ocr_line' id='line_1_2' title="bbox 210 568 1272 665; baseline -0.005 -23"><span class='ocrx_word' id='word_1_8' title='bbox 210 574 266 643; x_wconf 79' lang='lat' dir='ltr'><strong>rir</strong></span> <span class='ocrx_word' id='word_1_9' title='bbox 283 568 511 642; x_wconf 88' lang='lat' dir='ltr'><strong>accumberet</strong></span> <span class='ocrx_word' id='word_1_10' title='bbox 531 589 659 654; x_wconf 84' lang='lat' dir='ltr'><strong>nemo,</strong></span> <span class='ocrx_word' id='word_1_11' title='bbox 677 581 807 665; x_wconf 76' lang='lat' dir='ltr'><strong>prater</strong></span> <span class='ocrx_word' id='word_1_12' title='bbox 824 570 943 664; x_wconf 92' lang='lat' dir='ltr'><strong>ipsum</strong></span> <span class='ocrx_word' id='word_1_13' title='bbox 967 580 1003 636; x_wconf 86' lang='lat' dir='ltr'><strong>et</strong></span> <span class='ocrx_word' id='word_1_14' title='bbox 1023 580 1272 663; x_wconf 73' lang='lat' dir='ltr'><strong>praetextatum</strong></span> 
     </span>
     <span class='ocr_line' id='line_1_3' title="bbox 211 673 1270 773; baseline -0.004 -22"><span class='ocrx_word' id='word_1_15' title='bbox 211 679 326 752; x_wconf 90' lang='lat' dir='ltr'><strong>filium</strong></span> <span class='ocrx_word' id='word_1_16' title='bbox 345 706 353 749; x_wconf 91' lang='lat'><strong>:</strong></span> <span class='ocrx_word' id='word_1_17' title='bbox 372 681 512 750; x_wconf 87' lang='lat' dir='ltr'><strong>tametsi</strong></span> <span class='ocrx_word' id='word_1_18' title='bbox 539 688 660 748; x_wconf 86' lang='lat' dir='ltr'><strong>recte⁷</strong></span> <span class='ocrx_word' id='word_1_19' title='bbox 681 679 759 749; x_wconf 91' lang='lat' dir='ltr'><strong>sine</strong></span> <span class='ocrx_word' id='word_1_20' title='bbox 780 677 992 773; x_wconf 83' lang='lat' dir='ltr'><strong>exceptione</strong></span> <span class='ocrx_word' id='word_1_21' title='bbox 1013 673 1190 767; x_wconf 83' lang='lat' dir='ltr'>dixeram,</span> <span class='ocrx_word' id='word_1_22' title='bbox 1218 679 1270 747; x_wconf 89' lang='lat' dir='ltr'><strong>vi·</strong></span> 
     </span>
     <span class='ocr_line' id='line_1_4' title="bbox 212 782 1272 885; baseline -0.004 -24"><span class='ocrx_word' id='word_1_23' title='bbox 212 813 314 876; x_wconf 90' lang='lat' dir='ltr'><strong>rum,</strong></span> <span class='ocrx_word' id='word_1_24' title='bbox 332 810 446 885; x_wconf 93' lang='lat' dir='ltr'><strong>quum</strong></span> <span class='ocrx_word' id='word_1_25' title='bbox 469 789 528 857; x_wconf 87' lang='lat' dir='ltr'><strong>isti</strong></span> <span class='ocrx_word' id='word_1_26' title='bbox 555 799 693 873; x_wconf 83' lang='lat' dir='ltr'><strong>essent,</strong></span> <span class='ocrx_word' id='word_1_27' title='bbox 726 789 908 856; x_wconf 90' lang='lat' dir='ltr'><strong>neminem</strong></span> <span class='ocrx_word' id='word_1_28' title='bbox 931 782 1051 856; x_wconf 85' lang='lat' dir='ltr'><strong>fuisse.</strong></span> <span class='ocrx_word' id='word_1_29' title='bbox 1081 789 1272 858; x_wconf 90' lang='lat' dir='ltr'><strong>Nonnum-</strong></span> 
     </span>
     <span class='ocr_line' id='line_1_5' title="bbox 213 891 1272 995; baseline -0.004 -26"><span class='ocrx_word' id='word_1_30' title='bbox 213 922 324 995; x_wconf 83' lang='lat' dir='ltr'><strong>quam</strong></span> <span class='ocrx_word' id='word_1_31' title='bbox 351 898 455 968; x_wconf 90' lang='lat' dir='ltr'><strong>etiam</strong></span> <span class='ocrx_word' id='word_1_32' title='bbox 478 893 628 966; x_wconf 89' lang='lat' dir='ltr'><strong>libertus</strong></span> <span class='ocrx_word' id='word_1_33' title='bbox 651 892 894 965; x_wconf 77' lang='lat' dir='ltr'><strong>Timarchides</strong></span> <span class='ocrx_word' id='word_1_34' title='bbox 917 891 1169 965; x_wconf 83' lang='lat' dir='ltr'><strong>adhibebatur.</strong></span> <span class='ocrx_word' id='word_1_35' title='bbox 1190 899 1272 966; x_wconf 90' lang='lat' dir='ltr'><strong>Mu·</strong></span> 
     </span>
     <span class='ocr_line' id='line_1_6' title="bbox 214 1000 1320 1103; baseline -0.005 -24"><span class='ocrx_word' id='word_1_36' title='bbox 214 1010 318 1080; x_wconf 87' lang='lat' dir='ltr'><strong>lieres</strong></span> <span class='ocrx_word' id='word_1_37' title='bbox 346 1022 466 1078; x_wconf 83' lang='lat' dir='ltr'><strong>autem</strong></span> <span class='ocrx_word' id='word_1_38' title='bbox 496 1020 618 1103; x_wconf 86' lang='lat' dir='ltr'><strong>nuptae</strong></span> <span class='ocrx_word' id='word_1_39' title='bbox 652 1003 814 1094; x_wconf 86' lang='lat' dir='ltr'><strong>nobiles,</strong></span> <span class='ocrx_word' id='word_1_40' title='bbox 845 1017 974 1103; x_wconf 71' lang='lat' dir='ltr'><strong>praeter</strong></span> <span class='ocrx_word' id='word_1_41' title='bbox 1012 1000 1146 1074; x_wconf 85' lang='lat' dir='ltr'><strong>unam⁸</strong></span> <span class='ocrx_word' id='word_1_42' title='bbox 1172 1006 1274 1074; x_wconf 90' lang='lat' dir='ltr'><strong>mimi</strong></span> <span class='ocrx_word' id='word_1_43' title='bbox 1315 1085 1320 1095; x_wconf 88' lang='lat'><em>.</em></span> 
     </span>
     <span class='ocr_line' id='line_1_7' title="bbox 213 1110 1274 1214; baseline -0.007 -25"><span class='ocrx_word' id='word_1_44' title='bbox 213 1117 341 1190; x_wconf 80' lang='lat' dir='ltr'><strong>Isidori</strong></span> <span class='ocrx_word' id='word_1_45' title='bbox 351 1115 477 1205; x_wconf 86' lang='lat' dir='ltr'><strong>liliam,</strong></span> <span class='ocrx_word' id='word_1_46' title='bbox 487 1139 595 1213; x_wconf 90' lang='lat' dir='ltr'><strong>quam</strong></span> <span class='ocrx_word' id='word_1_47' title='bbox 610 1115 698 1203; x_wconf 88' lang='lat' dir='ltr'><strong>iste,</strong></span> <span class='ocrx_word' id='word_1_48' title='bbox 718 1128 868 1214; x_wconf 86' lang='lat' dir='ltr'><strong>propter</strong></span> <span class='ocrx_word' id='word_1_49' title='bbox 881 1136 1057 1202; x_wconf 89' lang='lat' dir='ltr'><strong>amorem,</strong></span> <span class='ocrx_word' id='word_1_50' title='bbox 1073 1110 1119 1183; x_wconf 90' lang='lat' dir='ltr'><strong>ab</strong></span> <span class='ocrx_word' id='word_1_51' title='bbox 1132 1110 1274 1183; x_wconf 89' lang='lat' dir='ltr'><strong>Rhodio</strong></span> 
     </span>
     <span class='ocr_line' id='line_1_8' title="bbox 213 1220 1273 1323; baseline -0.008 -25"><span class='ocrx_word' id='word_1_52' title='bbox 213 1227 361 1300; x_wconf 91' lang='lat' dir='ltr'><strong>tibicine</strong></span> <span class='ocrx_word' id='word_1_53' title='bbox 379 1225 601 1297; x_wconf 83' lang='lat' dir='ltr'><strong>abduxerat:</strong></span> <span class='ocrx_word' id='word_1_54' title='bbox 622 1227 735 1323; x_wconf 90' lang='lat' dir='ltr'><strong>Pippa</strong></span> <span class='ocrx_word' id='word_1_55' title='bbox 753 1220 964 1320; x_wconf 71' lang='lat' dir='ltr'><strong>quaedama,</strong></span> <span class='ocrx_word' id='word_1_56' title='bbox 983 1245 1076 1292; x_wconf 84' lang='lat' dir='ltr'><strong>uxor</strong></span> <span class='ocrx_word' id='word_1_57' title='bbox 1095 1220 1273 1292; x_wconf 86' lang='lat' dir='ltr'><strong>AEschrio·</strong></span> 
     </span>
     <span class='ocr_line' id='line_1_9' title="bbox 214 1333 1275 1433; baseline -0.002 -26"><span class='ocrx_word' id='word_1_58' title='bbox 214 1340 269 1408; x_wconf 86' lang='lat' dir='ltr'><strong>nis</strong></span> <span class='ocrx_word' id='word_1_59' title='bbox 286 1338 512 1433; x_wconf 86' lang='lat' dir='ltr'><strong>Syracusani,</strong></span> <span class='ocrx_word' id='word_1_60' title='bbox 533 1335 579 1407; x_wconf 89' lang='lat' dir='ltr'><strong>de</strong></span> <span class='ocrx_word' id='word_1_61' title='bbox 597 1360 669 1431; x_wconf 87' lang='lat' dir='ltr'><strong>qua</strong></span> <span class='ocrx_word' id='word_1_62' title='bbox 688 1337 839 1406; x_wconf 91' lang='lat' dir='ltr'><strong>muliere</strong></span> <span class='ocrx_word' id='word_1_63' title='bbox 867 1333 1012 1433; x_wconf 80' lang='lat' dir='ltr'><strong>plurimi</strong></span> <span class='ocrx_word' id='word_1_64' title='bbox 1042 1358 1183 1423; x_wconf 86' lang='lat' dir='ltr'><strong>versus,</strong></span> <span class='ocrx_word' id='word_1_65' title='bbox 1211 1338 1275 1432; x_wconf 91' lang='lat' dir='ltr'><strong>qui</strong></span> 
     </span>
     <span class='ocr_line' id='line_1_10' title="bbox 214 1442 1276 1545; baseline 0.001 -30"><span class='ocrx_word' id='word_1_66' title='bbox 214 1448 253 1516; x_wconf 91' lang='lat' dir='ltr'><strong>in</strong></span> <span class='ocrx_word' id='word_1_67' title='bbox 277 1446 378 1515; x_wconf 91' lang='lat' dir='ltr'><strong>istius</strong></span> <span class='ocrx_word' id='word_1_68' title='bbox 400 1444 632 1542; x_wconf 80' lang='lat' dir='ltr'><strong>cupiditatem</strong></span> <span class='ocrx_word' id='word_1_69' title='bbox 660 1442 742 1516; x_wconf 82' lang='lat' dir='ltr'><strong>facti</strong></span> <span class='ocrx_word' id='word_1_70' title='bbox 768 1459 868 1531; x_wconf 89' lang='lat' dir='ltr'><strong>sunt,</strong></span> <span class='ocrx_word' id='word_1_71' title='bbox 886 1459 962 1516; x_wconf 87' lang='lat' dir='ltr'><strong>tota</strong></span> <span class='ocrx_word' id='word_1_72' title='bbox 982 1443 1099 1516; x_wconf 88' lang='lat' dir='ltr'><strong>Sicilia</strong></span> <span class='ocrx_word' id='word_1_73' title='bbox 1116 1445 1276 1545; x_wconf 91' lang='lat' dir='ltr'><strong>percele-</strong></span> 
     </span>
     <span class='ocr_line' id='line_1_11' title="bbox 214 1554 379 1624; baseline -0.012 0"><span class='ocrx_word' id='word_1_74' title='bbox 214 1554 379 1624; x_wconf 86' lang='lat' dir='ltr'><strong>brantur.</strong></span> 
     </span>
    </p>

    <p class='ocr_par' dir='ltr' id='par_1_3' title="bbox 217 1660 1286 3428">
     <span class='ocr_line' id='line_1_12' title="bbox 263 1660 1279 1759; baseline 0 -25"><span class='ocrx_word' id='word_1_75' title='bbox 263 1667 348 1734; x_wconf 88' lang='lat' dir='ltr'><strong>Erat</strong></span> <span class='ocrx_word' id='word_1_76' title='bbox 368 1677 405 1734; x_wconf 90' lang='lat' dir='ltr'><strong>et</strong></span> <span class='ocrx_word' id='word_1_77' title='bbox 433 1663 538 1746; x_wconf 83' lang='lat' dir='ltr'><strong>Nice,</strong></span> <span class='ocrx_word' id='word_1_78' title='bbox 569 1660 658 1734; x_wconf 83' lang='lat' dir='ltr'><strong>lacie</strong></span> <span class='ocrx_word' id='word_1_79' title='bbox 685 1663 831 1751; x_wconf 86' lang='lat' dir='ltr'><strong>eximia,</strong></span> <span class='ocrx_word' id='word_1_80' title='bbox 861 1675 903 1732; x_wconf 84' lang='lat' dir='ltr'><strong>ut</strong></span> <span class='ocrx_word' id='word_1_81' title='bbox 926 1662 1156 1759; x_wconf 81' lang='lat' dir='ltr'><strong>praedicatur,</strong></span> <span class='ocrx_word' id='word_1_82' title='bbox 1185 1687 1279 1735; x_wconf 88' lang='lat' dir='ltr'><strong>uxor</strong></span> 
     </span>
     <span class='ocr_line' id='line_1_13' title="bbox 217 1770 1278 1870; baseline -0.001 -26"><span class='ocrx_word' id='word_1_83' title='bbox 217 1772 422 1844; x_wconf 80' lang='lat' dir='ltr'><strong>Cleomenis</strong></span> <span class='ocrx_word' id='word_1_84' title='bbox 444 1773 666 1870; x_wconf 79' lang='lat' dir='ltr'><strong>Syracusani.</strong></span> <span class='ocrx_word' id='word_1_85' title='bbox 686 1778 786 1843; x_wconf 87' lang='lat' dir='ltr'><strong>Hanc</strong></span> <span class='ocrx_word' id='word_1_86' title='bbox 803 1771 1015 1843; x_wconf 86' lang='lat' dir='ltr'><strong>Cleomenes</strong></span> <span class='ocrx_word' id='word_1_87' title='bbox 1032 1775 1086 1841; x_wconf 79' lang='lat' dir='ltr'><strong>vir</strong></span> <span class='ocrx_word' id='word_1_88' title='bbox 1105 1770 1249 1843; x_wconf 89' lang='lat' dir='ltr'><strong>amabat</strong></span> <span class='ocrx_word' id='word_1_89' title='bbox 1269 1800 1278 1844; x_wconf 73' lang='grc' dir='ltr'><strong>ι</strong></span> 
     </span>
     <span class='ocr_line' id='line_1_14' title="bbox 217 1874 1279 1979; baseline 0.001 -27"><span class='ocrx_word' id='word_1_90' title='bbox 217 1897 463 1955; x_wconf 87' lang='lat' dir='ltr'><strong>verumtamen</strong></span> <span class='ocrx_word' id='word_1_91' title='bbox 478 1882 587 1979; x_wconf 89' lang='lat' dir='ltr'><strong>hujus</strong></span> <span class='ocrx_word' id='word_1_92' title='bbox 607 1874 747 1954; x_wconf 76' lang='lat' dir='ltr'><strong>libidini</strong></span> <span class='ocrx_word' id='word_1_93' title='bbox 762 1881 940 1954; x_wconf 82' lang='lat' dir='ltr'><strong>adversari</strong></span> <span class='ocrx_word' id='word_1_94' title='bbox 958 1904 1025 1952; x_wconf 92' lang='lat' dir='ltr'><strong>uec</strong></span> <span class='ocrx_word' id='word_1_95' title='bbox 1039 1895 1196 1979; x_wconf 85' lang='lat' dir='ltr'><strong>poterat,</strong></span> <span class='ocrx_word' id='word_1_96' title='bbox 1211 1906 1279 1953; x_wconf 90' lang='lat' dir='ltr'><strong>nec</strong></span> 
     </span>
     <span class='ocr_line' id='line_1_15' title="bbox 217 1990 1281 2088; baseline 0 -27"><span class='ocrx_word' id='word_1_97' title='bbox 217 1990 392 2079; x_wconf 82' lang='lat' dir='ltr'><strong>audebat3</strong></span> <span class='ocrx_word' id='word_1_98' title='bbox 414 2007 451 2064; x_wconf 90' lang='lat' dir='ltr'><strong>et</strong></span> <span class='ocrx_word' id='word_1_99' title='bbox 466 1993 574 2064; x_wconf 91' lang='lat' dir='ltr'><strong>simul</strong></span> <span class='ocrx_word' id='word_1_100' title='bbox 593 1992 640 2064; x_wconf 86' lang='lat' dir='ltr'><strong>ab</strong></span> <span class='ocrx_word' id='word_1_101' title='bbox 657 1994 727 2064; x_wconf 89' lang='lat' dir='ltr'><strong>isto</strong></span> <span class='ocrx_word' id='word_1_102' title='bbox 743 1991 868 2082; x_wconf 90' lang='lat' dir='ltr'><strong>donis,</strong></span> <span class='ocrx_word' id='word_1_103' title='bbox 889 1990 1145 2087; x_wconf 88' lang='lat' dir='ltr'><strong>beneficiisque</strong></span> <span class='ocrx_word' id='word_1_104' title='bbox 1166 1992 1281 2088; x_wconf 90' lang='lat' dir='ltr'><strong>pluri-</strong></span> 
     </span>
     <span class='ocr_line' id='line_1_16' title="bbox 218 2101 1283 2198; baseline 0.001 -27"><span class='ocrx_word' id='word_1_105' title='bbox 218 2102 287 2172; x_wconf 90' lang='lat' dir='ltr'><strong>mis</strong></span> <span class='ocrx_word' id='word_1_106' title='bbox 309 2101 587 2175; x_wconf 86' lang='lat' dir='ltr'><strong>derinciebatnr.</strong></span> <span class='ocrx_word' id='word_1_107' title='bbox 608 2102 677 2174; x_wconf 91' lang='lat' dir='ltr'><strong>Illo</strong></span> <span class='ocrx_word' id='word_1_108' title='bbox 697 2117 817 2174; x_wconf 89' lang='lat' dir='ltr'><strong>autem</strong></span> <span class='ocrx_word' id='word_1_109' title='bbox 843 2117 1005 2198; x_wconf 87' lang='lat' dir='ltr'><strong>tempore</strong></span> <span class='ocrx_word' id='word_1_110' title='bbox 1026 2103 1113 2184; x_wconf 87' lang='lat' dir='ltr'><strong>iste,</strong></span> <span class='ocrx_word' id='word_1_111' title='bbox 1140 2102 1283 2172; x_wconf 89' lang='lat' dir='ltr'><strong>tametsi</strong></span> 
     </span>
     <span class='ocr_line' id='line_1_17' title="bbox 218 2207 1284 2310; baseline -0.004 -28"><span class='ocrx_word' id='word_1_112' title='bbox 218 2236 261 2282; x_wconf 88' lang='lat' dir='ltr'><strong>ea</strong></span> <span class='ocrx_word' id='word_1_113' title='bbox 277 2226 332 2283; x_wconf 90' lang='lat' dir='ltr'><strong>est</strong></span> <span class='ocrx_word' id='word_1_114' title='bbox 348 2210 507 2284; x_wconf 90' lang='lat' dir='ltr'><strong>hominis</strong></span> <span class='ocrx_word' id='word_1_115' title='bbox 518 2210 762 2310; x_wconf 89' lang='lat' dir='ltr'><strong>impudentia,</strong></span> <span class='ocrx_word' id='word_1_116' title='bbox 781 2231 892 2306; x_wconf 88' lang='lat' dir='ltr'><strong>quam</strong></span> <span class='ocrx_word' id='word_1_117' title='bbox 908 2208 1038 2295; x_wconf 89' lang='lat' dir='ltr'><strong>nostis,</strong></span> <span class='ocrx_word' id='word_1_118' title='bbox 1055 2207 1132 2305; x_wconf 89' lang='lat' dir='ltr'><strong>ipse</strong></span> <span class='ocrx_word' id='word_1_119' title='bbox 1145 2222 1284 2296; x_wconf 88' lang='lat' dir='ltr'><strong>tamen,</strong></span> 
     </span>
     <span class='ocr_line' id='line_1_18' title="bbox 217 2317 1284 2419; baseline -0.003 -27"><span class='ocrx_word' id='word_1_120' title='bbox 217 2343 333 2418; x_wconf 81' lang='lat' dir='ltr'><strong>quum</strong></span> <span class='ocrx_word' id='word_1_121' title='bbox 346 2323 401 2391; x_wconf 86' lang='lat' dir='ltr'><strong>vir</strong></span> <span class='ocrx_word' id='word_1_122' title='bbox 413 2336 507 2393; x_wconf 91' lang='lat' dir='ltr'><strong>esset</strong></span> <span class='ocrx_word' id='word_1_123' title='bbox 521 2323 722 2419; x_wconf 85' lang='lat' dir='ltr'><strong>Syracusis,</strong></span> <span class='ocrx_word' id='word_1_124' title='bbox 741 2341 891 2389; x_wconf 83' lang='lat' dir='ltr'><strong>uxorem</strong></span> <span class='ocrx_word' id='word_1_125' title='bbox 908 2317 986 2411; x_wconf 84' lang='lat' dir='ltr'><strong>ejus</strong></span> <span class='ocrx_word' id='word_1_126' title='bbox 1000 2339 1128 2413; x_wconf 86' lang='lat' dir='ltr'><strong>parum</strong></span> <span class='ocrx_word' id='word_1_127' title='bbox 1141 2331 1284 2414; x_wconf 87' lang='lat' dir='ltr'><strong>poterat</strong></span> 
     </span>
     <span class='ocr_line' id='line_1_19' title="bbox 219 2425 1280 2502; baseline -0.004 0"><span class='ocrx_word' id='word_1_128' title='bbox 219 2431 341 2502; x_wconf 84' lang='lat' dir='ltr'><strong>animo</strong></span> <span class='ocrx_word' id='word_1_129' title='bbox 358 2431 478 2502; x_wconf 88' lang='lat' dir='ltr'><strong>soluto</strong></span> <span class='ocrx_word' id='word_1_130' title='bbox 494 2455 535 2501; x_wconf 92' lang='lat' dir='ltr'><strong>ac</strong></span> <span class='ocrx_word' id='word_1_131' title='bbox 553 2430 669 2501; x_wconf 91' lang='lat' dir='ltr'><strong>libero</strong></span> <span class='ocrx_word' id='word_1_132' title='bbox 684 2443 740 2501; x_wconf 84' lang='lat' dir='ltr'><strong>tot</strong></span> <span class='ocrx_word' id='word_1_133' title='bbox 756 2431 795 2499; x_wconf 90' lang='lat' dir='ltr'><strong>in</strong></span> <span class='ocrx_word' id='word_1_134' title='bbox 809 2442 887 2498; x_wconf 87' lang='lat' dir='ltr'><strong>acta</strong></span> <span class='ocrx_word' id='word_1_135' title='bbox 901 2427 977 2499; x_wconf 86' lang='lat' dir='ltr'><strong>dies</strong></span> <span class='ocrx_word' id='word_1_136' title='bbox 995 2450 1117 2497; x_wconf 90' lang='lat' dir='ltr'><strong>secum</strong></span> <span class='ocrx_word' id='word_1_137' title='bbox 1135 2425 1280 2499; x_wconf 85' lang='lat' dir='ltr'><strong>habere.</strong></span> 
     </span>
     <span class='ocr_line' id='line_1_20' title="bbox 219 2535 1281 2636; baseline 0.002 -30"><span class='ocrx_word' id='word_1_138' title='bbox 219 2540 346 2636; x_wconf 86' lang='lat' dir='ltr'><strong>Itaque</strong></span> <span class='ocrx_word' id='word_1_139' title='bbox 380 2540 558 2636; x_wconf 80' lang='lat' dir='ltr'><strong>excogitat</strong></span> <span class='ocrx_word' id='word_1_140' title='bbox 588 2562 665 2608; x_wconf 90' lang='lat' dir='ltr'><strong>rem</strong></span> <span class='ocrx_word' id='word_1_141' title='bbox 705 2536 920 2635; x_wconf 85' lang='lat' dir='ltr'><strong>singularem</strong></span> <span class='ocrx_word' id='word_1_142' title='bbox 947 2563 955 2606; x_wconf 75' lang='grc' dir='ltr'><strong><em>ε</em></strong></span> <span class='ocrx_word' id='word_1_143' title='bbox 979 2560 1110 2623; x_wconf 87' lang='lat' dir='ltr'><strong>naves,</strong></span> <span class='ocrx_word' id='word_1_144' title='bbox 1146 2535 1281 2634; x_wconf 89' lang='lat' dir='ltr'><strong>quibus</strong></span> 
     </span>
     <span class='ocr_line' id='line_1_21' title="bbox 222 2645 1285 2745; baseline 0 -27"><span class='ocrx_word' id='word_1_145' title='bbox 222 2648 398 2743; x_wconf 84' lang='lat' dir='ltr'><strong>legatns¹⁰</strong></span> <span class='ocrx_word' id='word_1_146' title='bbox 419 2645 626 2745; x_wconf 81' lang='lat' dir='ltr'><strong>praefuerat,</strong></span> <span class='ocrx_word' id='word_1_147' title='bbox 652 2646 838 2720; x_wconf 85' lang='lat' dir='ltr'><strong>Cleomeni</strong></span> <span class='ocrx_word' id='word_1_148' title='bbox 862 2645 992 2734; x_wconf 89' lang='lat' dir='ltr'><strong>tradit;</strong></span> <span class='ocrx_word' id='word_1_149' title='bbox 1025 2645 1126 2716; x_wconf 90' lang='lat' dir='ltr'><strong>classi</strong></span> <span class='ocrx_word' id='word_1_150' title='bbox 1157 2648 1285 2744; x_wconf 90' lang='lat' dir='ltr'><strong>populi</strong></span> 
     </span>
     <span class='ocr_line' id='line_1_22' title="bbox 224 2753 1284 2856; baseline 0.002 -30"><span class='ocrx_word' id='word_1_151' title='bbox 224 2760 363 2828; x_wconf 89' lang='lat' dir='ltr'><strong>romani</strong></span> <span class='ocrx_word' id='word_1_152' title='bbox 383 2758 614 2829; x_wconf 90' lang='lat' dir='ltr'><strong>Cleomenem</strong></span> <span class='ocrx_word' id='word_1_153' title='bbox 630 2761 890 2856; x_wconf 90' lang='lat' dir='ltr'><strong>Syracusanum</strong></span> <span class='ocrx_word' id='word_1_154' title='bbox 926 2778 1075 2852; x_wconf 81' lang='lat' dir='ltr'><strong>praeesse</strong></span> <span class='ocrx_word' id='word_1_155' title='bbox 1091 2753 1211 2848; x_wconf 87' lang='lat' dir='ltr'><strong>jubet,</strong></span> <span class='ocrx_word' id='word_1_156' title='bbox 1230 2772 1284 2828; x_wconf 90' lang='lat' dir='ltr'><strong>at-</strong></span> 
     </span>
     <span class='ocr_line' id='line_1_23' title="bbox 224 2862 1286 2963; baseline 0.002 -29"><span class='ocrx_word' id='word_1_157' title='bbox 224 2889 296 2960; x_wconf 89' lang='lat' dir='ltr'><strong>que</strong></span> <span class='ocrx_word' id='word_1_158' title='bbox 316 2868 542 2963; x_wconf 88' lang='lat' dir='ltr'><strong>imperare¹¹.</strong></span> <span class='ocrx_word' id='word_1_159' title='bbox 560 2874 637 2939; x_wconf 89' lang='lat' dir='ltr'><strong>Hoc</strong></span> <span class='ocrx_word' id='word_1_160' title='bbox 660 2892 704 2939; x_wconf 90' lang='lat' dir='ltr'><strong>eo</strong></span> <span class='ocrx_word' id='word_1_161' title='bbox 726 2866 830 2954; x_wconf 86' lang='lat' dir='ltr'><strong>facit,</strong></span> <span class='ocrx_word' id='word_1_162' title='bbox 854 2879 895 2934; x_wconf 85' lang='lat' dir='ltr'><strong>ut</strong></span> <span class='ocrx_word' id='word_1_163' title='bbox 918 2863 977 2933; x_wconf 91' lang='lat' dir='ltr'><strong>ille</strong></span> <span class='ocrx_word' id='word_1_164' title='bbox 992 2880 1069 2932; x_wconf 88' lang='lat' dir='ltr'><strong>non</strong></span> <span class='ocrx_word' id='word_1_165' title='bbox 1086 2862 1205 2933; x_wconf 89' lang='lat' dir='ltr'><strong>solum</strong></span> <span class='ocrx_word' id='word_1_166' title='bbox 1220 2864 1286 2936; x_wconf 87' lang='lat' dir='ltr'><strong>ab·</strong></span> 
     </span>
     <span class='ocr_line' id='line_1_24' title="bbox 226 2970 1286 3075; baseline 0 -30"><span class='ocrx_word' id='word_1_167' title='bbox 226 2988 318 3045; x_wconf 87' lang='lat' dir='ltr'><strong>esset</strong></span> <span class='ocrx_word' id='word_1_168' title='bbox 336 2999 356 3045; x_wconf 87' lang='lat' dir='ltr'><strong>a</strong></span> <span class='ocrx_word' id='word_1_169' title='bbox 374 2974 483 3046; x_wconf 92' lang='lat' dir='ltr'><strong>domo</strong></span> <span class='ocrx_word' id='word_1_170' title='bbox 497 2991 595 3065; x_wconf 89' lang='lat' dir='ltr'><strong>tum,</strong></span> <span class='ocrx_word' id='word_1_171' title='bbox 614 3001 729 3075; x_wconf 90' lang='lat' dir='ltr'><strong>quum</strong></span> <span class='ocrx_word' id='word_1_172' title='bbox 741 2976 944 3070; x_wconf 83' lang='lat' dir='ltr'><strong>navigaret,</strong></span> <span class='ocrx_word' id='word_1_173' title='bbox 961 2970 1024 3043; x_wconf 89' lang='lat' dir='ltr'><strong>sed</strong></span> <span class='ocrx_word' id='word_1_174' title='bbox 1044 2971 1150 3042; x_wconf 92' lang='lat' dir='ltr'><strong>etiam</strong></span> <span class='ocrx_word' id='word_1_175' title='bbox 1170 2971 1286 3045; x_wconf 90' lang='lat' dir='ltr'><strong>liben-</strong></span> 
     </span>
     <span class='ocr_line' id='line_1_25' title="bbox 226 3080 1286 3181; baseline 0.003 -28"><span class='ocrx_word' id='word_1_176' title='bbox 226 3097 280 3153; x_wconf 90' lang='lat' dir='ltr'><strong>ter</strong></span> <span class='ocrx_word' id='word_1_177' title='bbox 302 3107 384 3154; x_wconf 89' lang='lat' dir='ltr'><strong>cum</strong></span> <span class='ocrx_word' id='word_1_178' title='bbox 404 3108 534 3181; x_wconf 86' lang='lat' dir='ltr'><strong>magno</strong></span> <span class='ocrx_word' id='word_1_179' title='bbox 563 3086 703 3157; x_wconf 88' lang='lat' dir='ltr'><strong>honore</strong></span> <span class='ocrx_word' id='word_1_180' title='bbox 732 3081 997 3179; x_wconf 86' lang='lat' dir='ltr'><strong>beneficioque.</strong></span> <span class='ocrx_word' id='word_1_181' title='bbox 1014 3080 1178 3168; x_wconf 82' lang='lat' dir='ltr'><strong>abesset3</strong></span> <span class='ocrx_word' id='word_1_182' title='bbox 1209 3083 1286 3181; x_wconf 89' lang='lat' dir='ltr'><strong>ipse</strong></span> 
     </span>
     <span class='ocr_line' id='line_1_26' title="bbox 227 3189 1286 3291; baseline -0.001 -28"><span class='ocrx_word' id='word_1_183' title='bbox 227 3206 363 3281; x_wconf 86' lang='lat' dir='ltr'><strong>autem,</strong></span> <span class='ocrx_word' id='word_1_184' title='bbox 397 3208 538 3265; x_wconf 89' lang='lat' dir='ltr'><strong>remoto</strong></span> <span class='ocrx_word' id='word_1_185' title='bbox 564 3208 673 3291; x_wconf 91' lang='lat' dir='ltr'><strong>atque</strong></span> <span class='ocrx_word' id='word_1_186' title='bbox 701 3191 865 3289; x_wconf 88' lang='lat' dir='ltr'><strong>ablegato</strong></span> <span class='ocrx_word' id='word_1_187' title='bbox 894 3191 994 3278; x_wconf 83' lang='lat' dir='ltr'><strong>viro,</strong></span> <span class='ocrx_word' id='word_1_188' title='bbox 1015 3214 1090 3261; x_wconf 89' lang='lat' dir='ltr'><strong>non</strong></span> <span class='ocrx_word' id='word_1_189' title='bbox 1118 3189 1286 3281; x_wconf 89' lang='lat' dir='ltr'><strong>liberius,</strong></span> 
     </span>
     <span class='ocr_line' id='line_1_27' title="bbox 229 3354 1286 3428; baseline 0.008 -23"><span class='ocrx_word' id='word_1_190' title='bbox 229 3368 312 3406; x_wconf 73' lang='lat' dir='ltr'><strong>remus</strong></span> <span class='ocrx_word' id='word_1_191' title='bbox 323 3368 386 3419; x_wconf 82' lang='lat' dir='ltr'><strong>erat,</strong></span> <span class='ocrx_word' id='word_1_192' title='bbox 400 3368 428 3406; x_wconf 86' lang='lat' dir='ltr'><strong>ut</strong></span> <span class='ocrx_word' id='word_1_193' title='bbox 441 3356 591 3422; x_wconf 78' lang='lat' dir='ltr'><strong>provinciam</strong></span> <span class='ocrx_word' id='word_1_194' title='bbox 601 3354 735 3405; x_wconf 56' lang='lat' dir='ltr'><strong>custodita</strong></span> <span class='ocrx_word' id='word_1_195' title='bbox 777 3360 877 3412; x_wconf 69' lang='lat' dir='ltr'><strong>achin.</strong></span> <span class='ocrx_word' id='word_1_196' title='bbox 890 3361 981 3422; x_wconf 84' lang='lat' dir='ltr'><strong>edidit,</strong></span> <span class='ocrx_word' id='word_1_197' title='bbox 996 3362 1060 3410; x_wconf 75' lang='lat' dir='ltr'><strong>Erat</strong></span> <span class='ocrx_word' id='word_1_198' title='bbox 1071 3360 1150 3427; x_wconf 63' lang='lat' dir='ltr'><strong>Piupa</strong></span> <span class='ocrx_word' id='word_1_199' title='bbox 1163 3364 1286 3428; x_wconf 75' lang='lat' dir='ltr'><strong>quaedam.</strong></span> 
     </span>
    </p>
   </div>
   <div class='ocr_carea' id='block_1_3' title="bbox 227 3436 889 3492">
    <p class='ocr_par' dir='ltr' id='par_1_4' title="bbox 227 3436 889 3492">
     <span class='ocr_line' id='line_1_28' title="bbox 227 3436 889 3492; baseline 0.011 -8"><span class='ocrx_word' id='word_1_200' title='bbox 227 3446 255 3485; x_wconf 87' lang='lat' dir='ltr'><strong>et</strong></span> <span class='ocrx_word' id='word_1_201' title='bbox 265 3436 412 3484; x_wconf 76' lang='lat' dir='ltr'><strong>defenderet.</strong></span> <span class='ocrx_word' id='word_1_202' title='bbox 778 3443 795 3492; x_wconf 85' lang='lat' dir='ltr'>J</span> <span class='ocrx_word' id='word_1_203' title='bbox 797 3444 845 3491; x_wconf 62' lang='grc' dir='ltr'><strong>Ν.</strong></span> <span class='ocrx_word' id='word_1_204' title='bbox 861 3444 889 3491; x_wconf 85' lang='lat' dir='ltr'><strong>L.</strong></span> 
     </span>
    </p>
   </div>
   <div class='ocr_carea' id='block_1_4' title="bbox 167 3514 1293 4212">
    <p class='ocr_par' dir='ltr' id='par_1_5' title="bbox 167 3514 1292 3896">
     <span class='ocr_line' id='line_1_29' title="bbox 266 3514 1286 3585; baseline 0.006 -22"><span class='ocrx_word' id='word_1_205' title='bbox 266 3532 291 3576; x_wconf 88' lang='lat'><strong>7.</strong></span> <span class='ocrx_word' id='word_1_206' title='bbox 313 3514 419 3563; x_wconf 70' lang='lat' dir='ltr'><strong>Tametsi</strong></span> <span class='ocrx_word' id='word_1_207' title='bbox 435 3514 641 3563; x_wconf 70' lang='lat' dir='ltr'><strong>mteCorreetio</strong></span> <span class='ocrx_word' id='word_1_208' title='bbox 657 3528 736 3561; x_wconf 86' lang='lat' dir='ltr'><strong>amera</strong></span> <span class='ocrx_word' id='word_1_209' title='bbox 819 3536 857 3570; x_wconf 87' lang='grc' dir='ltr'><strong>ιο.</strong></span> <span class='ocrx_word' id='word_1_210' title='bbox 871 3522 981 3585; x_wconf 64' lang='lat' dir='ltr'><strong>legam</strong></span> <span class='ocrx_word' id='word_1_211' title='bbox 1003 3518 1032 3566; x_wconf 86' lang='lat' dir='ltr'><strong>P.</strong></span> <span class='ocrx_word' id='word_1_212' title='bbox 1050 3517 1151 3567; x_wconf 82' lang='lat' dir='ltr'><strong>Tadius.</strong></span> <span class='ocrx_word' id='word_1_213' title='bbox 1180 3518 1286 3569; x_wconf 85' lang='lat' dir='ltr'><strong>Ibidem.</strong></span> 
     </span>
     <span class='ocr_line' id='line_1_30' title="bbox 228 3591 1288 3662; baseline 0.001 -20"><span class='ocrx_word' id='word_1_214' title='bbox 228 3596 256 3642; x_wconf 84' lang='lat' dir='ltr'><strong>iu</strong></span> <span class='ocrx_word' id='word_1_215' title='bbox 267 3598 367 3642; x_wconf 84' lang='lat' dir='ltr'><strong>Verrem</strong></span> <span class='ocrx_word' id='word_1_216' title='bbox 377 3605 401 3642; x_wconf 83' lang='lat' dir='ltr'><strong>et</strong></span> <span class='ocrx_word' id='word_1_217' title='bbox 415 3595 467 3655; x_wconf 84' lang='lat' dir='ltr'><strong>eiua</strong></span> <span class='ocrx_word' id='word_1_218' title='bbox 475 3591 602 3643; x_wconf 75' lang='lat' dir='ltr'><strong>fllium-</strong></span> <span class='ocrx_word' id='word_1_219' title='bbox 610 3593 738 3640; x_wconf 81' lang='lat' dir='ltr'><strong>Neminem</strong></span> <span class='ocrx_word' id='word_1_220' title='bbox 782 3596 858 3647; x_wconf 85' lang='lat' dir='ltr'><strong>Claeai</strong></span> <span class='ocrx_word' id='word_1_221' title='bbox 867 3613 927 3662; x_wconf 87' lang='lat' dir='ltr'><strong>pop.</strong></span> <span class='ocrx_word' id='word_1_222' title='bbox 939 3612 1001 3644; x_wconf 88' lang='lat' dir='ltr'><strong>rom.</strong></span> <span class='ocrx_word' id='word_1_223' title='bbox 1016 3597 1057 3644; x_wconf 88' lang='lat' dir='ltr'><strong>cui</strong></span> <span class='ocrx_word' id='word_1_224' title='bbox 1068 3596 1107 3643; x_wconf 86' lang='lat' dir='ltr'><strong>vel</strong></span> <span class='ocrx_word' id='word_1_225' title='bbox 1120 3608 1212 3659; x_wconf 80' lang='lat' dir='ltr'><strong>praetor</strong></span> <span class='ocrx_word' id='word_1_226' title='bbox 1223 3596 1288 3661; x_wconf 83' lang='lat' dir='ltr'><strong>ipae,</strong></span> 
     </span>
     <span class='ocr_line' id='line_1_31' title="bbox 167 3670 1290 3740; baseline 0.005 -21"><span class='ocrx_word' id='word_1_227' title='bbox 167 3678 170 3683; x_wconf 79' lang='grc'><strong>’</strong></span> <span class='ocrx_word' id='word_1_228' title='bbox 223 3670 313 3738; x_wconf 80' lang='lat' dir='ltr'><strong>fuisse.</strong></span> <span class='ocrx_word' id='word_1_229' title='bbox 328 3673 737 3736; x_wconf 80' lang='lat' dir='ltr'><strong>Eoeeuimappellareviros,qurm</strong></span> <span class='ocrx_word' id='word_1_230' title='bbox 781 3675 823 3725; x_wconf 76' lang='lat' dir='ltr'><strong>vel</strong></span> <span class='ocrx_word' id='word_1_231' title='bbox 836 3676 940 3740; x_wconf 80' lang='lat' dir='ltr'><strong>legatus,</strong></span> <span class='ocrx_word' id='word_1_232' title='bbox 954 3675 994 3723; x_wconf 83' lang='lat' dir='ltr'><strong>rel</strong></span> <span class='ocrx_word' id='word_1_233' title='bbox 1008 3687 1126 3739; x_wconf 80' lang='lat' dir='ltr'><strong>quaestor,</strong></span> <span class='ocrx_word' id='word_1_234' title='bbox 1138 3686 1167 3722; x_wconf 87' lang='lat' dir='ltr'><strong>ut</strong></span> <span class='ocrx_word' id='word_1_235' title='bbox 1180 3690 1237 3724; x_wconf 82' lang='lat' dir='ltr'><strong>moa</strong></span> <span class='ocrx_word' id='word_1_236' title='bbox 1251 3676 1290 3725; x_wconf 89' lang='lat' dir='ltr'><strong>di·</strong></span> 
     </span>
     <span class='ocr_line' id='line_1_32' title="bbox 231 3749 1291 3816; baseline 0.004 -19"><span class='ocrx_word' id='word_1_237' title='bbox 231 3752 285 3800; x_wconf 83' lang='lat' dir='ltr'><strong>viro</strong></span> <span class='ocrx_word' id='word_1_238' title='bbox 298 3751 359 3799; x_wconf 86' lang='lat' dir='ltr'><strong>nihil</strong></span> <span class='ocrx_word' id='word_1_239' title='bbox 372 3750 472 3814; x_wconf 63' lang='grc' dir='ltr'><strong>ὤμω</strong></span> <span class='ocrx_word' id='word_1_240' title='bbox 485 3761 569 3815; x_wconf 76' lang='lat' dir='ltr'><strong>agant,</strong></span> <span class='ocrx_word' id='word_1_241' title='bbox 580 3751 680 3800; x_wconf 81' lang='lat' dir='ltr'><strong>minime</strong></span> <span class='ocrx_word' id='word_1_242' title='bbox 697 3749 739 3798; x_wconf 88' lang='lat' dir='ltr'><strong>de·</strong></span> <span class='ocrx_word' id='word_1_243' title='bbox 770 3764 862 3815; x_wconf 49' lang='lat' dir='ltr'><strong>‘cetum</strong></span> <span class='ocrx_word' id='word_1_244' title='bbox 875 3771 926 3802; x_wconf 87' lang='lat' dir='ltr'><strong>non</strong></span> <span class='ocrx_word' id='word_1_245' title='bbox 935 3753 1026 3802; x_wconf 80' lang='lat' dir='ltr'><strong>siculus</strong></span> <span class='ocrx_word' id='word_1_246' title='bbox 1039 3752 1113 3799; x_wconf 87' lang='lat' dir='ltr'><strong>bomo</strong></span> <span class='ocrx_word' id='word_1_247' title='bbox 1121 3788 1129 3814; x_wconf 90' lang='lat'><strong>,</strong></span> <span class='ocrx_word' id='word_1_248' title='bbox 1137 3769 1238 3816; x_wconf 73' lang='lat' dir='ltr'><strong>preesse</strong></span> <span class='ocrx_word' id='word_1_249' title='bbox 1248 3755 1291 3805; x_wconf 80' lang='lat' dir='ltr'><strong>da-</strong></span> 
     </span>
     <span class='ocr_line' id='line_1_33' title="bbox 231 3820 1292 3896; baseline 0.008 -19"><span class='ocrx_word' id='word_1_250' title='bbox 231 3839 278 3877; x_wconf 85' lang='lat' dir='ltr'><strong>oet.</strong></span> <span class='ocrx_word' id='word_1_251' title='bbox 659 3820 663 3823; x_wconf 40' lang='lat'>⁵</span> <span class='ocrx_word' id='word_1_252' title='bbox 781 3833 867 3893; x_wconf 87' lang='lat' dir='ltr'><strong>bebat;</strong></span> <span class='ocrx_word' id='word_1_253' title='bbox 881 3849 931 3880; x_wconf 87' lang='lat' dir='ltr'><strong>non</strong></span> <span class='ocrx_word' id='word_1_254' title='bbox 944 3832 1049 3895; x_wconf 84' lang='lat' dir='ltr'><strong>denique</strong></span> <span class='ocrx_word' id='word_1_255' title='bbox 1056 3833 1236 3896; x_wconf 81' lang='lat' dir='ltr'><strong>Syracusanus,</strong></span> <span class='ocrx_word' id='word_1_256' title='bbox 1251 3852 1292 3885; x_wconf 89' lang='lat' dir='ltr'><strong>cu·</strong></span> 
     </span>
    </p>

    <p class='ocr_par' dir='ltr' id='par_1_6' title="bbox 232 3908 1290 4054">
     <span class='ocr_line' id='line_1_34' title="bbox 268 3908 1290 3981; baseline 0.01 -27"><span class='ocrx_word' id='word_1_257' title='bbox 268 3908 292 3955; x_wconf 80' lang='lat'><strong>8.</strong></span> <span class='ocrx_word' id='word_1_258' title='bbox 305 3911 399 3955; x_wconf 67' lang='lat' dir='ltr'><strong>Praeter</strong></span> <span class='ocrx_word' id='word_1_259' title='bbox 409 3923 493 3955; x_wconf 71' lang='lat' dir='ltr'><strong>nem.</strong></span> <span class='ocrx_word' id='word_1_260' title='bbox 502 3909 564 3970; x_wconf 78' lang='lat' dir='ltr'><strong>Quae</strong></span> <span class='ocrx_word' id='word_1_261' title='bbox 575 3921 627 3955; x_wconf 86' lang='lat' dir='ltr'><strong>nou</strong></span> <span class='ocrx_word' id='word_1_262' title='bbox 635 3917 686 3955; x_wconf 79' lang='lat' dir='ltr'><strong>erat</strong></span> <span class='ocrx_word' id='word_1_263' title='bbox 697 3923 739 3955; x_wconf 87' lang='lat' dir='ltr'><strong>no·</strong></span> <span class='ocrx_word' id='word_1_264' title='bbox 779 3914 820 3973; x_wconf 80' lang='lat' dir='ltr'><strong>jue</strong></span> <span class='ocrx_word' id='word_1_265' title='bbox 829 3911 914 3959; x_wconf 82' lang='lat' dir='ltr'><strong>civitas</strong></span> <span class='ocrx_word' id='word_1_266' title='bbox 924 3910 1002 3958; x_wconf 83' lang='lat' dir='ltr'><strong>hostie</strong></span> <span class='ocrx_word' id='word_1_267' title='bbox 1015 3909 1061 3957; x_wconf 84' lang='lat' dir='ltr'><strong>fuit</strong></span> <span class='ocrx_word' id='word_1_268' title='bbox 1073 3922 1190 3975; x_wconf 83' lang='lat' dir='ltr'><strong>perpetua</strong></span> <span class='ocrx_word' id='word_1_269' title='bbox 1205 3917 1290 3981; x_wconf 87' lang='lat' dir='ltr'><strong>populi</strong></span> 
     </span>
     <span class='ocr_line' id='line_1_35' title="bbox 232 3985 1020 4054; baseline 0.001 -21"><span class='ocrx_word' id='word_1_270' title='bbox 232 3985 299 4045; x_wconf 84' lang='lat' dir='ltr'><strong>bilis,</strong></span> <span class='ocrx_word' id='word_1_271' title='bbox 310 3987 390 4036; x_wconf 87' lang='lat' dir='ltr'><strong>Tertia</strong></span> <span class='ocrx_word' id='word_1_272' title='bbox 402 3985 575 4053; x_wconf 79' lang='lat' dir='ltr'><strong>appellabatur.</strong></span> <span class='ocrx_word' id='word_1_273' title='bbox 587 3985 647 4051; x_wconf 85' lang='lat' dir='ltr'><strong>Cap.</strong></span> <span class='ocrx_word' id='word_1_274' title='bbox 664 4001 703 4035; x_wconf 84' lang='lat' dir='ltr'><strong>ra.</strong></span> <span class='ocrx_word' id='word_1_275' title='bbox 781 3990 884 4043; x_wconf 81' lang='lat' dir='ltr'><strong>romani.</strong></span> <span class='ocrx_word' id='word_1_276' title='bbox 898 3985 959 4054; x_wconf 72' lang='lat' dir='ltr'><strong>cap.</strong></span> <span class='ocrx_word' id='word_1_277' title='bbox 968 4004 1020 4053; x_wconf 83' lang='lat' dir='ltr'><strong>seq.</strong></span> 
     </span>
    </p>

    <p class='ocr_par' dir='ltr' id='par_1_7' title="bbox 235 4066 1293 4212">
     <span class='ocr_line' id='line_1_36' title="bbox 268 4066 1293 4139; baseline 0.01 -27"><span class='ocrx_word' id='word_1_278' title='bbox 268 4082 294 4127; x_wconf 77' lang='grc'><strong>9.</strong></span> <span class='ocrx_word' id='word_1_279' title='bbox 310 4066 384 4130; x_wconf 73' lang='lat' dir='ltr'><strong>Pappa</strong></span> <span class='ocrx_word' id='word_1_280' title='bbox 398 4067 511 4129; x_wconf 70' lang='lat' dir='ltr'><strong>quaedam</strong></span> <span class='ocrx_word' id='word_1_281' title='bbox 521 4102 528 4126; x_wconf 91' lang='lat'><strong>,</strong></span> <span class='ocrx_word' id='word_1_282' title='bbox 540 4083 605 4114; x_wconf 74' lang='lat' dir='ltr'><strong>naor</strong></span> <span class='ocrx_word' id='word_1_283' title='bbox 615 4066 741 4115; x_wconf 78' lang='lat' dir='ltr'><strong>AEsclerio·</strong></span> <span class='ocrx_word' id='word_1_284' title='bbox 822 4086 863 4117; x_wconf 89' lang='lat'><strong>11.</strong></span> <span class='ocrx_word' id='word_1_285' title='bbox 874 4072 1008 4134; x_wconf 79' lang='lat' dir='ltr'><strong>Imperare.</strong></span> <span class='ocrx_word' id='word_1_286' title='bbox 1018 4068 1058 4116; x_wconf 85' lang='lat' dir='ltr'><strong>Sic</strong></span> <span class='ocrx_word' id='word_1_287' title='bbox 1069 4069 1131 4118; x_wconf 88' lang='lat' dir='ltr'><strong>MSS</strong></span> <span class='ocrx_word' id='word_1_288' title='bbox 1141 4074 1293 4139; x_wconf 85' lang='lat' dir='ltr'><strong>provulgata</strong></span> 
     </span>
     <span class='ocr_line' id='line_1_37' title="bbox 235 4141 1136 4212; baseline 0.011 -26"><span class='ocrx_word' id='word_1_289' title='bbox 235 4141 287 4204; x_wconf 83' lang='lat' dir='ltr'><strong>uis,</strong></span> <span class='ocrx_word' id='word_1_290' title='bbox 305 4154 352 4191; x_wconf 82' lang='lat' dir='ltr'><strong>etc.</strong></span> <span class='ocrx_word' id='word_1_291' title='bbox 364 4144 471 4195; x_wconf 75' lang='lat' dir='ltr'><strong>Subaud.</strong></span> <span class='ocrx_word' id='word_1_292' title='bbox 484 4144 643 4194; x_wconf 86' lang='lat' dir='ltr'><strong>adhibebatur</strong></span> <span class='ocrx_word' id='word_1_293' title='bbox 659 4148 740 4194; x_wconf 82' lang='lat' dir='ltr'><strong>etiarn·</strong></span> <span class='ocrx_word' id='word_1_294' title='bbox 785 4148 889 4198; x_wconf 87' lang='lat' dir='ltr'><strong>lectione</strong></span> <span class='ocrx_word' id='word_1_295' title='bbox 906 4149 1018 4212; x_wconf 83' lang='lat' dir='ltr'><strong>imperat.</strong></span> <span class='ocrx_word' id='word_1_296' title='bbox 1034 4149 1058 4198; x_wconf 85' lang='lat' dir='ltr'><strong>J.</strong></span> <span class='ocrx_word' id='word_1_297' title='bbox 1067 4148 1097 4195; x_wconf 83' lang='lat' dir='ltr'><strong>V.</strong></span> <span class='ocrx_word' id='word_1_298' title='bbox 1108 4151 1136 4196; x_wconf 90' lang='lat' dir='ltr'><strong>L.</strong></span> 
     </span>
    </p>
   </div>
   <div class='ocr_carea' id='block_1_5' title="bbox 0 0 1603 4780">
    <p class='ocr_par' dir='ltr' id='par_1_8' title="bbox 0 0 1603 4780">
     <span class='ocr_line' id='line_1_38' title="bbox 0 0 1603 4780; baseline 0 0"><span class='ocrx_word' id='word_1_299' title='bbox 0 0 1603 4780; x_wconf 95' lang='lat' dir='ltr'><strong> </strong></span> 
     </span>
    </p>
   </div>
  </div>
 </body>
</html>
