3142 4774
374 389 429 456 ut
457 362 987 475 venenosorum.
1014 391 1086 458 111.
1215 388 1261 461 33

202 508 408 605 octuplum,
430 508 630 604 cujusmodi
648 511 750 580 istius
767 509 812 583 de
828 509 978 581 cohorte
991 516 1262 608 recuperatores

202 619 392 689 existimati
411 619 501 705 sint,
526 621 577 689 sic
594 618 778 691 attendite.
799 623 978 716 Ecquem¹
1001 625 1134 717 putatis
1152 619 1261 693 decu-

202 751 365 813 manum,
383 727 450 799 hac
466 728 609 800 licentia
625 731 813 827 permissa,
828 744 870 800 ut
887 742 1030 800 tantum
1043 729 1088 800 ab
1105 746 1261 819 aratore,

201 851 378 933 quantum
402 839 644 936 poposcisset,
666 836 841 927 auferret,
863 838 961 937 plus,
983 862 1094 935 quam
1113 839 1261 912 debere·

200 960 274 1035 tur,
293 949 521 1045 poposcisse?
543 947 773 1021 Considerate
792 973 876 1020 cum
895 951 1021 1019 vestris
1038 950 1164 1020 animis
1180 976 1262 1024 vos·

201 1072 275 1128 met
300 1060 386 1155 ipsi,
414 1082 567 1156 ecquem
591 1062 745 1157 putetis,
771 1061 968 1157 praesertim
991 1082 1106 1154 quum
1131 1056 1167 1128 id
1188 1085 1263 1130 non

200 1168 319 1239 solum
339 1169 484 1239 avaritia
492 1180 518 1257 ²,
543 1168 733 1239 sedetiam
753 1165 997 1266 imprudentia
1017 1164 1179 1238 accidere
1199 1192 1264 1265 po-

201 1280 334 1349 tuerit:
353 1279 486 1350 multos
504 1302 650 1350 necesse
672 1293 736 1350 est.
758 1284 803 1350 At
824 1303 890 1375 ego
914 1299 1040 1348 omnes
1059 1275 1140 1346 dico
1161 1275 1265 1374 plus,

200 1412 241 1458 ac
259 1388 376 1460 multo
394 1387 493 1485 plus,
513 1412 622 1485 quam
635 1387 823 1474 decumas,
841 1386 1039 1459 abstulisse.
1058 1385 1157 1457 Cedo
1174 1386 1263 1457 mibi

200 1523 315 1569 nuum
328 1523 372 1569 ex
384 1499 541 1571 triennio
555 1511 718 1595 praeturae
733 1511 825 1586 tuae,
843 1498 908 1594 qui
922 1496 1059 1593 octupli
1072 1496 1262 1569 damnatus

201 1610 269 1679 sit:
289 1607 498 1679 damnatus?
512 1609 586 1677 imo
600 1630 704 1693 ver0,
723 1607 761 1677 in
775 1631 885 1704 quem
897 1607 1072 1701 judicium
1088 1631 1132 1677 ex
1145 1606 1264 1678 edicto

201 1732 266 1788 tuo
280 1716 500 1814 postulatum
516 1720 570 1787 sit
589 1719 705 1788 Nemo
717 1731 793 1788 erat
806 1716 968 1788 videlicet
982 1730 1185 1804 aratorum,
1199 1722 1263 1814 qui

199 1827 369 1923 injuriam
388 1823 455 1896 sibi
473 1823 604 1896 factam
626 1828 728 1923 queri
747 1842 891 1923 posset:
914 1849 1024 1897 nemo
1043 1825 1263 1898 decumano-

199 1962 299 2025 rum,
316 1939 379 2034 qui
393 1960 506 2032 grano
523 1936 676 2035 amplius
689 1935 774 2024 sibi,
791 1961 900 2033 quam
916 1932 1122 2021 deberetur,
1136 1933 1261 2006 deberi

200 2045 383 2145 professus
404 2060 506 2117 esset.
532 2050 611 2116 Iino
631 2071 717 2117 vero
735 2064 881 2135 contra,
900 2044 1062 2144 rapiebat
1084 2059 1121 2115 et
1137 2070 1262 2142 aspor-

184 2157 317 2245 tabat,
341 2172 519 2254 quantum
536 2180 556 2226 a
575 2180 723 2253 quoque
745 2155 907 2243 volebat,
928 2158 1126 2253 Apronius3
1144 2157 1262 2225 omni·

199 2266 269 2338 bus
286 2280 408 2338 autem
427 2265 514 2337 locis
530 2281 687 2337 aratores
705 2266 849 2365 spoliati
865 2291 905 2336 ac
926 2267 1043 2334 vexati
1062 2262 1264 2360 quereban-

198 2391 280 2447 tur:
300 2402 421 2474 neque
445 2392 565 2457 tamen
590 2376 705 2448 ullum
721 2374 898 2471 judicium
913 2376 1112 2473 reperietur
1122 2371 1147 2443 ³.
1166 2372 1263 2464 Quid
1291 2460 1297 2467 .

198 2501 255 2556 est
270 2486 366 2557 boc?
388 2500 442 2555 tot
458 2487 525 2557 viri
544 2484 673 2574 fortes,
693 2484 853 2571 honesti,
872 2486 1036 2582 gratiosi,
1056 2500 1111 2556 tot
1132 2484 1262 2571 Siculi,

200 2611 254 2667 tot
279 2598 419 2693 equites
443 2599 604 2683 romani,
631 2596 678 2668 ab
704 2620 779 2665 uno
802 2594 951 2667 homine
975 2596 1196 2693 nequissimo
1220 2618 1262 2666 ac

199 2707 409 2804 turpissimo
422 2706 510 2793 laesi,
526 2731 671 2804 poenam
685 2704 841 2802 octupli,
854 2707 931 2776 sine
946 2705 1018 2776 ulla
1035 2703 1261 2775 dubitatione

200 2816 424 2885 commissam
434 2817 461 2898 ⁴,
482 2840 556 2886 non
574 2814 908 2913 persequebantur?
930 2838 1010 2909 quae
1035 2815 1163 2885 causa?
1182 2840 1263 2911 quae

200 2923 292 2993 ratio
307 2925 383 2994 est?
396 2929 475 2996 Una
488 2925 565 3012 illa,
581 2923 740 3021 judices,
756 2948 867 3023 quam
883 2921 1031 2993 videtis:
1051 2922 1150 3019 quod
1166 2923 1262 2994 ultro

201 3031 309 3101 etiam
328 3032 450 3103 illusos
471 3058 508 3104 se
531 3049 567 3105 et
589 3029 737 3106 irrisos⁵
752 3032 797 3104 ab
813 3024 1192 3128 judicio‘discessuros
1209 3036 1262 3103 vi·

201 3138 347 3213 debant.
366 3141 532 3211 Etenim⁶
550 3143 650 3239 quod
668 3158 761 3215 esset
777 3141 954 3239 judicium
973 3168 1086 3239 quum
1106 3168 1125 3213 e
1143 3144 1264 3215 Verris

233 3321 527 3385 111.r.lcquem.Quuru
536 3319 627 3367 multoe
638 3320 712 3368 suiree
755 3332 823 3386 peret
842 3320 1005 3380 decumanus,
1020 3319 1063 3368 sed
1082 3322 1155 3369 etiam
1172 3322 1265 3386 impru-

200 3400 347 3447 decumanos
371 3400 479 3464 putetis,
500 3400 544 3463 qui
561 3399 610 3447 boc
629 3400 711 3447 Verris
755 3400 840 3448 denter
850 3410 874 3447 et
885 3415 929 3463 per
941 3415 1046 3448 errorem
1060 3400 1116 3464 plur
1127 3411 1229 3467 peteret.

200 3478 282 3525 edicto
293 3477 363 3536 freti,
374 3476 431 3541 plur
442 3493 515 3541 qum
528 3476 646 3526 deberent
658 3493 711 3525 err·
790 3480 815 3527 3.
827 3479 974 3542 deperierat.
991 3479 1081 3527 Nullus
1098 3481 1204 3539 exstitit,
1223 3482 1265 3545 qui

200 3567 266 3604 tores
280 3555 430 3604 abstulerint.
751 3558 845 3617 judicio
856 3560 888 3606 rit
900 3558 1060 3607 decumanum
1069 3570 1238 3625 persequutus.

235 3652 262 3686 a.
280 3634 402 3684 Avaritia.
418 3636 482 3693 Alii,
506 3638 575 3685 «eine
592 3634 708 3693 eventia,
788 3645 813 3691 4.
826 3635 993 3686 Commissum.
1006 3639 1126 3688 Debitum.
1140 3642 1265 3702 Ueurpato

105 3765 111 3777 ¹
199 3732 220 3764 s.
232 3732 256 3763 e.
271 3716 324 3764 eine
337 3714 519 3780 impudentis».
539 3716 653 3762 Nostram
665 3730 708 3761 ru·
752 3715 819 3779 apud
826 3717 903 3766 JCtoe
913 3734 994 3767 seusu.
1004 3719 1116 3768 CfiVerr.
1129 3720 1156 3777 1,
1171 3732 1213 3765 ro.

200 3806 248 3843 tem
257 3795 388 3842 lectionem
398 3793 467 3842 dedit
475 3809 505 3842 ex
517 3795 578 3842 Met.
588 3797 707 3843 etFranc.
789 3794 814 3841 5.
829 3795 923 3843 irrisos.
936 3797 977 3845 sie
990 3798 1061 3846 Men.
1076 3808 1101 3845 et
1119 3798 1191 3847 Grut.
1204 3796 1267 3844 MSS

199 3873 278 3924 codd.
297 3875 367 3923 Grut.
381 3873 494 3938 probavit
512 3874 592 3922 Graev.
607 3884 632 3920 et
649 3874 708 3920 Eru.
754 3872 867 3921 nonnulli
881 3873 973 3923 habeut
986 3875 1083 3930 irritos,
1099 3875 1169 3939 qnod
1184 3875 1269 3924 delen·

199 3968 262 4016 quos
281 3952 378 4016 sequuti
395 3964 452 4002 eunt
470 3952 543 4001 beek-
564 3952 620 4000 seb.
634 3951 711 4000 Lulle·
756 3950 792 3999 dit
805 3953 889 3999 Urein.
903 3954 1022 4003 Garatom

199 4030 281 4079 mend.
295 4030 381 4079 Potuit
392 4028 555 4095 fieri,flinquit
566 4032 668 4089 Cicero,
684 4042 712 4078 ue
790 4031 816 4079 6.
839 4031 946 4079 Etenim.
970 4032 1034 4083 Mire
1054 4035 1165 4098 corrupti
1181 4034 1270 4095 judieii

202 4123 251 4156 nou
261 4108 336 4157 modo
347 4110 447 4157 avaritia
456 4110 575 4175 impuleue
583 4109 640 4173 plus
651 4111 713 4157 aeci·
758 4110 896 4175 descriptio.

242 4228 245 4233 ·
301 4198 348 4264 Il.
378 4211 490 4274 Cic-pars
505 4212 612 4258 secmda.
1132 4200 1153 4266 3
