3186 4772
379 414 436 483 ut
460 410 676 482 vaauen
699 410 807 480 Aur.
833 412 889 496 11,
913 410 1005 479 Lar.
1031 412 1094 479 1v.
1194 408 1259 483 311

204 557 312 604 mano
326 526 569 604 debeantne³i
583 528 803 602 fatebuntur.
816 528 1101 616 Praebueriutne,
1113 536 1266 631 praetore

204 647 246 714 C.
271 644 405 714 Verre?
431 638 628 738 negabunt.
655 638 966 715 AEdificaverintne
989 663 1114 711 navem
1136 665 1265 713 onera·

204 755 318 825 riam⁴
335 753 528 823 maximam
546 747 713 846 publice,
733 772 842 846 quam
860 749 964 820 Verri
984 746 1184 819 dederunt?
1199 774 1265 819 ne·

204 884 289 958 gare
313 886 389 933 non
414 873 596 960 poterunt.
619 862 903 930 Frumentumne
927 856 973 929 ab
999 855 1055 929 his
1073 859 1266 954 sumpserit

204 977 356 1059 Verres,
378 969 479 1068 quod
506 967 645 1067 populo
663 992 815 1040 romano
837 968 1012 1050 mitteret,
1033 967 1139 1038 sicuti
1162 988 1265 1062 supe·

203 1081 341 1153 riores?
363 1078 560 1178 negabunt.
584 1075 683 1167 Quid
704 1078 879 1163 militum,
905 1089 969 1148 aut
990 1088 1181 1145 nautarum
1201 1097 1267 1171 per

153 1216 156 1225 ¹
202 1192 402 1264 triennium
436 1187 625 1261 dederint?
656 1188 795 1259 nullum
833 1185 956 1258 datum
985 1183 1116 1256 dicent.
1146 1183 1267 1255 Fuisse

203 1304 404 1371 Messanam
423 1298 588 1368 omnium
608 1296 711 1368 istius
728 1294 910 1368 furtorum
931 1318 972 1366 ac
991 1293 1193 1391 praedarum
1214 1317 1269 1364 re·

203 1412 420 1506 ceptricem,
450 1430 581 1503 negare
613 1431 689 1476 non
720 1419 905 1504 poterunt.
939 1402 1120 1476 Permulta
1145 1403 1268 1473 multis

202 1515 354 1588 navibus
376 1516 474 1586 illinc
496 1527 703 1613 exportata;
726 1515 820 1586 hanc
836 1537 963 1585 navem
980 1511 1138 1611 denique
1156 1516 1266 1582 maxi-

202 1650 300 1697 mam
312 1649 333 1694 a
345 1624 568 1699 Mamertinis
582 1623 719 1712 datam,
734 1638 901 1694 onustam
916 1648 999 1694 cum
1013 1618 1099 1695 isto⁵
1114 1637 1267 1719 praetore

203 1732 403 1832 prolectam
421 1730 641 1804 fatebuntur.

253 1836 500 1929 Quamobrem
509 1836 530 1885 θ’
553 1840 620 1914 tibi
651 1840 745 1914 habe
778 1866 864 1914 sane
891 1844 995 1913 istam
1022 1839 1267 1913 laudationem

201 1947 473 2038 Mamertinam,
491 1954 749 2048 Syracusanam
762 1950 910 2049 quidem
925 1954 1124 2038 civitatem,
1142 1965 1183 2021 ut
1201 1950 1266 2021 abs

203 2074 241 2130 te
259 2056 387 2130 affecta
403 2073 474 2147 est,
492 2061 540 2132 ita
559 2064 597 2133 in
615 2076 650 2133 te
665 2086 741 2134 esse
757 2064 950 2133 animatam
964 2062 1147 2148 videmus3
1168 2058 1265 2157 apud

203 2193 297 2267 quos
311 2171 419 2241 etiam
432 2175 567 2244 Verrea
581 2170 641 2244 illa
656 2170 846 2269 flagitiosa⁷
864 2170 1005 2243 sublata
1019 2185 1113 2242 sunt.
1123 2170 1267 2241 Etenim

203 2281 353 2352 minime
369 2282 626 2365 conveniebat,
642 2288 678 2354 ei
695 2282 847 2353 deorum
863 2282 1023 2352 honores
1032 2277 1182 2366 haberi,
1202 2280 1266 2376 qui

202 2388 392 2459 simulacra
410 2388 563 2462 deorum
580 2392 791 2462 sustulisset.
811 2396 928 2462 Etiam
948 2388 1154 2462 mehercule
1175 2388 1266 2458 illud

202 2499 241 2567 in
270 2501 501 2595 Syracusanis
534 2503 665 2573 merito
696 2500 1043 2599 reprehenderetur,
1072 2501 1121 2586 si,
1149 2522 1265 2595 quum

203 2605 298 2677 diem
320 2606 453 2680 festum
474 2609 645 2682 ludorum
664 2610 709 2682 de
730 2608 828 2681 fastis
846 2613 920 2681 suis
935 2608 1162 2681 sustulissent
1175 2606 1265 2678 cele·

201 2712 400 2787 berrimum
423 2733 459 2789 et
476 2723 759 2809 sanctissimum,
779 2719 880 2818 quod
893 2741 950 2789 ‘eo
974 2721 1055 2816 ipso
1080 2716 1138 2788 die
1160 2721 1265 2811 Syra·

204 2846 297 2893 cusae
324 2849 346 2895 a
373 2829 544 2900 Marcello
574 2834 685 2928 captae
716 2853 791 2901 esse
820 2828 1008 2913 dicuntur,
1034 2822 1143 2895 iidem
1168 2821 1263 2893 diem

203 2929 337 3003 festum
361 2938 483 3008 Verris
508 2942 657 3009 nomine
681 2951 849 3034 agerent,
874 2958 989 3031 quum
1020 2935 1086 3003 iste
1112 2934 1263 3027 Syracu-

204 3044 317 3130 sanis,
335 3067 415 3139 quae
436 3045 496 3117 ille
514 3046 740 3119 calamitosus
757 3046 832 3117 dies
846 3043 1049 3140 reliquerit,
1063 3040 1262 3112 ademisset.

238 3245 264 3293 3.
275 3245 385 3293 Goereua.
396 3245 428 3293 ad
437 3246 489 3295 Cic.
500 3247 616 3298 Academ.
626 3250 713 3319 11,39‚
756 3248 865 3296 allectus.
881 3246 948 3311 Quid
966 3247 1062 3311 turpius
1080 3247 1144 3294 enirn
1163 3259 1189 3296 et
1210 3248 1263 3297 lau·

77 3388 81 3395 ,
121 3302 125 3308 ¹
203 3323 269 3384 oouj.
281 3322 397 3381 debeant,
408 3328 613 3373 neeneffrustra.
621 3327 678 3374 ΙΝ.
686 3330 711 3379 L.
757 3326 871 3376 dantibus
879 3337 903 3374 et
913 3325 960 3390 ipsi
969 3328 1012 3390 qui
1028 3325 1177 3385 laudaretur,
1187 3343 1263 3391 quum

239 3409 264 3457 a.
276 3401 367 3448 Navem
379 3402 529 3451 onerariam.
542 3402 650 3468 Cybeeru
663 3405 711 3452 aci-
756 3407 800 3455 uni
809 3421 839 3454 ex
851 3415 888 3454 tot
905 3404 1007 3454 urbibus
1020 3405 1158 3454 laudatores
1171 3418 1265 3463 esunt,

202 3477 314 3538 lieet,de
326 3480 491 3544 quiasuperius
499 3481 713 3544 multiajamloeia
756 3484 824 3550 quod
842 3500 884 3533 eos
895 3486 921 3532 iu
938 3485 1060 3533 furtorum
1076 3501 1105 3533 ae
1118 3484 1264 3548 flagitiorum

204 3558 263 3622 egit.
756 3564 866 3611 omnium
874 3574 967 3628 part·
978 3573 1114 3612 vocaverat.

238 3632 265 3685 5.
279 3635 338 3684 Cum
354 3635 400 3683 isto
410 3648 527 3701 praetore.
546 3640 656 3689 Graevius
669 3657 712 3690 vo-
792 3659 816 3702 7.
829 3639 1061 3710 Verreastagitiosa.
1074 3641 1189 3690 Vidimus
1203 3639 1264 3703 quid

203 3731 255 3764 uem
274 3715 341 3763 illam
358 3727 466 3780 proetore
486 3717 618 3768 tollendam
639 3732 710 3784 putat
754 3720 862 3769 similla
878 3722 982 3781 Verres,
996 3737 1051 3784 quas
1070 3722 1159 3768 Verres
1177 3718 1230 3783 ipse
1251 3735 1266 3766 a

204 3803 325 3857 tamquam
338 3794 443 3844 inanem.
755 3799 912 3863 Syracusanis
934 3798 1104 3847 constituenda
1130 3809 1264 3848 curaverat.

238 3873 263 3921 6.
277 3872 449 3935 Quamobrem.
466 3874 514 3922 Hic
528 3890 610 3923 ruraua
620 3875 646 3924 iu
657 3878 711 3924 Ma·
754 3877 884 3941 Flagitiosa
898 3888 983 3939 vocat,
995 3887 1047 3924 tum
1056 3886 1160 3941 propter
1168 3877 1216 3925 viri
1223 3894 1265 3925 ua·

204 3950 361 3998 munorum
379 3950 445 3998 illam
459 3950 602 4015 flagitiosam
617 3953 710 4002 collau·
755 3965 833 4003 turam
841 3958 869 4003 iu
880 3956 950 4016 eujus
960 3956 1078 4004 honorem
1089 3956 1183 4004 fueram
1198 3956 1269 4004 insti-

205 4026 326 4076 dationem
343 4029 476 4091 invehitur,
490 4046 538 4094 qua
557 4041 637 4081 tamen
648 4049 710 4098 prte-
755 4045 820 4095 tuta;
843 4047 895 4084 tum
913 4036 970 4100 quia
981 4033 1103 4083 Marcellia
1115 4035 1221 4083 debitam
1231 4053 1265 4084 ee

206 4113 245 4151 tor
256 4105 353 4155 iufamia
372 4109 452 4173 potius
467 4125 540 4173 quam
557 4111 652 4161 honore
664 4112 710 4161 luit
753 4113 809 4162 dem
817 4115 904 4163 Verres
915 4115 963 4164 hoe
974 4125 1047 4180 pacto
1057 4125 1223 4180 usurpaverat.
