3016 4774
317 427 385 502 558
660 424 940 496 excussus
968 370 1062 494 iv.⁸

315 555 557 617 Hostomannus
566 545 699 635 quidem
710 546 794 609 hanc
806 544 972 609 Ciceronis
983 543 1210 610 defensionem
1220 547 1268 612 ait
1276 565 1401 637 aperte

315 657 425 721 inuam
437 670 471 718 et
483 652 685 742 nugatoriam
698 673 783 733 esse3
797 649 912 715 nititur
925 649 1022 716 credo
1036 651 1174 715 maxime
1186 653 1248 716 illis
1261 655 1398 737 verbis,

314 784 387 850 quae
405 761 558 850 leguntur
572 759 606 822 iu
622 774 764 823 extrema
781 758 943 839 oratione,
960 757 1183 821 «Caesenniam
1202 759 1399 846 possedisse

315 883 450 955 propter
464 866 707 930 usumfructum
720 885 788 926 non
804 883 902 951 negas
911 884 940 946 »ς
954 860 1013 927 sed
1025 877 1060 926 et
1070 861 1124 926 illa
1142 862 1304 961 mendosa
1321 888 1398 931 esse

315 998 356 1038 eo
371 973 406 1038 in
424 973 498 1037 loco
513 971 776 1035 Hottomannum
801 966 919 1032 docete
940 966 1063 1055 potuit,
1085 966 1177 1056 quod
1197 968 1253 1032 hic
1273 971 1397 1035 Cicero
1484 1046 1485 1049 Ἴ

316 1096 381 1144 tam
394 1078 529 1143 sollicite
544 1074 653 1157 docet,
674 1072 815 1138 fundum
832 1072 924 1137 illum
938 1072 972 1136 in
986 1075 1137 1138 auctione
1152 1090 1306 1164 emptum
1322 1100 1399 1143 esse
1472 1160 1477 1169 Ι

316 1184 502 1259 Caesenniae,
518 1198 558 1246 ut
574 1178 627 1245 illa
644 1178 708 1260 jam
729 1177 819 1267 quod
835 1177 965 1258 emerit,
981 1201 1050 1243 non
1065 1196 1199 1268 propter
1215 1184 1394 1246 usumfm-

317 1308 408 1355 ctum
422 1288 550 1353 dicatur
562 1284 762 1375 possedisse,
778 1299 812 1347 et
828 1283 882 1347 hic
896 1305 989 1347 noue
1003 1304 1107 1372 genus
1121 1284 1185 1349 hoe
1199 1285 1265 1350 litis
1282 1310 1393 1375 quum

316 1396 544 1485 appellet,non
557 1391 720 1479 queritur,
732 1389 863 1477 opinor,
870 1412 910 1454 an
922 1388 1087 1455 Caesennia
1098 1406 1227 1456 morters
1235 1395 1395 1458 ususfru-

314 1517 386 1566 ctus
405 1500 458 1564 ille
478 1496 519 1562 ad
539 1478 693 1560 heredem
711 1494 824 1561 redeat
844 1494 933 1560 :hoc
952 1511 1116 1583 queratur
1133 1496 1304 1583 potius'an
1325 1498 1395 1563 filio

316 1620 448 1671 mortuo
460 1602 572 1676 matri,
589 1624 662 1690 que
673 1624 749 1666 cum
759 1601 827 1666 filio
840 1616 1034 1666 testamento
1043 1602 1103 1666 viri
1118 1603 1283 1667 suemus
1292 1603 1394 1670 bonis

315 1709 483 1784 omnibus,
505 1709 713 1773 ususfructus
730 1707 915 1772 accreverit.
935 1707 1019 1773 Nam
1034 1708 1099 1772 hoc
1114 1707 1169 1789 jus
1188 1731 1260 1774 esse
1278 1712 1396 1776 statuit

314 1816 477 1896 Julianus,
502 1838 601 1903 quem
626 1813 737 1880 laudat
755 1828 922 1877 auctorem
948 1814 1106 1903 Ulpianus
1125 1814 1160 1878 in
1187 1815 1258 1905 lege
1279 1817 1319 1894 8,
1353 1817 1395 1883 dc

315 1922 489 1987 usufructu
500 1919 725 1985 accrescendo.
747 1917 875 1983 Deinde
890 1919 918 1983 si
935 1914 1121 2003 Caesennia,
1128 1938 1167 1986 ut
1179 1921 1224 1985 illi
1231 1922 1397 2002 juriscon-

316 2028 391 2093 sulti
409 2031 541 2104 volunt,
557 2026 801 2091 usumfructum
819 2023 939 2090 habere
953 2023 1068 2090 debuit
1080 2027 1153 2106 jure
1166 2029 1392 2112 accrescendi,

316 2157 386 2218 eur,
399 2156 501 2222 quum
512 2155 549 2198 ea
564 2132 653 2197 bona
662 2130 813 2195 venirent
825 2130 859 2193 in
876 2131 1045 2207 auctione,
1057 2133 1209 2196 mulieres
1219 2133 1252 2196 in
1263 2151 1392 2221 partem

316 2255 438 2305 vocate
453 2237 553 2304 sunt?
565 2239 608 2303 Et
625 2259 729 2325 quum
750 2236 810 2324 ipsi
823 2236 1013 2319 cesennia,
1031 2259 1104 2325 quse
1123 2236 1219 2302 bonis
1234 2240 1393 2305 omnibus

316 2347 480 2410 frueretur
498 2345 590 2426 jure,
609 2343 764 2422 majorem
782 2359 907 2430 partem
924 2342 1045 2432 legaret
1063 2342 1165 2426 filius,
1184 2345 1277 2409 uxori
1304 2367 1394 2433 quo·

317 2476 382 2541 que
399 2474 464 2529 sum
481 2450 602 2540 grande
623 2448 752 2536 pondus
772 2450 897 2537 argenti
918 2449 1077 2540 legaverit
1094 2451 1177 2516 Sane
1193 2474 1393 2541 responsum

316 2558 366 2622 his
383 2556 478 2621 velim
498 2554 627 2643 quidvis
642 2555 769 2642 potius,
792 2578 890 2643 quam
908 2556 1099 2622 Ciceronem
1115 2559 1162 2622 sic
1181 2559 1390 2648 importune,

317 2680 359 2721 ne
370 2655 476 2720 dicam
491 2653 711 2743 impudenter,
726 2654 881 2720 sotadeo
896 2656 943 2722 sic
961 2657 1096 2746 impune
1109 2681 1179 2723 esse
1196 2660 1394 2743 mentitum,

317 2773 357 2822 ut
374 2780 416 2820 ne
432 2756 634 2821 adversarius
655 2756 788 2844 quidem
813 2756 993 2845 quidquam
1017 2758 1059 2823 de
1081 2776 1228 2825 retacta
1252 2760 1394 2839 dixerit,

317 2888 426 2953 neque
441 2863 475 2926 in
494 2863 558 2928 hoc
575 2864 649 2929 loco
666 2863 872 2952 potissimum
889 2865 1053 2930 restiterit
1074 2865 1198 2932 Dixerit
1213 2866 1314 2957 igitur
1329 2891 1395 2955 pn·

317 2967 383 3031 tius
401 2965 546 3030 timidior
561 2965 694 3052 aliquis,
707 2987 807 3053 quam
824 2962 987 3049 audacior,
997 2966 1051 3047 jus
1062 2968 1096 3031 in
1113 2968 1274 3056 plerisque
1288 2986 1396 3033 muta·

318 3090 390 3138 tum
404 3071 521 3155 fuisse3
541 3070 692 3135 ostendat
710 3071 826 3154 etiam,
844 3087 883 3135 ut
900 3093 984 3161 soepe
1005 3072 1058 3153 jus
1079 3095 1202 3137 novum
1221 3074 1285 3153 juri
1304 3076 1395 3138 anti·

318 3199 385 3265 quo
412 3174 579 3239 videamus
611 3176 734 3263 opponi
764 3176 799 3240 in
834 3176 1053 3265 posteriorum
1077 3177 1394 3258 jurisconsultorum

316 3279 407 3346 libris
424 3303 432 3342 ε
452 3302 550 3367 quam
568 3277 671 3343 multa
688 3280 721 3343 iu
736 3281 793 3345 illo
808 3276 1008 3346 correxerint
1024 3304 1116 3346 novse
1128 3283 1231 3372 leges,
1247 3299 1395 3348 senatus·

316 3382 480 3465 consulta,
494 3383 717 3463 jurisconsulti
729 3384 805 3471 ipsi,
817 3384 979 3473 siquidem
987 3386 1096 3450 Labeo
1105 3409 1192 3451 unus
1205 3387 1255 3472 (ut
1264 3388 1394 3453 mittam

317 3491 434 3582 ipsius,
454 3504 487 3553 et
502 3487 687 3576 Capitonis,
699 3505 737 3553 ut
754 3489 874 3555 horum
891 3492 1063 3579 utriusque
1079 3514 1305 3558 successorum
1324 3493 1396 3559 dis·

318 3598 483 3665 sensiones
494 3593 579 3658 inter
592 3592 639 3682 se)
651 3594 685 3658 in
699 3594 751 3659 illa
766 3596 899 3661 scientia
910 3596 1051 3684 plurima
1064 3597 1219 3662 innovare
1235 3598 1396 3682 instituit,

319 3723 357 3771 ut
374 3705 418 3770 ait
441 3700 645 3790 Pomponius
663 3701 697 3764 in
715 3700 784 3792 lege
809 3700 940 3782 ultima,
965 3699 1006 3766 de
1033 3703 1159 3792 origine
1183 3703 1274 3782 juris.
1300 3705 1399 3787 Quin

319 3811 432 3876 Cicero
449 3811 483 3873 in
498 3808 561 3873 hac
574 3808 643 3896 ipsa
662 3808 833 3873 oratione:
852 3808 1023 3873 «Dubium
1042 3826 1108 3893 est,
1123 3809 1244 3896 inquit,
1264 3811 1346 3897 quin
1365 3812 1400 3876 si

320 3916 487 3980 Cesennia
513 3929 584 3979 tum
605 3913 807 4002 possidebat,
831 3938 935 4002 quum
958 3932 1026 3980 erat
1052 3916 1187 3980 colonus
1211 3916 1245 3978 in
1269 3916 1399 3999 frando,

320 4035 394 4110 post
407 4020 476 4096 ejus
492 4034 631 4083 mortem
642 4021 737 4085 heres
754 4018 870 4084 eodem
883 4021 955 4101 jure
967 4020 1165 4111 possederit?
1175 4053 1188 4077 »
1203 4022 1248 4086 At
1261 4021 1402 4091 Paullus

317 4119 566 4207 jurisconsultus
582 4137 694 4207 postea
713 4122 746 4183 in
763 4121 832 4210 lege
856 4122 916 4205 30,
937 4123 978 4189 de
1002 4123 1215 4215 acquirenda,
1235 4126 1284 4191 vel
1303 4129 1406 4195 amit·
