3054 4772
306 428 383 504 650
632 431 682 499 Μ.
706 430 745 499 Τ.
772 430 1050 500 CICERONIS

307 579 353 625 ex
375 555 514 623 viarum
530 528 732 622 munitione
750 547 894 639 fecisse3
916 564 958 620 ut
975 564 1039 621 aut
1059 572 1107 621 ue
1127 565 1275 646 cogeret
1292 576 1378 627 mu·

308 666 404 751 nire,
422 676 485 734 aut
506 659 560 749 id,
585 659 685 759 quod
706 661 887 732 munitum
910 673 1021 747 essct,
1042 685 1089 731 ne
1109 659 1372 757 improbaret¹.

306 778 398 846 siet
414 773 527 845 coacti
545 786 630 844 sunt
646 772 791 843 munire
812 796 958 859 omues,
984 784 1020 842 et
1040 772 1240 841 multorum
1262 796 1377 870 opera

308 880 513 981 improbata
532 895 618 952 sunt
640 908 648 950 :
671 895 768 952 certe
793 895 990 978 utrumque
1012 878 1143 952 falsum
1161 895 1236 965 est,
1263 894 1299 951 et
1322 881 1374 952 ob

305 994 557 1066 vacationem²
586 991 745 1090 pretium
764 989 906 1079 datum,
935 1015 1050 1089 quum
1071 991 1244 1061 immunis
1264 1015 1374 1063 nemo

307 1102 434 1191 fuerit3
459 1117 494 1174 et
520 1100 569 1173 ob
594 1100 868 1200 probationem,
892 1124 1010 1198 quum
1034 1100 1149 1172 multe
1171 1099 1373 1197 improbate

308 1217 390 1287 sint.
410 1210 533 1304 Quid?
551 1216 581 1283 si
597 1212 669 1286 hoc
691 1214 828 1284 crimen
850 1215 998 1309 optimis
1018 1208 1250 1282 nominibus³
1270 1209 1371 1281 dele·

307 1348 393 1423 gare
411 1323 609 1421 possimus,
624 1338 660 1393 et
677 1323 744 1407 ita,
757 1336 798 1392 ut
812 1319 1049 1419 non'culpam
1061 1322 1099 1389 in
1117 1318 1206 1390 elios
1219 1317 1371 1390 transle-

307 1458 447 1519 ramus,
458 1431 520 1503 sed
534 1432 587 1502 uti
595 1430 810 1519 doceamus,
825 1455 888 1503 eos
902 1432 959 1501 isti
969 1430 1165 1500 munitioni
1176 1427 1373 1527 praefirisse,

309 1547 373 1642 qui
391 1541 494 1615 facile
515 1539 676 1643 officium
697 1565 805 1613 suum
828 1555 864 1613 et
881 1556 1049 1639 proestare
1063 1555 1099 1611 et
1117 1540 1273 1637 probare
1287 1564 1372 1637 pos·

310 1656 443 1738 sunt⁴;
468 1665 637 1721 tamenne
666 1675 731 1721 vos
753 1653 874 1723 omnia
895 1652 934 1721 iu
956 1651 1014 1722 Μ’.
1042 1650 1250 1736 Fonteium,
1274 1651 1373 1720 iratis

309 1759 460 1834 testibus
492 1757 593 1849 sceti,
622 1759 838 1833 conferetis?
867 1764 993 1851 Quum
1021 1762 1221 1857 majoribus
1250 1763 1373 1857 reipu-

308 1871 410 1943 blicae
431 1873 585 1969 negotiis
602 1870 662 1941 Μ’.
685 1875 855 1943 Fonteius
868 1870 1125 1970 impediretur,
1147 1887 1182 1945 et
1197 1896 1312 1969 quum
1327 1870 1371 1943 ed

307 1980 571 2081 rempublicam
594 1981 808 2079 pertineret,
833 1984 928 2054 viam
958 1986 1154 2055 Domitiam
1187 1983 1322 2054 muniri
1337 1978 1372 2065 ⁵,

309 2095 434 2194 legatis
458 2095 549 2181 suis,
580 2094 759 2191 primariis
788 2094 893 2180 viris,
929 2098 969 2166 C.
1000 2095 1120 2166 Annio
1149 2093 1308 2166 Bellieno
1335 2106 1373 2162 et

310 2209 349 2275 C.
369 2205 520 2275 Fonteio
543 2203 729 2299 negotium
751 2201 861 2276 dedit.
886 2207 1014 2301 Itaque
1038 2203 1261 2302 prefuerunt
1279 2230 1287 2273 ε
1306 2205 1372 2273 im-

309 2328 528 2414 peraverunt
553 2337 622 2411 pro
649 2311 822 2411 dignitate
853 2338 937 2402 suu,
963 2313 1065 2412 quod
1095 2316 1213 2386 visum
1237 2327 1306 2397 est,
1335 2327 1372 2382 et

309 2423 555 2523 probaverunt
568 2420 596 2493 ⁶.
620 2422 730 2513 Quod
751 2448 833 2512 vos,
850 2426 879 2495 si
894 2425 994 2496 nulla
1012 2424 1080 2497 alia
1095 2450 1141 2497 ex
1155 2450 1212 2510 re,
1229 2448 1272 2495 ex
1289 2422 1369 2492 lite·

308 2535 357 2606 ris
379 2533 529 2630 quidem
556 2534 703 2622 vestris,
725 2558 817 2631 quas
842 2535 1033 2633 scripsistis
1051 2546 1086 2624 ⁷,
1111 2548 1147 2606 et
1174 2535 1306 2618 missis,
1331 2544 1370 2601 et

343 2738 401 2788 m
425 2754 448 2789 x.
469 2739 629 2803 Improbum.
649 2741 688 2788 De
708 2740 820 2804 pretorii
863 2740 951 2789 consul
973 2756 1030 2788 cum
1053 2740 1130 2789 Galli·
1154 2750 1178 2789 et
1200 2737 1371 2803 Allobrogibus

308 2819 454 2885 probatione
466 2830 509 2867 eut
519 2818 698 2883 improbatione
709 2819 743 2867 ite
756 2835 820 2882 sape
863 2820 954 2869 bellum
964 2822 1045 2885 gessit.
1057 2848 1092 2858 -
1099 2820 1166 2869 Olim
1176 2842 1189 2862 ι
1197 2820 1292 2867 munire
1302 2841 1323 2866 n.

309 2900 336 2946 in
355 2901 426 2947 Verr.
449 2898 541 2947 dictum
562 2908 610 2955 eet,
634 2908 662 2945 ut
683 2897 819 2961 legentibus
898 2898 923 2949 6.
942 2900 1115 2947 Probum-m.
1134 2900 1258 2948 Pertiuent
1274 2895 1372 2946 beced

310 2993 383 3043 greve
395 2988 458 3026 esset
466 2994 517 3026 non
525 2977 599 3025 semel
607 2976 672 3024 dicte
681 2987 797 3042 repetere.
863 2989 968 3028 veterem
987 2978 1069 3038 illem,
1086 2994 1136 3043 que
1155 2978 1181 3026 iu
1196 2977 1312 3042 operibus
1327 2991 1372 3039 pu·

345 3072 371 3105 n.
386 3057 423 3104 Ob
435 3056 601 3105 vacationem.
618 3054 657 3103 Ne
670 3055 765 3103 munire
777 3071 820 3104 eo·
863 3056 934 3106 blicis
956 3057 1098 3119 utebantur,
1119 3058 1305 3122 inscriptionum
1324 3056 1372 3102 for·

311 3145 432 3200 gerentur.
863 3136 1373 3195 mulammouueruuuirruruuquuruo·

345 3215 371 3262 3.
384 3212 488 3277 Optimis
496 3212 640 3260 nominibus.
650 3214 690 3261 Sic
703 3213 821 3263 dicuntur
864 3231 1008 3265 mvuuunr.

311 3291 434 3340 echium
450 3291 597 3356 locupletes,
610 3291 653 3355 qui
672 3292 820 3341 aeeelieuum
901 3310 926 3355 7.
947 3293 1043 3352 Vestn's,
1056 3309 1118 3357 quas
1128 3292 1372 3357 scripsistb.Vulgete

310 3370 443 3420 dissolvere
451 3380 477 3418 et
487 3380 600 3434 possunt,
611 3381 636 3418 et
647 3371 741 3419 volunt.
749 3372 822 3420 Dele-
864 3372 939 3422 lectio
951 3389 1004 3422 non
1012 3385 1086 3438 captu
1096 3373 1192 3421 senilem
1204 3388 1300 3420 sensum
1312 3387 1372 3436 pne·

310 3466 366 3514 gere
374 3450 449 3514 igitur
458 3449 550 3496 crimen
559 3449 659 3513 optimu
667 3449 819 3510 nominibus,
863 3451 914 3503 bet.
928 3454 985 3502 Sive
996 3455 1061 3501 euim
1070 3453 1179 3513 judiees,
1191 3453 1244 3501 eive
1253 3460 1372 3500 nemum-

308 3530 336 3579 iu
348 3546 390 3578 eoe
401 3539 437 3577 eet
446 3528 573 3578 transferre
582 3531 687 3589 crimen,
696 3529 738 3594 qui
749 3530 820 3579 facile
863 3548 902 3581 ree
911 3534 1054 3582 Ciceronem
1064 3532 1157 3597 ulloqui
1167 3533 1194 3580 h.
1208 3531 1371 3585 beredenam,

309 3620 414 3676 possunt
423 3607 526 3673 prebere
536 3609 637 3655 uomui
647 3609 821 3673 eutpnvaure,
863 3612 990 3676 quomodo
1009 3628 1040 3660 ex
1057 3611 1109 3659 istis
1124 3627 1138 3658 e
1155 3621 1241 3659 eeuutu
1258 3609 1290 3658 ed
1311 3611 1372 3655 Fou-

310 3690 354 3754 qui
375 3700 480 3755 pereunt
504 3687 617 3736 facillime
643 3688 751 3737 criminis
774 3688 821 3737 eibi
864 3692 939 3739 telum
954 3691 1051 3756 eeriptie
1064 3690 1140 3739 literis
1157 3689 1261 3754 intelligi
1277 3696 1372 3753 potest,

307 3768 371 3818 illati
377 3783 440 3817 ouue
450 3760 569 3815 sustinere
578 3776 619 3816 tut
627 3767 744 3816 refellere.
755 3767 821 3816 Male
864 3770 924 3836 quid
944 3769 986 3819 ille
1003 3770 1089 3819 devie
1109 3771 1217 3818 Domitia
1236 3768 1266 3817 ed
1283 3767 1373 3829 legetur

308 3847 336 3894 iu
348 3850 421 3897 Juut.
432 3845 472 3894 ed.
485 3861 567 3894 errore
579 3862 707 3911 opererem
720 3847 821 3895 «heml-
863 3849 1034 3899 mundaverit?
1052 3850 1131 3898 Unice
1146 3848 1209 3897 mihi
1227 3862 1282 3895 vere
1301 3844 1374 3893 lectio

309 3925 383 3974 uibue
392 3948 414 3975 ι.
863 3929 949 3977 Feerni
962 3927 1060 3976 videtur
1073 3950 1086 3970 u
1096 3927 1187 3975 nostrie
1197 3961 1205 3986 ,
1214 3940 1275 3989 qum
1288 3921 1376 3972 exseri·

347 4006 690 4068 t.ttrn.pouene.1.v.1..
836 3986 840 4015 ¹
864 4007 980 4072 peiere»,
1002 4021 1057 4069 que
1079 4005 1110 4054 ud
1129 4015 1283 4053 accusetoree
1304 4002 1373 4050 reluta

347 4083 372 4132 5.
391 4082 463 4128 Viam
477 4082 618 4132 Domitiam.
635 4085 715 4145 Quem
728 4094 821 4132 sueve-
865 4084 993 4133 menifesto
1005 4100 1077 4132 eeueu
1092 4094 1168 4147 petet.
1185 4084 1298 4131 Vidimus
1311 4079 1375 4129 euim

310 4172 347 4211 eet
360 4163 406 4213 Cu
421 4159 561 4223 Domitius,
576 4162 620 4223 qui
633 4162 658 4209 iu
673 4162 751 4210 Gallie
764 4178 822 4226 pro·
865 4174 914 4212 ece.
932 4163 1006 4227 prim.
1024 4162 1051 4211 iu
1070 4164 1140 4212 Verr.
1157 4164 1205 4222 38,
1223 4159 1256 4224 57
1277 4172 1302 4209 et
1314 4175 1377 4225 pm.

1326 4258 1350 4297 θ
