3116 4774
318 350 389 435 iio
636 349 684 415 M.
709 348 748 414 r.
776 345 1055 417 crcanours

317 486 353 543 te
371 470 466 541 illius
484 464 611 539 acerba
631 467 836 566 imploratio
850 483 886 538 et
901 491 973 536 vox
991 462 1203 535 miserabilis
1222 490 1300 536 non
1317 468 1396 537 in-

313 576 507 666 hibebatss,
538 602 586 648 ne
606 579 739 648 civium
757 577 905 675 quidem
932 598 1188 662 romanorum,
1212 579 1395 673 quitum

313 689 480 776 aderant,
501 685 591 759 fletu
615 701 651 757 et
675 687 812 783 gemitu
832 689 989 757 maximo
1012 684 1314 758 commovebare?
1333 690 1392 756 In

314 822 456 897 crucem
472 813 512 868 tu
534 820 636 893 agere
656 818 764 867 ausus
782 820 821 866 es
839 818 1080 893 quemquam,
1107 793 1172 891 qui
1195 817 1234 864 se
1262 794 1390 865 civem

313 933 506 980 romanum
529 931 605 977 esse
625 903 784 977 diceret?
805 905 915 978 Nolui
933 919 1006 974 tam
1023 902 1255 974 vehementer
1272 927 1389 1000 agere

316 1019 386 1091 hoc
403 1023 518 1117 prima
540 1019 699 1102 actione,
719 1015 878 1111 judices3
907 1014 1020 1085 nolui.
1040 1011 1185 1084 Vidistis
1203 1013 1320 1101 enim,
1337 1026 1389 1083 ut

316 1125 675 1200 animimultitudinis
690 1126 729 1194 in
744 1126 851 1195 istum
867 1121 1210 1211 dolore,etodi0‚et
1222 1145 1387 1193 commu·

315 1240 372 1309 nis
390 1236 536 1337 periculi
552 1250 669 1321 metu,
687 1236 965 1305 concitarentur.
975 1234 1091 1333 statui
1107 1241 1272 1327 egomet⁷
1289 1229 1382 1300 mihi

316 1363 396 1419 tum
421 1345 571 1417 modum
598 1345 751 1414 orationi
774 1369 880 1430 meae,
907 1357 944 1415 et
965 1347 1004 1415 C.
1024 1341 1244 1420 Numitorio,
1264 1341 1383 1436 equiti

315 1481 487 1543 romano,
512 1456 630 1553 primo
652 1454 810 1542 homini,
834 1455 916 1525 testi
938 1477 1039 1541 me0;
1067 1465 1103 1521 et
1125 1448 1380 1535 Glabrionem,

316 1565 354 1635 id
373 1563 472 1660 quod
502 1564 763 1661 sapientissime
789 1562 895 1650 iecit,
919 1562 1035 1634 facere
1053 1560 1189 1631 laetatus
1213 1585 1315 1647 sum,
1338 1574 1382 1631 ut

317 1686 489 1770 repente,
514 1674 665 1744 consilio
686 1674 724 1744 in
742 1668 906 1761 medi08,
928 1683 1056 1743 testem
1072 1670 1277 1740 dimitteret.
1295 1676 1378 1741 Ete-

316 1782 392 1850 nim
404 1779 617 1870 verebatur,
634 1808 680 1853 ne
694 1781 852 1880 populus
867 1779 1091 1852 romanusab
1103 1783 1172 1850 isto
1182 1803 1241 1850 eas
1255 1803 1381 1878 poenas

314 1892 350 1960 vi
362 1892 531 1990 repetisse
545 1891 838 1987 videretur,quas
850 1892 984 1961 veritus
997 1906 1148 1962 essetne
1163 1891 1230 1961 iste
1241 1887 1380 1986 iegibus

317 2015 354 2072 et
371 2016 491 2072 vestro
507 1999 645 2095 judicio
663 2025 739 2071 non
756 2016 850 2071 esset
865 1998 1127 2098 persoluturus.

258 2204 262 2213 1
364 2114 490 2200 Nunc,
509 2112 679 2209 quoniam
698 2112 771 2207 jam
790 2111 1014 2208 exploratum
1031 2123 1084 2180 est
1102 2107 1288 2197 omnibus,
1305 2134 1381 2206 quo

317 2221 399 2294 ioco
421 2246 527 2294 causa
555 2237 615 2292 tua
636 2222 701 2309 sit,
723 2235 759 2292 et
784 2219 872 2316 quid
894 2219 940 2291 de
962 2233 998 2290 te
1024 2217 1188 2290 stitutum
1216 2221 1304 2307 sit93
1328 2222 1380 2289 sic

319 2346 439 2402 tenum
457 2355 570 2426 agam.
585 2335 738 2401 Gavium
753 2335 879 2417 istum,
898 2353 1008 2426 quem
1021 2329 1251 2426 repentinum
1261 2339 1291 2372 ¹⁰
1301 2352 1381 2426 spe-

318 2441 516 2510 culatorem
535 2437 644 2509 fuisse
661 2439 767 2527 dicis,
791 2440 995 2526 ostendam,
1013 2442 1050 2510 in
1069 2439 1257 2511 lautumias
1275 2443 1378 2535 Syra·

317 2550 410 2621 cusis
426 2573 446 2617 a
466 2560 500 2617 tc
514 2571 591 2618 esse
605 2548 809 2643 conjectum
826 2576 833 2619 :
850 2573 970 2646 neque
985 2547 1022 2619 id
1038 2550 1156 2619 solum
1169 2574 1213 2619 ex
1225 2559 1254 2591 ¹¹
1268 2548 1377 2618 literis

318 2656 506 2733 ostendam
526 2661 852 2753 Syracusanorum,
870 2683 916 2731 ne
926 2660 1040 2756 possis
1054 2658 1189 2749 dicere,
1204 2683 1276 2746 me,
1292 2659 1379 2754 quia

354 2803 379 2851 6.
389 2801 527 2863 Iadibebat.
539 2803 598 2849 Vox
606 2801 827 2851 nautica-temo
869 2801 992 2850 iracundia
1003 2802 1168 2860 vindicatum,
1183 2803 1278 2866 legibus
1286 2813 1311 2850 et
1317 2801 1381 2864 indi·

319 2881 435 2939 inhibere,
447 2894 499 2943 est,
514 2883 585 2930 remis
598 2894 730 2931 retrorsum
741 2896 827 2929 navem
870 2882 910 2929 cio
926 2882 1065 2931 reservavit.
1077 2881 1140 2928 Vide
1153 2892 1215 2945 quot
1232 2881 1313 2930 modis
1330 2897 1380 2929 ora·

319 2959 465 3025 propellere.
479 2963 526 3009 Hic
539 2971 593 3019 est,
611 2975 734 3008 removere
745 2975 760 3006 a
773 2973 828 3007 crtt-
870 2969 911 3006 tor
921 2958 1056 3020 judicesad
1066 2962 1215 3008 severitatem
1226 2972 1306 3020 acuat,
1316 2976 1381 3008 nunc

319 3038 426 3087 delitate.
873 3055 958 3104 prece,
978 3053 1044 3086 nunc
1060 3039 1144 3096 minis;
1161 3039 1203 3086 hic
1219 3055 1291 3097 vero,
1315 3037 1381 3103 quod

355 3132 378 3177 7.
387 3117 492 3181 Egonist
501 3114 568 3163 miii.
580 3115 645 3162 Mihi
654 3116 761 3165 abundat
774 3118 828 3176 hic,
870 3119 921 3178 iam
936 3133 1015 3182 sape,
1029 3118 1213 3165 existimationis
1227 3134 1277 3166 susa
1291 3119 1384 3182 gratim

318 3204 346 3241 ut
355 3210 418 3262 sapa
426 3227 433 3251 ,
442 3206 466 3241 et
475 3193 532 3251 tibi,
544 3193 610 3257 apud
619 3190 699 3242 bonos
710 3206 829 3246 auctores.
873 3213 929 3245 nam
942 3195 1021 3256 sedilis
1032 3198 1082 3258 jam
1094 3196 1232 3260 designatus
1246 3198 1333 3247 iuerat.

354 3274 380 3320 8.
399 3270 505 3318 Comiiio
519 3271 544 3318 in
557 3273 645 3322 medio.
659 3275 742 3336 Quum
755 3284 829 3323 staret
908 3293 932 3339 9.
947 3277 1015 3342 Quid
1025 3276 1056 3323 de
1065 3273 1209 3342 restiturum
1224 3275 1266 3324 sit.
1281 3275 1310 3327 Id
1328 3286 1380 3336 est,

316 3350 471 3403 Numitorius
484 3351 510 3397 in
525 3350 606 3398 medio
622 3352 734 3412 judicum
748 3365 826 3415 coitu,
871 3356 1006 3404 necessario
1019 3366 1043 3403 te
1062 3371 1112 3403 esse
1136 3354 1350 3403 condemnandum
1365 3370 1380 3401 a

315 3443 344 3491 et
359 3430 410 3491 jam
428 3430 592 3477 testimonium
607 3429 713 3492 diceret,
729 3445 828 3496 repente
868 3434 1002 3495 judicibus.
1019 3434 1051 3480 Et
1073 3435 1113 3482 bic
1137 3435 1211 3482 etiarn
1230 3451 1296 3500 spem
1308 3433 1381 3481 Verri

308 3505 421 3576 'praetor,
442 3524 488 3574 pro
507 3524 553 3555 suo
572 3509 641 3569 jure,
661 3526 716 3557 eum
728 3509 827 3562 dimisit,
871 3513 981 3577 praeripit
997 3511 1087 3559 favoris
1105 3529 1118 3559 a
1138 3514 1284 3573 iudicibus,
1304 3513 1382 3576 siqui

316 3592 412 3641 Etenim
422 3580 512 3637 veritus
521 3599 557 3662 est
566 3604 597 3636 ne
608 3589 827 3654 populustotVer-
871 3590 919 3637 sint
945 3588 1014 3637 istius
1040 3590 1187 3652 familiares,
1218 3604 1260 3642 aut
1287 3595 1382 3657 paterni

317 3672 350 3717 ris
364 3669 493 3718 sceleribus
505 3668 634 3726 incitatus,
648 3669 697 3716 suis
712 3685 766 3717 eum
776 3686 827 3717 ma-
871 3667 941 3717 nmici
950 3667 1015 3732 (cap.
1027 3668 1085 3734 52),
1097 3670 1155 3717 dum
1165 3673 1272 3720 ostendit
1282 3672 1381 3736 pianum

316 3748 388 3796 nibus
397 3749 477 3797 statim
488 3748 643 3813 discerperet,
653 3750 720 3812 quasi
730 3749 828 3796 metuis·
871 3761 922 3793 esse
934 3748 1047 3796 omnibus
1056 3749 1128 3797 istum
1138 3765 1189 3798 non
1199 3767 1271 3816 possa
1281 3753 1383 3798 omnino

316 3837 353 3873 set
368 3844 398 3874 ne
412 3828 468 3875 satis
478 3844 561 3876 severe
573 3828 731 3889 judicaretur.
743 3830 828 3891 Itaque
870 3824 972 3874 absolvi.

315 3904 378 3951 banc
390 3906 552 3968 suspicionem
565 3924 578 3955 a
591 3924 617 3955 se
630 3919 654 3957 et
667 3924 680 3955 a
695 3906 778 3965 robis,
786 3908 827 3968 ju·
909 3922 947 3954 10.
966 3896 1134 3970 Repentinum.
1156 3910 1183 3956 si
1202 3907 1301 3973 quidem
1320 3908 1382 3955 nint

316 3982 389 4038 dices,
400 3985 558 4033 amovendam
566 3987 719 4043 existimavit,
731 3995 826 4055 testem·
869 3999 983 4046 umquam
998 3985 1045 4033 tale
1058 3983 1168 4033 auditum
1183 3976 1215 4033 de
1227 3986 1270 4033 illo
1283 3986 1369 4034 iuerat.

317 4072 365 4128 qus
379 4058 484 4119 dimisit,
503 4074 526 4109 et
549 4078 615 4110 raam
635 4080 648 4111 a
662 4062 826 4111 multitudinis
904 4077 944 4110 tr.
954 4065 997 4112 Ex
1009 4063 1093 4112 literis.
1103 4065 1141 4112 Ex
1150 4062 1239 4114 tabulis
1253 4063 1383 4130 inquibus
