3200 4768
434 380 501 455 ns
526 386 590 452 nn
615 384 996 453 rnunaurlnil.
1185 396 1247 480 ¹77
1292 350 1296 355 ’

153 542 159 549 ·
187 506 350 588 leraltilis,
376 514 409 570 et'
430 505 517 594 plebi
540 506 750 601 necessaria.»
773 506 993 568 Contarenum
1013 504 1138 596 decepit
1156 506 1252 587 illud,

90 622 93 629 ’
190 613 281 702 quod
305 613 350 676 ait
373 611 488 674 Cicero
513 611 547 673 in
569 613 687 690 Bruto,
706 639 719 665 «
736 608 783 672 M.
808 610 977 674 Octavium
997 612 1186 676 auctoritate
1204 611 1254 675 di-

190 720 284 787 cendi
309 733 437 782 tantum
458 716 614 796 valuisse,
642 732 679 779 ut
700 715 804 804 legem
830 715 1052 804 Semproniam
1077 717 1254 804 frequentis

190 825 304 915 populi
320 823 480 912 suffragiis
497 821 707 911 abrogaverit.
719 852 732 877 υ
752 820 852 903 Quod
866 845 933 885 non
951 822 995 885 ita
1011 823 1253 910 accipiendum,

192 931 285 1021 quasi
300 930 452 1017 abrogata
474 927 610 991 omnino
630 926 820 1015 Sempronia
840 927 891 990 lex
911 928 1042 991 Octavia
1061 928 1131 1015 lege
1147 929 1254 992 fuerit.

192 1037 283 1102 Illam
301 1034 456 1114 correxit,
479 1054 545 1095 non
565 1031 710 1111 sustulit,
729 1032 905 1096 Octavius:
924 1054 1037 1096 verum
1053 1053 1118 1120 qua
1130 1036 1254 1097 ratione

192 1140 279 1207 istud
288 1139 487 1230 praestiterit,
498 1160 601 1227 quum
619 1137 745 1201 nullum
757 1138 835 1226 legis
850 1138 941 1202 istius
957 1155 1060 1203 exstet
1075 1155 1184 1227 caput,
1195 1141 1255 1205 ob-

195 1270 328 1314 scurum
350 1262 409 1310 est.
427 1243 565 1309 Videtur
582 1244 730 1308 statuisse
748 1244 899 1309 Octavius
921 1243 973 1308 vel
993 1245 1095 1325 majus
1115 1246 1256 1332 pretium

195 1356 228 1417 in
244 1352 389 1441 singulos
399 1349 612 1437 modios,pro
621 1371 759 1412 annonae
770 1350 899 1413 caritate
912 1372 920 1413 :
932 1351 999 1432 vel,
1014 1351 1079 1432 uti,
1089 1372 1192 1438 quum
1202 1375 1257 1439 po·

80 1442 89 1487 ἶ
194 1460 274 1547 pulo
290 1457 491 1519 frumentum
504 1452 709 1535 venderetur,
727 1453 768 1518 de
779 1455 901 1542 pretio,
917 1477 983 1541 quo
997 1472 1148 1543 emptum·
1159 1473 1257 1537 esset,

196 1564 442 1628 remitterentur
457 1561 491 1623 in
507 1558 655 1624 modium
668 1560 764 1622 semis
782 1576 815 1624 et
823 1560 937 1625 triens.
954 1560 1000 1625 M.
1019 1561 1171 1626 Octavius
1185 1563 1259 1627 tulit
1303 1633 1308 1644 ,

197 1670 302 1758 legem
314 1689 406 1731 suam
420 1688 506 1731 anno
525 1666 565 1729 U.
578 1665 614 1729 G.
624 1664 706 1747 633,
725 1687 792 1754 quo
802 1688 889 1730 anno
904 1666 966 1729 fuit
979 1667 1130 1732 nibianus
1144 1668 1256 1756 plebis.

37 1830 41 1837 .
61 1738 64 1745 ι
160 1824 163 1829 ⁴
197 1774 344 1864 Pighius.

243 1902 273 1943 s.
294 1882 390 1944 Anno
405 1897 488 1968 post,
505 1879 564 1944 alia
579 1882 632 1945 lex
650 1882 858 1945 frumentaria
880 1882 1099 1970 promulgata,
1116 1881 1173 1946 sed
1191 1904 1259 1945 non

198 1987 317 2078 perlata
330 2002 399 2069 'est3
415 1989 484 2067 ejus
504 2004 617 2051 auctor
639 1989 828 2077 ignoratur:
846 1988 1016 2053 tribunum
1038 1988 1140 2076 plebis
1162 1987 1261 2051 fuisse

198 2110 300 2183 puto:
317 2092 396 2156 huic
411 2092 550 2173 Marius,
569 2093 638 2180 ipse
656 2093 807 2157 tribunus
824 2093 944 2180 plebis,
960 2093 1157 2173 intercessit,
1172 2090 1262 2178 quod

200 2197 384 2287 reipublicae
396 2194 551 2260 damnosa
562 2196 736 2262 videretur.
749 2198 870 2261 Confer
882 2196 1044 2261 Plutarch.
1056 2197 1091 2260 in
1101 2196 1222 2279 Mario,
1232 2212 1264 2260 et
1349 2266 1352 2273 ¹

199 2303 292 2393 Pigh.
313 2303 353 2367 ad
368 2302 459 2367 hunc
477 2325 611 2366 annum.

246 2410 275 2474 3.
301 2410 335 2473 L.
363 2409 515 2498 Apuleius
540 2409 749 2489 Saturninus,
772 2406 998 2474 seditiosorum
1020 2412 1167 2476 omnium
1189 2427 1265 2500 post

201 2513 362 2579 Gracchos
379 2512 676 2601 eloquentissimus,
696 2515 753 2601 qui
768 2514 808 2577 ab
825 2516 1033 2602 optimatibus
1050 2516 1210 2582 defecerat
1224 2515 1265 2579 ad

201 2618 348 2706 plebem,
364 2636 397 2683 et
410 2642 444 2684 se
457 2617 499 2682 ad
513 2620 548 2682 C.
560 2618 719 2701 Marium,
731 2635 763 2683 et
776 2618 854 2684 alios
867 2620 1000 2709 pleheiae
1011 2623 1158 2687 factionis
1173 2622 1264 2710 prin-

202 2726 288 2813 cipes
307 2727 521 2814 applicuerat,
536 2727 689 2790 tribunus
707 2726 811 2814 plebis
827 2728 965 2809 iterum,
983 2750 1069 2791 anno
1084 2727 1147 2793 653
1161 2728 1265 2817 legem

203 2830 446 2903 frumentariam
460 2833 691 2923 promulgavit,
711 2855 782 2921 quae
798 2834 988 2921 Sempronia
1004 2834 1073 2922 lege
1090 2834 1152 2897 fuit
1169 2835 1265 2899 etiam

204 2935 402 3002 dissolutior.
427 2937 503 3001 Haec
530 2941 617 3001 enim
639 2939 800 3025 pretium,
824 2936 1022 3002 levissimum
1042 2938 1192 3027 quidem,
1210 2939 1267 3003 sed

205 3042 347 3133 pretium
369 3056 476 3104 tamen
502 3042 669 3107 frumento
693 3043 801 3107 dando
818 3043 994 3127 statuebat3
1014 3047 1171 3135 Apuleius
1190 3070 1267 3110 vero

206 3149 300 3229 tulit,
323 3161 378 3229 ut,
402 3148 569 3210 «remissis
590 3149 776 3213 semissibus
802 3164 834 3213 et
857 3150 1028 3215 trientibus
1050 3153 1176 3245 populo
1201 3154 1268 3217 fru-

206 3270 354 3319 mentum
368 3267 572 3316 menstruum
589 3254 686 3342 gratis
699 3252 978 3323 distribueretur.»
996 3260 1082 3324 Huic
1096 3260 1158 3350 legi
1172 3261 1269 3324 inter·

206 3360 302 3425 cessit
325 3358 450 3448 Caepio,
474 3358 531 3446 qui
548 3381 606 3446 per
627 3355 661 3421 id
682 3361 836 3447 temporis
859 3379 999 3450 quae'stor
1021 3364 1165 3429 urbanus
1183 3382 1266 3446 erat,

208 3464 385 3551 docuitque
407 3480 574 3546 senatum,
597 3464 745 3529 aerarium
768 3466 834 3554 pati
858 3486 926 3532 non
950 3491 1044 3557 posse
1068 3472 1269 3559 largitionem
1319 3500 1321 3507 ·

208 3586 340 3634 tantam.
360 3570 423 3633 Lex
440 3592 508 3634 non
526 3586 573 3634 est
588 3571 724 3658 perlata3
739 3587 771 3635 et
784 3573 853 3653 ejus
868 3590 982 3637 auctor
1002 3576 1211 3651 Saturninus,
1231 3594 1271 3635 ex

209 3676 490 3741 senatusconsulto
515 3676 676 3757 judicatus
704 3678 806 3742 hostis
833 3678 1034 3764 reipublicae,
1065 3682 1188 3743 occisus
1213 3693 1269 3741 est.

210 3781 305 3846 Rhet.
321 3779 363 3845 ad
379 3781 521 3845 Herenn.
539 3784 573 3864 l,
593 3802 660 3873 cap.
684 3803 733 3848 ras

255 3891 286 3963 4.
301 3889 419 3976 Legem
436 3888 602 3976 Apuleium
619 3889 706 3952 Livia
721 3905 857 3977 sequuta
871 3906 928 3953 est.
946 3889 990 3953 M.
1004 3889 1112 3953 Livius
1127 3891 1271 3973 Drusus,
1289 3958 1295 3967 ,

214 3991 364 4056 tribunus
377 3992 462 4081 pleb.
477 4016 564 4057 anno
580 3993 662 4075 662,
677 3995 774 4082 isqui
785 3995 924 4074 jactabat
939 3995 972 4058 in
988 3995 1155 4060 tribunatu
1169 4028 1181 4052 «ι
1195 3996 1274 4060 nihil

216 4118 250 4158 se
266 4093 307 4158 ad
318 4096 520 4185 largitionem
534 4097 591 4161 ulli
607 4099 792 4187 reliquisse,
809 4100 871 4163 nisi
887 4103 914 4164 si
930 4102 1002 4188 quis
1014 4118 1071 4179 urit
1085 4126 1212 4166 coenum
1225 4101 1274 4164 di-

314 4213 358 4279 Il.
383 4227 608 4289 cupersanum.
1115 4244 1156 4285 η
