3176 4770
318 440 384 486 too
632 412 679 481 Μ.
707 415 744 480 Τ.
772 412 1053 482 CICERONIS

359 543 519 622 linctu,
535 537 675 605 tametsi
696 539 860 603 omniurn
876 533 1067 604 hominum
1080 531 1377 607 dissolutissimus

312 645 651 740 crudelissimusque
664 667 805 740 semper
817 641 916 715 fuisti
927 697 937 729 ,
950 657 1071 713 tamen
1083 666 1284 739 numquam
1299 670 1378 743 per·

313 773 493 858 peterere,
517 752 617 852 quod
641 752 692 821 itti
718 756 872 850 gemitus
896 751 1089 848 luctusque
1113 755 1306 849 provincie
1329 754 1375 825 ad

312 871 364 939 tui
380 865 505 964 capitis
517 862 719 961 periculum
734 862 983 958 pertinebant:
1000 886 1096 946 non,
1110 862 1278 958 inquam,
1294 888 1376 961 per·
1457 906 1460 911 «

312 992 494 1076 peterere,
521 987 564 1044 ut
587 971 754 1043 homines
775 973 915 1066 injuriae
940 987 1011 1043 tuae
1037 971 1236 1044 remedium
1259 989 1375 1047 morte

311 1112 352 1158 ae
370 1082 565 1182 suspendio
586 1096 808 1177 quaererent,
832 1083 902 1152 nisi
925 1107 966 1153 ee
989 1107 1046 1153 res
1069 1081 1115 1153 ad
1138 1099 1315 1180 quaestum
1338 1102 1376 1157 et

310 1192 525 1294 adpraedam
539 1207 638 1263 tuam
649 1195 856 1288 pertineret.
871 1189 989 1279 Quid?
1002 1189 1111 1262 illud5
1123 1195 1375 1290 perpeterere?

309 1303 501 1385 attendite,
519 1299 675 1396 judices3
693 1299 865 1372 omnibus
875 1301 975 1371 enim
991 1304 1111 1371 nervis
1126 1301 1215 1371 mihi
1227 1317 1375 1373 couten-

311 1407 495 1487 dendum⁶
516 1426 590 1498 est,
615 1425 724 1507 atque
747 1412 785 1480 in
813 1410 885 1481 hoe
909 1408 1165 1498 laborandum,
1188 1426 1229 1483 ut
1248 1437 1374 1486 omnes

309 1523 527 1618 intelligant,
540 1544 650 1618 quam
659 1518 879 1618 improbam,
888 1544 1001 1616 quam
1013 1518 1254 1610 manifestam,
1263 1549 1374 1621 quam

310 1630 532 1704 consessam⁷
551 1654 627 1701 rem
651 1633 804 1727 pecunia
821 1629 1000 1701 redimere
1019 1629 1232 1704 conentur⁸.
1258 1640 1373 1708 Grave

311 1745 447 1813 crimen
465 1755 519 1812 est
536 1739 623 1827 hoe,
647 1753 682 1810 et
698 1738 909 1827 vehemens,
931 1754 968 1811 et
986 1755 1068 1837 post
1087 1740 1277 1813 hominum
1297 1769 1374 1816 me·

310 1853 484 1940 moriam,
512 1848 719 1946 judiciaque
750 1847 795 1920 de
823 1852 986 1945 pecuniis
1011 1850 1220 1946 repetundis
1243 1859 1375 1925 consti-

311 1976 410 2047 tuta,
433 1960 702 2057 gravissimum,
725 1972 914 2055 praetorem
940 1959 1066 2058 popuii
1092 1965 1231 2032 romani
1255 1969 1373 2035 socios

310 2071 478 2144 habuisse
499 2069 731 2141 decumanos.

357 2187 462 2254 LVII.
488 2185 570 2253 Non
589 2181 678 2252 hoc¹
702 2205 801 2252 nunc
822 2183 982 2279 primum
1005 2182 1106 2253 audit
1127 2186 1308 2280 privatus²
1326 2188 1372 2260 de

310 2297 479 2379 inimi00‚
502 2316 585 2363 reus
607 2289 652 2361 ab
676 2305 909 2384 accusatore:
932 2291 1005 2385 jam
1026 2307 1131 2363 antea
1153 2297 1191 2363 in
1215 2296 1301 2367 sella
1320 2322 1374 2369 se·

309 2401 399 2471 dens
428 2415 569 2497 praetor,
597 2424 710 2496 quum
738 2401 960 2498 provinciam
986 2402 1142 2473 Siciliam
1168 2404 1371 2497 obtineret,

308 2533 422 2608 quum
445 2508 490 2580 ab
510 2505 702 2580 omnibus³
724 2533 799 2579 non
816 2509 954 2593 solum,
974 2509 1010 2580 id
1028 2511 1155 2607 quodi
1179 2540 1373 2586 commune

310 2637 381 2711 est,
397 2634 548 2718 propter
564 2619 773 2714 imperium,
787 2619 993 2707 sedetiam,
1007 2621 1043 2692 id
1059 2623 1160 2719 quod
1173 2628 1274 2696 istius
1286 2649 1373 2723 prae·

309 2865 616 2924 danvimu,exverrit
625 2866 818 2930 ediet0,petitu·
859 2864 946 2913 Madet
965 2867 1044 2915 θην.
1062 2868 1241 2933 «proferetur-
1265 2885 1297 2916 ex
1313 2869 1371 2917 eod.

309 2962 361 2994 rum
375 2944 421 2993 snb
433 2944 530 2993 nomine
540 2944 709 3002 decumarum,
722 2955 816 2993 tantum
860 2945 945 2992 Furto.

308 3037 427 3088 quantum
448 3023 488 3071 itte
503 3023 685 3088 Dyrrhnehinur
702 3024 817 3071 abonis
897 3025 921 3071 8.
950 3023 1080 3074 conentur.
1108 3028 1191 3076 Verris
1218 3028 1373 3085 defensores,

309 3106 359 3150 suis
372 3102 487 3150 omuibus
505 3102 636 3151 divenditis
653 3100 749 3151 efficere
765 3118 817 3151 non
861 3104 1042 3169 corrumpendo
1055 3108 1158 3170 perunit
1178 3107 1307 3169 judicium.
1325 3110 1372 3156 So·

310 3191 402 3245 postet
415 3181 488 3230 Cous.
503 3198 571 3245 supr.
585 3198 608 3230 e.
626 3196 664 3230 ro.
862 3183 972 3232 eietttem
985 3187 1068 3233 Verris
1078 3202 1134 3234 cum
1145 3185 1289 3250 publium,
1299 3202 1373 3251 quem

346 3258 818 3325 5.Quid?illudperpeterere?suhtudi:
862 3265 942 3329 attigit
952 3281 1038 3330 supra,
1051 3281 1117 3314 nune
1128 3266 1241 3314 absolvit.

311 3344 364 3387 tino
386 3340 454 3387 omni
473 3340 568 3387 ratione
589 3340 755 3402 premieres,
772 3340 820 3387 nisi
898 3345 973 3392 LVII.
989 3360 1010 3391 t.
1024 3345 1081 3391 Non
1094 3343 1148 3391 hoc.
1157 3344 1216 3391 Non
1227 3343 1302 3406 igitur
1311 3343 1372 3391 salso

310 3431 358 3466 tue
370 3417 452 3465 ntuetr
474 3434 556 3465 eurem
574 3418 674 3465 avaritia
695 3429 736 3466 tm
749 3434 820 3483 tupe-
864 3421 914 3471 dici
927 3432 1008 3485 potest
1020 3422 1110 3471 minen
1124 3422 1184 3471 illud
1200 3422 1288 3482 objici,
1305 3423 1373 3485 quod

309 3507 393 3546 ranet.
439 3560 444 3569 ,
864 3500 1148 3563 omnitenentem
1163 3520 1205 3552 teo
1223 3502 1309 3550 millies
1321 3504 1373 3563 jtm

345 3576 369 3625 6.
386 3574 573 3625 camimum.
591 3574 682 3625 Probet
701 3576 819 3626 Gruterus
864 3577 987 3648 objectum
998 3590 1042 3630 ert.

309 3668 381 3722 atque
402 3657 510 3705 admittit
531 3657 595 3704 hane
615 3655 745 3705 lectionem
763 3657 819 3705 libri
898 3674 924 3707 α.
942 3658 1059 3711 Privatus.
1070 3660 1098 3711 id
1111 3672 1163 3720 ent.
1174 3676 1204 3710 ex
1217 3659 1328 3723 quoiam
1337 3671 1373 3707 est

310 3737 439 3785 Nannitni
460 3737 554 3785 Ernest.
581 3735 703 3800 vulgntam
727 3748 818 3785 tuetur.
862 3736 1065 3801 pereuntum
1077 3756 1163 3806 nempe
1176 3738 1374 3803 magistratruum

310 3817 334 3863 J.
349 3816 383 3863 V.
398 3818 427 3863 L.
453 3812 506 3863 imo
527 3814 626 3880 vulgata
643 3815 720 3864 multo
738 3817 819 3879 aptius
863 3826 981 3880 tempore.

311 3893 456 3956 metaphora
473 3895 504 3942 ab
527 3911 586 3942 aren
603 3894 683 3943 durtae
698 3905 723 3942 et
743 3894 820 3940 newis
900 3893 924 3943 3.
940 3897 1018 3958 Quum
1032 3896 1063 3945 ab
1082 3897 1200 3947 omnihus.
1217 3894 1311 3945 stenln.

310 3970 448 4034 respondet.
900 3982 925 4029 4.
948 3974 1088 4025 Commune.
1107 3975 1223 4023 Omnium
1250 3974 1375 4037 magistre·

347 4067 373 4109 7.
389 4048 533 4111 Confessam.
552 4050 628 4112 Quod
644 4050 722 4114 palum
737 4065 820 4097 omnes
864 4062 948 4110 tuum,
958 4052 1376 4119 qui,propttt·imperium,pr0r1n-

308 4126 467 4185 rottiiteutur3
486 4128 552 4190 quod
572 4127 686 4176 omuibus
704 4129 819 4177 innotuit.
864 4131 965 4181 cialibus
978 4134 1100 4183 metuendi
1115 4132 1267 4182 videbuntur.
