3200 4768
374 471 432 541 IN
456 470 675 540 VERREM
699 469 804 538 ACT.
825 470 882 553 ΙΙ,
907 469 998 539 LIB.
1019 470 1084 537 IV.
1190 468 1258 553 245

203 605 351 679 nerent3
372 590 471 689 quoti
489 588 652 662 nondum
669 594 775 660 etiam
793 587 992 687 perfectum
1011 590 1186 685 templum
1204 588 1258 660 of-

202 698 410 790 fenderant,
443 725 564 798 neque
593 722 729 797 ponere
759 712 976 796 potuerunt,
1006 723 1124 795 neque
1153 699 1260 801 vulgo

203 810 394 882 ostendere
422 835 463 882 ac
487 807 651 909 proferre
675 809 890 896 voluerunt,
912 820 953 879 ut
972 806 1261 909 etmegnifieen-

204 919 277 990 tius
309 918 505 1007 videretur,
539 945 654 1017 quum
689 944 755 990 suo
783 933 950 1016 tempore
981 918 1018 987 in
1049 917 1137 988 cella
1165 921 1262 988 Jovis'
1310 978 1315 989 .

203 1029 332 1123 optimi
363 1026 532 1103 maximi³
559 1043 772 1128 poneretur,
798 1045 835 1101 et
861 1028 1010 1115 clarius,
1037 1052 1152 1124 quum
1177 1027 1263 1125 puta

203 1136 372 1210 chritudo
399 1140 477 1234 ejus
503 1162 629 1211 recens
655 1138 700 1210 ad
722 1138 847 1211 oculos
863 1137 1054 1209 hominum
1074 1151 1185 1232 atque
1203 1138 1260 1206 in·

202 1260 302 1343 tegra
319 1251 525 1345 perveniret
542 1274 551 1317 ε
568 1262 771 1319 statuerunt
793 1246 829 1318 id
852 1270 974 1320 secum
995 1250 1032 1316 in
1051 1247 1186 1342 Syriam
1205 1269 1262 1316 re-

202 1370 364 1454 portare,
380 1373 440 1445 ut,
456 1382 569 1454 quum
584 1356 766 1429 audissent
784 1356 1013 1427 simulacrum
1023 1355 1121 1426 Jovis
1135 1355 1261 1452 optimi

202 1468 349 1536 maximi
370 1464 595 1553 dedicatum,
620 1466 753 1563 legatos
778 1468 982 1553 mitterent,
1005 1467 1069 1563 qui
1094 1489 1177 1536 cum
1201 1489 1261 1536 ce·

203 1577 289 1643 teris
315 1571 425 1644 rebus
448 1573 538 1644 illud
563 1598 713 1671 quoque
737 1575 909 1644 eximium
934 1590 1043 1672 atque
1062 1574 1263 1672 pulcherri-

205 1704 306 1751 mum
323 1681 460 1753 donum
480 1686 517 1753 in
536 1683 752 1782 Capitolium
766 1682 945 1755 afferrent.
965 1687 1132 1755 Pervenit
1147 1710 1205 1756 res
1219 1685 1264 1755 ad

204 1792 307 1862 istius
333 1816 457 1881 aures,
483 1795 604 1864 nescio
626 1792 839 1891 quomodo:
861 1816 945 1865 nant
966 1818 1028 1865 rex
1052 1793 1087 1864 i'd
1110 1794 1264 1865 celatum

204 1899 386 1989 voluerat3
406 1925 479 1972 non
500 1927 575 1999 quo
593 1902 792 2000 quidquam
809 1920 1004 1993 metueret,
1025 1918 1087 1974 aut
1106 1908 1263 2000 suspica·

203 2022 316 2097 retur,
331 2011 394 2081 sed
410 2027 451 2081 ut
467 2036 514 2083 ne
531 2012 635 2083 multi
653 2011 740 2083 ittud
761 2028 843 2083 ante
858 2015 1119 2111 praeciperent⁴
1132 2012 1262 2097 oculis,

204 2142 315 2216 quam
344 2120 503 2217 populus
529 2145 710 2192 romanus.
736 2127 808 2192 Iste
836 2124 927 2219 petit
949 2144 969 2191 a
994 2140 1095 2217 rege,
1119 2134 1156 2190 et
1178 2144 1264 2190 eum

204 2228 370 2325 pluribus
390 2230 508 2302 verbis
528 2246 648 2329 rogat,
667 2245 709 2301 ut
726 2229 764 2299 id
782 2230 885 2300 ad'se
903 2230 1021 2299 mittat
1042 2256 1049 2296 ε
1071 2252 1203 2326 cupere
1226 2254 1265 2300 se

204 2334 291 2408 dicit
320 2338 516 2435 inspicere,
549 2364 669 2437 neque
701 2360 738 2410 se
768 2338 843 2410 aiiis
872 2337 1018 2437 videndi
1047 2348 1261 2437 potestatem

206 2470 281 2518 esse
301 2446 492 2518 facturum.
697 2456 702 2467 '
971 2464 975 2473 '
1291 2454 1294 2459 ’

253 2558 478 2643 Antiochus,
494 2561 556 2655 qui
578 2563 708 2630 animo‘
721 2577 757 2632 et
777 2556 931 2660 puetiii⁵
949 2565 1064 2647 esset,
1088 2574 1124 2631 et
1142 2561 1262 2657 re'gio,

206 2665 297 2737 nihil
323 2667 368 2739 de
395 2668 754 2767 istiusimprobitate
776 2674 978 2769 suspicatus
1004 2683 1086 2740 est:
1112 2664 1266 2765 imperat

207 2777 298 2863 suis,
315 2792 357 2847 ut
374 2777 411 2848 id
431 2781 468 2848 in
491 2777 724 2876 pretorium⁶
738 2781 943 2851 involutum
964 2800 1073 2875 quam
1095 2777 1265 2847 occultis·

208 2887 297 2955 sime
317 2884 507 2959 deferrent.
531 2892 615 2978 Quo
630 2905 866 2988 posteaquam
884 2887 1102 2971 attulerunt,
1121 2883 1265 2954 involu-

209 2996 353 3095 crisque
380 2996 522 3089 rejectis
551 3000 832 3091 constituerunt,
863 3000 931 3069 iste
958 2997 1110 3069 clamare
1137 2982 1268 3092 coepit,
1329 3072 1332 3079 ,

244 3241 270 3291 ³.
283 3239 351 3289 Getta
362 3240 427 3289 lovis
436 3240 521 3305 optimi
534 3242 644 3292 maxine.
657 3244 716 3293 Tre·
794 3256 819 3304 4.
833 3244 997 3310 Praciperent.
1011 3243 1074 3291 MSS
1087 3242 1168 3308 plures
1177 3252 1202 3291 et
1212 3258 1267 3291 our·

207 3321 337 3370 eranthoc
358 3321 384 3368 in
408 3320 500 3386 templo
515 3321 597 3381 oelioe,
614 3338 715 3387 querum
758 3340 802 3379 nes
815 3326 864 3374 fere
875 3321 1117 3388 deproperent„

207 3400 312 3449 medium
332 3399 444 3465 Jupiter,
463 3400 572 3449 dextrun
591 3401 717 3461 Minerva,
793 3405 818 3454 5.
829 3403 918 3453 Am'm
928 3413 952 3451 et
958 3400 1058 3467 puerili.
1067 3399 1165 3466 Optime
1174 3397 1270 3451 tricun-

205 3476 291 3527 loevem
307 3481 386 3538 Juno‚
405 3478 557 3529 obtinebant.
574 3480 640 3529 Cella
651 3480 716 3529 inte·
759 3484 835 3532 tiochi
853 3481 948 3549 indoles
969 3496 1025 3529 curu
1040 3482 1115 3529 Verre
1129 3470 1269 3537 confertum

206 3558 258 3605 rior
269 3558 328 3605 oedie
340 3574 396 3621 pure
409 3568 472 3619 erat,
482 3558 523 3606 dei
536 3559 604 3609 sedet
616 3576 647 3608 ac
657 3570 718 3608 tum·
759 3579 819 3628 puer
833 3563 911 3622 enim,
924 3572 1024 3625 propter
1036 3576 1116 3607 rerum
1133 3559 1268 3614 inscitiam,

207 3652 279 3700 quem
287 3637 408 3701 peculiare
418 3637 666 3689 domicilium.Verbu
676 3641 717 3689 ille
759 3654 784 3691 et
800 3642 900 3689 inuitum
911 3640 979 3688 illum
989 3639 1093 3701 juvenili
1104 3638 1169 3685 tereti
1185 3636 1269 3701 pudo·

207 3715 293 3780 optimi
299 3714 402 3763 maximi
406 3750 414 3775 ,
422 3732 477 3778 quae
486 3718 667 3780 quodammodo
676 3724 692 3769 J
693 3737 718 3767 o-
759 3738 809 3769 rem
818 3755 826 3780 ,
835 3706 896 3767 nihii
908 3737 922 3767 a
940 3714 1108 3766 scelestissimo
1119 3716 1218 3762 homine
1230 3730 1270 3762 eu·

207 3797 233 3842 vi
252 3794 390 3853 edhaerent,
413 3795 454 3843 hie
472 3798 640 3863 tenporibus,
659 3798 717 3847 huic
760 3799 912 3863 aptabatur,
925 3809 949 3845 et
961 3813 1005 3844 rex
1016 3804 1115 3859 propter
1124 3792 1270 3856 magnitudi-

209 3884 301 3921 tentum
328 3874 430 3923 deornm
454 3874 555 3925 domino
583 3877 714 3937 debentem
760 3895 815 3929 nem
829 3877 903 3925 enimi
916 3887 940 3924 et
955 3888 1086 3939 generosos
1099 3870 1271 3937 principinviri
1320 3900 1335 3917 .

207 3963 291 4015 portet
305 3968 363 4002 vero
375 3955 513 4002 assentandi
524 3957 621 4015 studio,
630 3957 661 4005 ad
670 3954 718 4005 ho·
762 3974 845 4009 sensu·
862 3954 923 4003 nihil
938 3948 1119 4001 reformidabat.

208 4031 285 4078 mines
297 4047 374 4096 usque
384 4032 521 4095 defluxere,
532 4047 556 4083 et
567 4036 604 4082 hie
613 4037 720 4085 nomini-1
797 4040 824 4087 tt.
839 4034 995 4099 Pretorium,
1006 4033 1123 4083 Palatium
1135 4030 1270 4080 Verris.-

208 4106 256 4154 bue
265 4109 419 4173 imperatores
430 4128 544 4162 romanoe
552 4113 624 4163 aulici
634 4125 718 4180 poetes
765 4115 949 4164 constituemur.
969 4117 1025 4165 Hoc
1045 4124 1097 4173 eet,
1114 4110 1271 4179 spectandum

211 4201 390 4238 consecravere.
764 4207 950 4260 proposuerunt.
