3016 4774
421 375 706 446 excursus
731 375 855 445 xvu.
898 354 902 363 ’
1101 372 1166 473 591

93 518 173 567 tum
186 499 253 565 vim
274 499 391 563 factam
408 519 476 561 non
496 497 620 585 putari,
641 497 704 560 nisi
724 518 776 561 res
797 493 840 559 ad
857 516 973 559 manus
995 511 1028 560 et
1046 495 1089 561 ad
1107 521 1173 588 pu·
1196 584 1198 591 y

95 628 201 696 gnam
219 603 370 667 venisset.
386 603 488 666 Herr.
593 642 596 647 -
1248 601 1252 609 '

145 712 348 798 injuriarum
368 708 519 773 delictum
534 730 606 771 esse.
625 707 676 772 Ne
693 707 748 770 hie
763 705 897 793 quidem
913 707 1005 770 loeus
1022 723 1072 771 est
1087 708 1173 772 inte·

97 840 170 907 ger.
185 818 234 881 ln.
246 853 292 867 --
308 815 372 880 Sed
384 815 573 902 injuriarum
590 814 741 879 delictum
757 835 837 892 esse,
855 812 1099 901 quiproltibitus
1113 817 1171 896 sit,

98 926 226 986 nisiex
247 945 283 986 eo
300 922 390 1002 leco,
421 921 477 984 ubi
497 921 664 1007 vestigium
685 919 886 1008 impresserit,
908 917 1005 1004 dsjiei
1018 926 1173 999 mutinam

91 1050 201 1115 posse.
219 1028 350 1114 Insigne
363 1026 440 1090 item
456 1025 510 1088 hic
527 1040 576 1089 est
590 1041 657 1088 tam
673 1046 776 1112 prope
790 1022 947 1088 mendum
963 1024 1117 1090 aiterum:
1129 1049 1172 1090 ne

98 1148 136 1196 te
154 1155 264 1197 morer
280 1131 472 1218 cujusquam
488 1130 648 1195 sententia
663 1128 857 1194 refellenda:
875 1130 909 1193 in
930 1129 1020 1194 libris
1037 1131 1174 1218 impres·

99 1237 147 1301 sis
160 1237 295 1301 Victorii
309 1251 343 1300 et
351 1236 485 1299 Roberti
497 1234 668 1323 Stephani,
679 1234 789 1298 omnia
802 1256 893 1321 pene
906 1233 1032 1323 integra
1048 1259 1173 1300 reman-
1201 1242 1207 1255 '

101 1357 236 1422 serunt,
250 1341 284 1403 iu
301 1339 421 1427 quibus
438 1362 499 1427 pro
514 1339 726 1420 «injuriarum
745 1336 900 1405 delictum
912 1361 1021 1420 esse»,
1036 1358 1106 1405 erat
1119 1342 1171 1405 «in

96 1444 634 1535 jureperumdelietum-esse».1n
651 1444 762 1507 iocum
777 1443 798 1508 Ι
810 1444 909 1509 literae
925 1462 1123 1510 successerat
1132 1448 1170 1530 L,

101 1572 204 1638 quam
221 1551 351 1632 similis,
367 1550 443 1614 alibi
460 1549 586 1614 dictum
602 1565 669 1614 est:
693 1548 811 1613 deinde
829 1573 868 1615 ex
886 1552 917 1613 Ε
935 1553 1057 1615 factum
1074 1568 1123 1617 est
1136 1553 1172 1637 Ι,

84 1656 286 1740 ‘mutatione
304 1655 382 1720 item
398 1653 577 1719 admodum
592 1653 663 1718 lev'n
685 1654 738 1718 ste
762 1677 839 1743 ergo
856 1655 1026 1744 scripserat
1040 1659 1171 1724 Cicero:

102 1789 117 1815 ι
127 1763 167 1824 ln
182 1761 253 1840 jure
267 1783 383 1849 parum
400 1759 561 1840 dejectum
575 1782 663 1842 esse,
678 1759 735 1847 qui
754 1754 937 1848 prohibitus
952 1762 1023 1827 sit».
1042 1763 1172 1846 Quibus

21 1850 22 1855 ἵ
104 1866 245 1955 opponit
262 1865 364 1948 iliud,
382 1865 506 1947 «Dejici
527 1865 691 1930 neminem
713 1887 810 1953 posse
821 1896 844 1929 ι.
863 1865 905 1930 Et
928 1867 1062 1954 repetit,
1081 1868 1173 1957 quod

104 1973 253 2061 proxime
278 1971 420 2038 dixerat:
445 1972 509 2035 «vi
538 1972 727 2036 hominibus
752 1971 882 2036 armatis
912 1971 1074 2052 dejectum
1103 1998 1173 2041 esse

104 2102 213 2145 eum».
234 2080 277 2144 Et
304 2080 461 2145 inferius:
487 2080 585 2145 «Non
608 2101 704 2168 posse
731 2077 860 2167 probari
881 2101 1078 2168 quemquam
1103 2105 1173 2148 esse

105 2183 310 2265 dejectum:
329 2185 385 2273 qui
404 2208 473 2249 rem
492 2184 635 2248 breviter
653 2184 811 2271 explicare
831 2183 926 2264 velit,
945 2183 1030 2248 dicat
1052 2196 1173 2268 &tempu

104 2300 207 2353 λαίωσιν·
222 2313 291 2355 esse
315 2290 446 2354 brevem
474 2289 650 2378 superioris
673 2288 890 2371 defensionis3
913 2288 1006 2368 eujus
1030 2307 1172 2356 extrema

106 2393 283 2484 disputatio
305 2411 373 2459 erat
396 2392 546 2475 dejure,
571 2392 607 2459 id
622 2410 689 2477 est,
717 2391 758 2457 de
777 2393 884 2459 verbis
900 2394 1074 2462 interdicti.
1095 2397 1170 2462 Piso

106 2500 205 2590 igitur
222 2501 343 2590 scripto
363 2517 397 2565 et
411 2499 511 2564 verbo
530 2522 564 2564 se
580 2497 790 2581 defendebat,
816 2523 918 2588 quum
938 2496 1076 2585 diceret,
1105 2502 1172 2569 «sie

107 2608 142 2672 in
158 2610 264 2690 juren,
278 2628 397 2697 nempe
410 2605 519 2699 «unde
534 2624 572 2672 tu
588 2606 733 2687 dejecisti
747 2629 780 2673 n:
793 2607 943 2697 adquam
956 2608 1040 2674 illius
1057 2609 1170 2676 defen·

107 2714 232 2778 sionem
249 2714 363 2780 Cicero
384 2713 454 2778 brec
476 2713 650 2795 referebat,
668 2736 769 2801 quum
786 2716 1067 2802 recuperatoribus
1084 2715 1171 2781 diee-

108 2834 179 2883 ret:
197 2819 306 2882 «Tum
323 2818 469 2882 statuetis
483 2817 549 2882 vim
562 2817 597 2881 iu
611 2817 697 2882 eaede
715 2818 839 2899 seium,
853 2840 921 2881 nou
937 2818 1033 2883 etiam
1050 2820 1084 2883 in
1100 2820 1171 2885 ani·

109 2944 182 3003 mo,
202 2921 264 2986 nisi
283 2944 381 2987 eruor
397 2928 567 3011 apparent,
591 2922 657 2987 vim
683 2944 751 2985 non
778 2944 847 2986 esse
871 2921 1009 2987 factam:
1042 2924 1076 2987 in
1098 2924 1172 3004 jure

109 3050 224 3116 parum
240 3026 400 3108 dejectum
417 3049 503 3106 esse,
517 3027 573 3115 qui
590 3026 775 3117 prohibitus
791 3026 848 3109 sit,
862 3043 923 3091 etc.
933 3056 946 3082 ι
959 3027 1048 3092 Dixit
1062 3046 1172 3099 autem

111 3149 143 3197 et
156 3134 226 3215 hic,
248 3151 281 3199 et
303 3133 453 3223 superius
478 3134 511 3197 in
527 3134 600 3213 jure
621 3133 746 3223 potius,
765 3156 863 3221 quam
879 3133 913 3197 in
928 3133 1115 3217 interdicto,
1134 3153 1174 3202 ut

110 3238 279 3303 Javolenus
292 3237 543 3319 jurisconsultus
556 3239 589 3302 in
605 3239 677 3328 lege
697 3237 776 3327 198,
792 3239 833 3305 de
848 3237 967 3330 regulis
976 3240 1058 3321 juris
1071 3241 1172 3308 dicit:

111 3345 243 3433 «Neque
256 3346 289 3409 in
304 3344 492 3427 interdicto,
507 3368 614 3434 neque
629 3346 662 3410 in
681 3347 794 3412 ceteris
808 3345 910 3411 causis
921 3346 1043 3436 pupillo
1056 3371 1174 3413 nocere

111 3468 239 3539 oportet
262 3450 375 3515 dolum
395 3451 551 3534 tutoris»;
578 3468 617 3515 ut
637 3452 790 3517 invidiam
808 3451 962 3517 conflaret
978 3451 1177 3536 adversario,

112 3559 165 3645 qui
180 3558 233 3638 jus
250 3557 284 3620 in
300 3558 400 3621 verbo
417 3557 582 3646 ponebat,
608 3574 641 3622 et
661 3559 788 3648 gravius
804 3558 996 3623 calumniam
1014 3558 1100 3622 iilam
1116 3557 1174 3623 de·

113 3662 284 3744 fensionis,
303 3663 372 3727 «sie
395 3664 429 3726 iu
445 3662 557 3746 jure»,
582 3664 752 3752 acriusque
776 3663 951 3728 refelleret:
978 3687 1177 3752 quamquam

113 3769 205 3833 etiarn
224 3771 294 3834 sine
313 3768 432 3833 invidia
448 3786 536 3834 reete
550 3769 585 3835 id
606 3768 670 3835 dici
691 3792 790 3859 supra
811 3769 920 3833 multis
944 3770 978 3833 in
999 3768 1077 3834 locis
1094 3770 1176 3835 vidi·

115 3895 205 3938 mus:
222 3890 259 3939 ut
275 3877 307 3939 in
327 3875 380 3940 tib.
395 3877 443 3940 111
458 3874 499 3940 de
512 3875 585 3940 Nat
599 3876 697 3940 Deor.
714 3877 770 3939 «ln
789 3876 862 3957 jure
883 3874 968 3939 civili
987 3876 1044 3963 qui
1065 3892 1114 3940 est
1133 3877 1175 3943 de

116 3994 214 4042 matre
230 3979 338 4062 libera,
350 3980 431 4045 liber
442 3997 519 4046 est».
532 3980 616 4046 Nam
631 3980 813 4062 «dejectum
825 4003 934 4063 esse»,
952 3981 1066 4064 ethic,
1081 3999 1113 4047 et
1128 3999 1177 4048 tot

115 4082 180 4146 aliis
207 4084 285 4148 locis
308 4108 376 4150 esse
399 4085 485 4152 idem
509 4110 546 4153 ac
573 4085 732 4168 dejectum
760 4085 880 4168 videri,
901 4103 938 4151 ut
954 4088 1176 4167 jurisconsulti
