3016 4774
98 407 1148 431 mmmm-mmmmm

334 610 827 735 uxouusus
877 612 949 753 v,
1041 779 1045 784 ι

188 854 252 921 AD
275 850 551 920 ORATIONEM
574 852 665 920 PRO
690 851 885 936 CAECINA,
910 852 1003 921 CAP.
1023 874 1076 920 ια.

489 1031 776 1061 maneo—-

13 1274 16 1291 .
146 1190 235 1282 Quod
249 1191 410 1280 denique?
427 1191 537 1280 adjus
552 1191 655 1275 vivide,
675 1206 734 1257 aut
745 1192 792 1255 ad
810 1196 926 1257 actoru
945 1199 1121 1278 actionem,
1137 1211 1168 1260 et

13 1294 16 1315 ⁸
100 1299 149 1364 od
163 1297 465 1362 animadversionem
481 1299 585 1384 ages?
600 1297 795 1387 injuriarum.
811 1298 979 1364 Obscurus
996 1300 1104 1384 locus,
1123 1318 1167 1383 et,

102 1420 140 1468 ut
163 1405 292 1492 opinor,
308 1402 520 1491 depravatus;
545 1423 620 1465 nam
646 1405 742 1468 etiam
758 1403 793 1467 in
811 1404 880 1468 aliis
896 1426 997 1493 prope
1014 1407 1168 1472 omnibus

102 1532 163 1597 pro
181 1510 337 1572 actionem
355 1509 481 1595 reperio
505 1509 672 1571 notionem.
700 1509 768 1596 Ego
794 1509 839 1573 sic
862 1510 1037 1598 legendum
1059 1513 1169 1600 potius

103 1614 336 1678 existimarem:
348 1612 457 1695 «Quid
473 1611 613 1700 denique
631 1611 672 1676 ad
684 1612 736 1691 jus
750 1614 863 1678 civile?
876 1616 988 1698 Quum
1002 1617 1043 1681 ad
1053 1620 1169 1683 actoris

103 1719 262 1782 ultionem
289 1735 322 1782 et
344 1717 655 1783 animadversionem
690 1734 804 1807 agatur
826 1719 1054 1801 injuriarum:
1079 1723 1171 1812 quod

13 1850 14 1853 ¹
104 1840 220 1887 notum
239 1841 287 1888 est
303 1846 342 1888 ex
358 1825 381 1888 l.
399 1829 472 1906 ης
497 1825 735 1913 emancipatus,
753 1826 793 1889 D.
814 1824 855 1890 de
871 1827 976 1892 collat.
995 1828 1073 1894 bon.
1093 1831 1114 1894 l.
1138 1824 1176 1918 7,

13 1926 14 1935 ’
104 1933 122 2010 §
143 1953 171 2013 1,
187 1930 228 1993 D.
245 1927 286 1993 de
302 1929 398 2009 injur.
412 1931 559 1993 Horrou.
583 1980 586 1987 .

151 2033 240 2120 Quid
260 2035 423 2124 denique?
448 2035 559 2124 adjus
576 2033 665 2098 civile
683 2057 758 2121 ages
775 2035 989 2124 itq'un‘arum?
1015 2036 1067 2100 Sic
1082 2037 1172 2101 hunc

102 2139 212 2203 locum
230 2139 378 2222 restitui,
407 2138 518 2204 deletis
536 2140 594 2220 iis,
623 2162 694 2227 queo
711 2162 751 2203 ex
768 2162 824 2203 orn
839 2139 914 2203 libri
930 2141 964 2203 in
983 2157 1171 2205 contextum

105 2246 259 2310 orationis
276 2247 453 2329 irruerant3
470 2245 628 2310 sententia
645 2260 754 2309 autem
770 2267 858 2309 nunc
872 2262 921 2309 est
938 2260 1065 2333 aperta:
1082 2245 1172 2329 Quid

105 2349 263 2437 denique,
275 2351 402 2439 iuquit,
416 2349 458 2414 ad
468 2350 520 2429 jus
536 2349 643 2431 civile,
656 2348 689 2412 id
705 2365 768 2431 est,
784 2349 824 2413 ad
837 2372 894 2430 ea,
911 2372 984 2438 quae
1001 2368 1078 2415 sunt
1086 2352 1169 2432 juris

104 2456 225 2540 civilio,
243 2479 301 2520 seu
318 2454 359 2520 ad
370 2478 406 2519 ea
424 2454 617 2537 obtinenda,
635 2478 706 2543 quae
721 2453 880 2520 beneficio
895 2456 977 2539 juris
996 2457 1096 2520 civilis
1111 2506 1120 2538 ,
1137 2471 1171 2521 et

105 2562 272 2626 actionum
288 2585 327 2625 ex
340 2562 413 2641 jure
431 2561 516 2625 civili
533 2562 754 2643 nascentium,
770 2562 983 2651 contingunt,
1001 2586 1076 2652 ages
1089 2563 1174 2644 inju-

105 2665 252 2731 riarum?
267 2664 405 2755 proinde
419 2667 510 2753 quasi
527 2665 629 2747 dicat,
641 2689 847 2759 nequaquam
863 2691 871 2731 ι
886 2691 961 2732 nam
978 2669 1035 2756 qui
1048 2669 1113 2757 agit
1128 2668 1176 2732 in·

103 2772 279 2852 juriacum,
296 2794 423 2859 poenam
438 2771 666 2858 persequitur:
685 2771 824 2835 sednon
841 2788 1009 2859 recuperat
1026 2796 1095 2835 rem
1114 2771 1177 2837 sibi

107 2892 267 2963 ereptam,
297 2891 353 2939 aut
378 2876 616 2962 possessionem
645 2877 795 2940 amissam
817 2876 943 2940 actione
966 2877 1175 2956 iujuriarum:

108 2980 188 3069 quid
206 2979 308 3069 ergo?
332 2981 391 3044 alia
409 2982 536 3046 actione
554 2980 798 3071 experiendum.
817 2979 895 3061 Sed,
913 2982 1043 3068 nequis
1060 3005 1175 3070 quera·

107 3102 173 3168 tur,
189 3108 285 3148 voces
304 3084 456 3173 aliquota
475 3086 569 3149 nobis
586 3087 641 3149 hic
653 3109 722 3150 esse
735 3084 869 3167 deletas,
888 3087 1049 3176 vulgatam
1061 3086 1177 3152 lectio-

108 3213 184 3254 nem
196 3191 450 3278 repraesentabo:
464 3220 477 3245 a
494 3189 547 3255 Ad
555 3191 607 3270 jus
620 3191 728 3271 civile,
746 3190 853 3254 autad
865 3191 979 3255 actoris
995 3193 1174 3276 actionem,

108 3310 141 3359 et
158 3294 199 3358 ad
211 3293 522 3359 animadversionem
538 3318 612 3385 ages
629 3295 860 3377 injuriarumt»
879 3297 998 3380 Quaeso
1014 3297 1094 3385 quid
1112 3298 1175 3362 sibi

108 3401 177 3466 hec
192 3399 325 3483 volunt,
337 3416 413 3463 «aut
427 3399 468 3464 ad
486 3401 602 3466 actoris
616 3402 794 3482 actionem,
812 3417 873 3468 etc.
883 3433 896 3459 ι
908 3403 989 3490 quid
1004 3414 1081 3468 vero
1097 3404 1177 3467 scri-

109 3523 205 3594 ptura
228 3504 380 3592 antiqua?
398 3536 411 3559 ι
427 3521 484 3569 aut
503 3505 544 3569 ad
567 3506 684 3570 actoris
702 3506 887 3590 notionem,
914 3524 974 3572 etc.
990 3539 1003 3566 ι
1031 3509 1176 3573 Omnino

13 3634 15 3637 ·
110 3612 200 3676 facile
219 3628 370 3700 apparet,
395 3611 464 3675 haec
482 3613 577 3677 verba
597 3635 667 3676 esse
686 3609 815 3677 aliunde
836 3612 996 3700 prolecta,
1025 3630 1058 3681 et
1085 3612 1179 3677 initio

110 3715 278 3804 abaliquo
295 3714 470 3803 adscripta,
487 3718 544 3805 qui
559 3718 655 3781 vellet
671 3715 846 3798 declarare,
869 3719 1029 3781 actionem
1044 3717 1178 3797 injuria·
1211 3770 1215 3777 .

110 3844 184 3884 rum
195 3822 356 3910 pertinere
365 3820 407 3885 ad
418 3822 601 3904 notionem,
613 3838 710 3910 atque
721 3821 763 3886 ad
776 3822 1100 3906 animadversionem,
1110 3846 1178 3888 nou

112 3923 152 3989 ad
169 3925 415 4013 possessionem.
432 3926 572 3991 Lauum.

159 4028 249 4115 Quid
263 4029 393 4121 denique
407 4030 514 4121 adjus
525 4030 625 4112 etate,
643 4048 703 4097 aot
713 4031 760 4095 ad
768 4033 883 4096 actoris
897 4037 1071 4114 actionem,
1090 4050 1121 4101 et
1135 4037 1184 4102 ad

188 4148 234 4214 II.
255 4160 300 4209 cte.
309 4162 480 4223 pactumad«.
941 4180 943 4185 ·
1016 4146 1061 4220 36
