3116 4774
398 439 586 509 onsrro
611 438 711 505 rao
741 436 781 503 a.
808 434 1038 503 circini..
1169 427 1241 524 473

181 563 355 664 pidior¹¹,
377 583 484 657 quam
508 559 705 654 sapientem
729 554 887 651 judicem
908 580 986 626 esse
1006 576 1148 649 aequum
1168 565 1242 637 est,

183 680 213 746 si
227 689 289 746 aut
302 670 388 742 mibi
402 668 625 768 praescribat,
641 664 947 764 quemadmodum
962 688 1083 735 meum
1095 662 1153 756 jus
1167 685 1245 758 per·

185 808 327 881 sequar,
348 794 409 852 aut
429 783 507 878 ipse
526 776 583 864 id,
607 775 706 873 quod
723 773 768 846 ad
782 799 820 846 se
833 773 992 845 delatum
1009 772 1073 859 sit,
1094 794 1169 839 non
1183 793 1245 838 au·

186 893 269 965 deat
284 891 454 987 judicare.
478 890 620 958 Etenim
642 888 671 957 si
690 901 822 983 praetor
842 887 888 971 is,
904 886 967 981 qni
978 882 1113 976 judicia
1131 878 1247 965 dat¹²,

186 1025 386 1098 numquam
403 1000 550 1097 petitori
569 993 815 1095 praestituit¹³,
833 1018 905 1092 qua
923 993 1065 1064 actione
1077 991 1179 1061 illum
1193 989 1248 1058 uti

186 1112 291 1198 velit3
312 1108 450 1194 videte,
471 1130 581 1204 quam
600 1107 769 1203 iniquum
794 1109 860 1192 sit,
885 1104 1081 1174 constituta
1099 1101 1173 1194 jam
1187 1122 1248 1185 re,

183 1218 364 1317 judicem,
378 1215 467 1316 quid
482 1217 538 1312 agi
552 1216 729 1313 potuerit,
743 1228 807 1285 aut
819 1211 909 1310 quid
924 1213 1056 1310 possit,
1071 1236 1147 1281 non
1162 1206 1252 1306 quid
1293 1200 1295 1203 ’

187 1346 309 1403 actum
332 1329 397 1414 sit,
422 1349 595 1423 quaerere.
621 1327 880 1395 Verumtamen
902 1322 1020 1392 uimiae
1042 1335 1169 1392 vestrae
1188 1316 1254 1388 be·

187 1439 396 1536 nignitati¹l
418 1458 644 1533 pareremus,
668 1434 698 1503 si
719 1433 788 1503 alia
807 1434 946 1503 ratione
965 1430 1024 1525 jus
1044 1422 1253 1499 nostrum¹⁵

189 1570 405 1643 recuperare
419 1566 616 1642 possemus.
630 1543 736 1612 Nunc
749 1566 835 1612 vero
850 1545 931 1637 quis
946 1554 1015 1629 est,
1029 1541 1092 1636 qui
1106 1553 1167 1609 artt
1180 1541 1254 1607 vim

189 1657 333 1727 armatis
346 1651 557 1724 hominibus
570 1649 699 1722 factam
714 1651 868 1747 relinqui
882 1664 985 1747 putet
996 1663 1180 1747 oportere,
1193 1661 1256 1717 aut

191 1765 270 1861 ejus
289 1769 343 1836 rei
359 1765 532 1835 leviorem
545 1758 576 1805 ¹⁶
597 1763 780 1832 actionem
802 1758 909 1831 nobis
928 1760 1083 1856 aliquam
1103 1759 1256 1830 demon-

4 1918 7 1945 :
191 1889 302 1945 strare
318 1873 454 1970 possit?
468 1877 521 1943 Ex
534 1896 608 1968 quo
625 1894 756 1968 genere
771 1871 927 1968 peccati,
941 1884 981 1940 ut
994 1869 1045 1941 illi
1057 1870 1256 1956 clamitant,

190 1983 249 2054 vel
267 1982 500 2079 injuriarum,
519 1981 577 2051 vel
592 1981 716 2077 capitis
731 1982 867 2077 judicia
888 1982 1083 2052 constituta
1099 1992 1203 2065 sunt,
1218 1982 1256 2048 iu

191 2117 238 2164 eo
255 2092 405 2190 potestis
423 2093 647 2162 atrocitatem
664 2103 824 2160 nostram
842 2088 1127 2186 reprehendere,
1144 2112 1258 2184 quum

191 2201 342 2279 videatis
361 2201 450 2277 nihil
472 2199 569 2272 aliud
587 2215 725 2288 actum,
744 2200 813 2270 nisi
828 2203 1090 2297 possessionem
1113 2222 1179 2295 per
1200 2199 1257 2266 in-

195 2312 435 2385 terdictum¹⁷
453 2336 530 2382 esse
546 2311 754 2407 repetitam?
849 2374 854 2379 .

233 2517 273 2551 rr.
285 2503 340 2549 Aut
354 2500 473 2565 cupidior.
492 2498 638 2563 cupiditatis
651 2515 705 2547 rer·
750 2498 781 2546 de
789 2497 913 2559 jurisdict.
926 2498 966 2548 Ab
977 2498 1064 2547 eudem
1079 2508 1104 2546 et
1116 2496 1202 2562 agendi
1214 2512 1262 2561 po·

195 2581 254 2629 bum
272 2582 322 2629 lere
338 2581 365 2628 iu
382 2580 444 2627 vitio
458 2581 574 2646 ponitur;
589 2578 706 2627 hocloco
750 2578 1004 2642 musrccipiebrtur.
1017 2581 1120 2626 Psssn.
1162 2636 1166 2641 Ι

195 2660 312 2724 cupidum
325 2659 386 2708 dicit
397 2658 504 2724 jrdr'rem
510 2693 519 2716 ,
531 2658 575 2721 qui
587 2657 656 2705 alteri
670 2658 706 2704 lr-
788 2658 828 2706 13.
838 2658 939 2706 Petitori
952 2656 1090 2721 prescierit.
1102 2656 1190 2705 Actori
1198 2671 1260 2720 prse-

196 2750 269 2795 ssst3
288 2738 470 2802 propensiorem
488 2738 514 2785 in
529 2737 707 2785 absolutionem
751 2736 843 2783 scribit.
856 2738 886 2783 Iu
899 2737 999 2800 privetis
1011 2748 1036 2784 et
1047 2736 1191 2799 pecuniariis
1200 2733 1263 2800 peti-

197 2817 243 2864 rei.
255 2817 395 2865 Pmrs.—
404 2816 582 2881 Saepscrrpidus
593 2817 708 2866 Ciceroni
753 2826 800 2873 tor,
812 2816 838 2861 in
851 2815 993 2862 criminibus
1005 2827 1030 2862 et
1042 2813 1146 2877 publicis
1159 2829 1263 2861 accusa·

196 2894 302 2958 partium
315 2895 388 2941 nimis
400 2894 535 2954 studiosus,
546 2894 656 2959 pertibus
669 2894 708 2942 ui·
752 2904 798 2942 tor.
806 2886 858 2941 Pro*
865 2894 982 2956 Quintio:
993 2895 1140 2944 «Possumus
1152 2891 1264 2956 petitoris

201 2973 247 3020 mis
266 2972 395 3021 adductus.
409 2975 496 3021 Grau.
753 2988 881 3038 pemouum
901 2988 1004 3036 capere;
1027 2974 1173 3021 eccuutoris
1188 2971 1264 3033 depo-

236 3066 277 3099 re.
292 3051 320 3098 Si
335 3062 427 3114 prsrtor
443 3050 477 3109 is,
497 3053 542 3116 qui
546 3051 644 3118 judicia
654 3051 708 3098 dut.
753 3068 811 3100 uere
825 3074 847 3102 ι.
868 3052 1011 3116 Plerumque
1037 3065 1118 3102 temen
1139 3050 1262 3116 peritioris

197 3130 271 3178 Multi
285 3131 349 3178 euim
364 3132 449 3178 Romae
465 3142 594 3194 praetores3
609 3131 652 3178 sed
667 3130 709 3177 ulii
751 3131 827 3178 verbo
845 3132 966 3180 sotionem
981 3132 1007 3181 iu
1027 3150 1076 3180 reru
1088 3130 1262 3195 significemus,

120 3210 124 3217 “
197 3208 344 3272 quaestimes
356 3208 500 3257 exercebunt
512 3209 639 3273 capitales:
653 3224 708 3256 eum
752 3207 889 3258 cinctionis
897 3212 995 3258 nomine
1004 3211 1263 3275 personalesrctiones.

198 3303 258 3335 vero
270 3287 449 3350 iutelligit,qui
460 3288 510 3347 juri
525 3285 633 3335 dicundo
645 3302 708 3350 prte-
752 3288 801 3336 Sed
814 3289 879 3335 actio
893 3291 966 3338 etism
985 3301 1113 3355 utrumque
1124 3289 1264 3354 complecti·

121 3388 125 3394 ·
199 3375 262 3423 ent,
274 3366 319 3428 qui
330 3365 437 3412 urbanus
447 3364 581 3414 dicebatur.
589 3366 636 3413 fflc
645 3366 710 3413 euim
752 3378 802 3415 tur.
816 3370 895 3421 loru.

195 3444 291 3505 judicis
303 3445 396 3507 privetu
413 3443 576 3491 constituebat
587 3476 596 3503 ,
619 3443 646 3493 id
658 3454 709 3501 est,
791 3454 831 3502 14.
847 3447 937 3495 Nimiae
949 3462 1036 3497 vestm
1050 3446 1200 3513 benignitati.
1211 3450 1265 3494 Hu-

199 3522 287 3588 rgendi
299 3533 444 3587 potestatem
456 3522 634 3586 litigatoribus,
643 3523 710 3583 judi·
754 3526 877 3585 manituti,
887 3529 1007 3587 comitati,
1026 3545 1074 3591 qua
1087 3544 1141 3590 erga
1151 3525 1265 3573 sdversa-

200 3601 271 3649 ceudi
284 3601 451 3664 veropr-iveris
461 3600 712 3661 bominibus,judici-
756 3606 805 3653 rios
829 3607 941 3666 utimini;
962 3620 987 3657 et
1008 3610 1071 3656 hanc
1096 3606 1266 3670 reprehendit,

200 3679 246 3726 bus
256 3680 374 3744 sumptis,
390 3679 553 3743 permittebat.
570 3683 614 3727 lus
631 3680 712 3728 dicere
756 3700 830 3748 quum
843 3684 904 3734 dicit
915 3686 1004 3736 nimiae.
1014 3689 1095 3734 lior-r.

200 3770 281 3805 sutem
300 3768 325 3805 et
337 3757 455 3822 judicare
471 3757 537 3804 uliud
555 3768 600 3805 est·
613 3760 712 3808 iudicat
795 3764 833 3810 15.
847 3765 889 3810 Ins
905 3777 1022 3812 nostrum.
1041 3765 1159 3812 Amissum
1173 3778 1267 3827 posses·

201 3837 290 3897 ctiam
302 3837 343 3885 cui
356 3837 496 3885 mundatum
510 3853 597 3885 munus
602 3838 712 3898 iudicau-
755 3842 856 3889 sionem.
869 3844 943 3892 lustr.

202 3913 244 3961 di:
260 3927 349 3978 prsetor
359 3928 439 3964 autem
448 3917 488 3976 jus
500 3916 576 3975 dicit,
585 3932 660 3979 quum
670 3919 712 3968 det
794 3920 834 3970 ιθ.
848 3921 947 3968 Rectius
957 3920 1036 3976 lorte,
1045 3918 1172 3978 leuiorem,
1184 3930 1212 3968 ut
1223 3920 1268 3968 br·

202 3991 323 4039 bonorum
332 3995 643 4059 possessionem,quu1uiu
656 4013 712 4060 pos·
756 3999 798 4047 bet
810 3997 908 4048 Lallem.
921 4001 938 4047 J
940 4001 982 4048 Ν.
992 4000 1020 4048 L.

203 4071 333 4118 susioueus
350 4074 436 4133 mittit,
459 4091 533 4138 quum
553 4076 655 4140 pupillis
668 4077 711 4126 dat
795 4092 835 4139 η.
851 4082 898 4126 Per
907 4078 1071 4126 interdictum.
1082 4078 1183 4127 Decreta
1197 4095 1266 4142 quae·

204 4157 310 4210 tutores,
320 4161 346 4198 et
358 4149 508 4216 litigantibus
515 4155 611 4215 judices
621 4172 629 4216 3
646 4156 665 4206 l.
675 4158 708 4207 D.
754 4158 809 4206 daur
822 4158 947 4223 pretoria,
957 4158 1046 4222 quibus
1057 4157 1098 4206 ille
1111 4157 1206 4222 aliquid
1214 4155 1269 4204 lieri
