3054 4772
311 384 382 457 662
634 387 682 454 Μ.
708 387 748 455 Τ.
772 386 1062 458 CICERONIS

307 506 594 606 subscriptorem
607 506 685 603 ejus
696 506 918 606 rogabimus,
931 522 974 580 ut
985 504 1225 604 Allobrogum
1238 506 1384 577 animos

308 619 467 715 mitiget,
492 617 668 714 quoniam
697 616 796 714 apud
826 616 906 691 illos
933 616 1127 690 Fabiorum
1157 639 1294 687 nomen
1326 628 1385 686 est

305 727 569 827 amplissimum
594 754 603 798 ε
628 740 672 798 ut
694 727 809 799 velint
830 730 891 800 isti
908 742 971 800 aut
994 731 1198 827 quiescere,
1219 724 1257 796 id
1277 722 1382 822 quod

308 840 395 910 victi
413 861 455 909 ac
472 835 610 909 subacti
629 836 765 927 soleut3
789 852 868 926 aut,
889 862 1007 937 quum
1023 841 1227 923 minantur,
1244 834 1394 906 intelli-=

307 972 411 1046 gere,
432 973 471 1020 se
489 946 628 1046 populo
648 971 801 1020 romano
819 973 896 1021 non
915 965 1054 1023 metum
1072 948 1173 1035 belli,
1194 943 1257 1018 sed
1275 968 1381 1046 spem

306 1058 485 1157 triumphi
506 1058 708 1131 ostendere.

357 1165 469 1260 Quod
497 1169 530 1237 sl
556 1170 596 1237 in
620 1169 721 1265 turpi
741 1181 829 1241 reo⁷
854 1168 1066 1267 patiendum
1092 1192 1171 1239 non
1196 1177 1302 1251 esset,
1334 1177 1382 1233 ut

306 1277 509 1377 quidquam
523 1279 583 1348 isti
598 1301 636 1349 se
653 1278 762 1348 minis
775 1277 967 1376 profecisse
986 1278 1270 1352 arbitrarentur:
1286 1271 1382 1372 quid

306 1386 516 1460 faciendum
536 1386 640 1459 vobis
661 1390 701 1457 in
718 1388 777 1460 Μ’.
799 1392 950 1469 Fonteio
968 1387 1217 1460 arbitramini?
1237 1386 1283 1457 de
1301 1408 1382 1481 quo

306 1497 475 1586 homine,
493 1496 633 1594 judices
656 1495 752 1592 (jam
771 1499 868 1569 enirn
893 1497 983 1569 mihi
1005 1496 1132 1569 videor
1151 1496 1240 1586 hoc,
1260 1518 1382 1593 prope

306 1636 415 1693 causa
431 1608 573 1683 duabus
591 1610 794 1682 actionibus
807 1625 991 1710 perorata,
1008 1610 1142 1684 debere
1156 1606 1314 1703 dicere),
1331 1607 1381 1679 de

306 1745 383 1818 quo
401 1744 466 1791 vos
482 1718 650 1808 homine,
664 1744 712 1792 ne
726 1719 771 1791 ab
785 1718 940 1819 inimicis
955 1722 1103 1819 quidem
1118 1720 1233 1792 ullum
1249 1717 1382 1790 fictum

306 1828 529 1929 probrosum
558 1855 635 1901 non
662 1830 773 1901 modo
804 1833 958 1919 crimen,
985 1831 1050 1904 sed
1071 1857 1118 1904 ne
1145 1829 1380 1902 maledictum

307 1939 458 2039 quidem
478 1939 637 2012 audistis.
653 1940 786 2037 Ecquis
805 1964 982 2040 umquam
1000 1968 1104 2029 reus,
1121 1943 1319 2042 praesertim
1337 1940 1379 2009 in

309 2051 378 2124 hac
396 2055 478 2122 ritae
495 2050 637 2121 ratione
655 2064 832 2137 versatus,
850 2052 889 2123 in
908 2051 1113 2125 honoribus
1130 2049 1315 2151 petendis,
1337 2052 1381 2119 in

308 2160 569 2263 potestatibus,
590 2163 627 2232 in
650 2160 809 2261 imperiis
833 2160 1014 2259 gerendis,
1034 2164 1086 2235 sic
1101 2174 1289 2235 accusatus
1305 2172 1381 2246 est,

306 2287 350 2345 ut
363 2274 506 2345 nullum
520 2269 713 2370 probrum,
729 2271 871 2344 nullum
887 2270 1041 2362 luciflua,
1056 2273 1156 2345 nulla
1168 2269 1378 2369 turpitudo,

305 2407 389 2481 quac
408 2406 429 2453 a
445 2380 611 2469 libidine,
629 2394 726 2452 anta
745 2382 961 2479 petulantia,
978 2397 1042 2454 aut
1060 2383 1107 2455 ab
1125 2381 1270 2455 audacia
1291 2395 1378 2452 nam

308 2506 417 2576 esset,
433 2487 479 2560 ab
492 2503 699 2561 accusatore
713 2489 948 2587 objiceretur,
966 2494 1086 2564 sinon
1100 2518 1206 2582 vera,
1218 2505 1376 2563 attamen

306 2593 415 2683 ficta⁸
433 2622 517 2669 cum
538 2596 660 2693 aliqua
679 2600 822 2673 ratione
843 2626 885 2673 ac
900 2604 1128 2702 suspicione?

354 2710 450 2797 XVI.
471 2712 520 2779 M.
537 2708 718 2791 AEmilium
732 2712 925 2801 Scaurum,
943 2737 1127 2784 summum
1142 2726 1275 2785 nostrae
1287 2710 1374 2783 ciri·

305 2821 389 2892 tatis
407 2820 542 2904 virum,
564 2820 697 2889 scimus
718 2836 925 2892 accusatum
946 2847 968 2893 a
988 2826 1038 2893 M.
1057 2828 1168 2894 Bruto
1180 2834 1206 2893 ¹.
1225 2827 1375 2895 Exstant

306 2933 507 3012 orationes,
532 2951 576 2998 ex
596 2926 732 3025 quibus
748 2929 900 3028 intelligi
922 2945 1059 3031 potest,
1077 2932 1192 3003 multa
1212 2934 1252 3002 in
1272 2930 1374 3001 illuns

303 3044 426 3139 ipsum
448 3042 626 3111 Scaurum
654 3063 732 3113 esse
756 3039 850 3113 dicta
875 3069 885 3112 ε
914 3039 1025 3133 salso;
1050 3045 1133 3140 quis
1156 3043 1291 3139 negati
1313 3064 1374 3111 rc·

300 3163 508 3221 mmtatnen
532 3145 579 3217 ab
603 3148 750 3221 inimico
774 3148 870 3224 dicta
890 3166 928 3223 et
948 3152 1101 3248 objecta.
1122 3155 1242 3244 Quam
1260 3148 1375 3220 multa
1489 3166 1491 3239 j

288 3256 363 3345 Μ.
390 3255 590 3355 Aquillius²
617 3255 754 3331 audivit
781 3260 821 3331 in
842 3285 909 3333 suo
935 3261 1096 3356 judicio?
1122 3286 1233 3360 quam
1260 3260 1375 3331 multa

302 3487 363 3547 sus,
383 3484 558 3551 qur-epm
575 3485 710 3533 mod
728 3484 816 3550 udas
895 3490 966 3539 xva.
984 3506 1009 3539 ι.
1025 3490 1060 3537 a.
1077 3487 1372 3546 nasamonas,
1486 3450 1487 3497 l

297 3561 816 3635 ζςοΙ)Ιῐιῑ,οῑιοοιιίιὼι,ιεῐίἱιιριιωηῃ.
859 3571 926 3635 ωψῑ
949 3571 1003 3618 ,qm
1022 3579 1048 3616 a
1064 3567 1373 3624 ,monibuffim
1485 3568 1486 3579 .

281 3682 285 3691 .
305 3646 446 3704 stipabant,
468 3644 557 3710 saepius
578 3643 630 3705 jain
654 3643 777 3704 diximus,
790 3656 816 3693 et
858 3647 1300 3712 dequoBrutuuraltcrumalloqucns
1309 3644 1373 3693 dixit
1484 3646 1485 3659 ¹

303 3722 588 3777 adeuslicotsdeslcem
603 3723 675 3786 prim.
692 3723 813 3773 volumiu.
858 3726 961 3787 Cicero,
975 3727 1042 3775 brut.
1062 3728 1115 3785 34,
1129 3728 1175 3773 «in
1189 3741 1240 3789 quo
1260 3737 1373 3786 nuptm
1481 3710 1484 3739 *

303 3818 398 3859 excurs.
413 3804 444 3851 de
454 3804 536 3854 ludio.
550 3802 644 3866 public.
858 3802 977 3863 dedecus,
991 3804 1076 3864 Brute,
1091 3806 1138 3853 fuit
1152 3806 1235 3870 generi
1247 3814 1352 3851 restron.

339 3899 364 3943 7.
379 3885 410 3930 Iu
422 3883 488 3947 turpi
495 3900 545 3930 reo.
560 3882 590 3930 ln
598 3897 669 3930 eausa
677 3881 812 3931 coelentis·
895 3901 919 3931 a.
935 3884 981 3933 Μ’.
1003 3884 1133 3948 Aquillius.
1148 3882 1371 3948 Repetuudamrua

304 3960 359 4008 siml
368 3961 485 4010 bominis.
860 3963 888 4008 P.
904 3962 1008 4009 Lentulo
1020 3974 1162 4023 resumtum
1171 3961 1233 4008 alter
1245 3960 1316 4009 etiam
1323 3959 1371 4009 [uit

340 4042 364 4089 8.
384 4041 580 4108 Actorumficta.
594 4041 659 4088 Cod.
670 4040 751 4088 Vatic.
772 4051 817 4089 «ιι
861 4040 984 4104 Aquillius
993 4041 1026 4088 dc
1039 4040 1181 4105 repetundis
1190 4051 1273 4104 postea
1282 4039 1313 4087 ab
1321 4042 1371 4085 An·

276 4174 279 4183 .
306 4117 422 4175 debota».
436 4118 518 4165 Lumb.
535 4128 578 4165 «at
590 4118 694 4169 conficta
705 4140 726 4166 ι.
861 4121 929 4166 aonio
948 4119 1055 4168 maximo
1072 4129 1170 4167 oratore
1188 4119 1316 4179 desumus,
1329 4117 1371 4180 qui
