3054 4772
151 456 1218 484 ΜΜΜΜΜΜΜΩἊΜΜἊΜΜΜΜΜΜΜ

509 635 868 759 TABULA

582 877 793 958 RERUM

202 1072 282 1131 ΟΜ
308 1072 346 1118 tn
371 1070 443 1117 HOC
468 1068 629 1117 SECUNDO
651 1066 837 1117 votunmut
859 1062 1025 1117 SECUNDAE
1047 1068 1174 1117 murts

453 1189 638 1240 CICERONIS
663 1188 924 1239 conrtttttt'rtttt.

545 1342 832 1370 -οοο--

156 1466 435 1574 Anconrnruu
453 1549 1118 1573 ............................
1200 1502 1223 1573 3

155 1622 202 1687 Μ.
210 1622 248 1688 Τ.
267 1616 437 1686 Ciceronis
451 1614 627 1684 orationes.
641 1646 690 1664 *-
701 1616 740 1681 In
759 1616 800 1682 C.
813 1618 953 1685 Verrem
972 1616 1059 1686 ectio
1078 1642 1126 1686 se·

203 1722 324 1801 cundo.
348 1731 451 1799 Liber
476 1729 604 1797 tertius.
625 1762 674 1779 a
695 1730 806 1797 Dete
830 1726 1058 1815 frumentario.
1076 1768 1125 1785 -—

6 1910 7 1915 ,
202 1848 321 1917 Oratio
336 1861 454 1915 octava
476 1893 1120 1914 ...........................
1179 1842 1222 1918 15

6 1976 8 1995 ²
153 1965 321 2032 Excursus
342 1960 384 2030 de
402 1984 438 2029 re
456 1958 673 2028 frumentaria
686 1958 917 2025 Romanorum
938 2008 1117 2030 ........
1154 1982 1219 2057 171·

14 2104 17 2109 ⁴
155 2075 399 2173 Argumentum
425 2120 1116 2144 .............................
1154 2072 1221 2170 193

27 2188 32 2193 ’
154 2194 204 2261 Μ.
216 2188 318 2260 Tullii
340 2188 513 2260 Ciceronis
533 2185 806 2254 orationes-In
825 2185 864 2253 C.
877 2185 1018 2254 Verrem
1035 2183 1126 2255 actio
1149 2238 1157 2246 .

202 2304 357 2375 secunda.
375 2302 478 2373 Liber
495 2312 645 2396 quartus.
666 2332 716 2351 a·
735 2300 789 2367 De
806 2298 928 2393 Signis.
943 2336 992 2353 --
1006 2290 1126 2370 Oratio

202 2442 292 2488 nonu
306 2466 607 2489 .............
611 2476 614 2481 .
624 2464 778 2484 .......
790 2505 792 2509 .
794 2464 1119 2486 ..............
1156 2440 1221 2519 197

13 2612 21 2623 Ι
154 2538 396 2628 Argumentum
426 2580 800 2601 ................
809 2546 812 2552 “
817 2578 1118 2600 .............
1152 2529 1224 2603 316

5 2702 12 2745 ,
154 2652 202 2717 M.
215 2644 254 2715 T.
278 2646 450 2716 Ciceronis
472 2643 653 2713 orationes.
677 2680 727 2696 ω-
750 2646 790 2710 In
813 2642 852 2710 C.
869 2643 1013 2712 Verrem
1036 2638 1125 2716 actio

201 2760 357 2830 secunda.
373 2760 477 2830 Liber
488 2759 638 2854 quintus.
654 2792 703 2811 a-
714 2760 767 2827 De
783 2755 1123 2867 scriptiones-on·

202 2878 250 2946 tio
267 2876 396 2945 decima
425 2922 1117 2946 .............................
1152 2873 1223 2946 323

153 2996 398 3087 Argumentum
414 2988 576 3058 orationis
595 3011 658 3081 pro
674 2989 715 3057 A.
725 2987 858 3057 Caecina
866 3038 1118 3058 ...........
1151 2988 1218 3076 461

153 3108 202 3176 Μ.
222 3108 261 3175 T.
284 3106 455 3175 Ciceronis
481 3103 660 3172 orationes.
683 3140 733 3154 -
753 3101 875 3171 Oratio
902 3123 965 3194 pro
990 3105 1030 3172 A.
1055 3104 1127 3172 Coe·

201 3221 287 3289 cina.
303 3220 480 3289 *Oratio
498 3216 677 3288 undecima
694 3268 1116 3287 ..................
1150 3214 1222 3304 465

153 3337 264 3405 Excl
283 3334 325 3403 ad
343 3333 528 3403 orationem
546 3354 609 3427 pro
627 3330 780 3417 Carcine,
805 3350 878 3424 cap.
900 3352 914 3398 1
935 3381 1116 3401 ........
1150 3328 1221 3404 550

154 3453 232 3519 Exc.
246 3452 280 3517 ΙΙ
293 3447 335 3516 ad
348 3448 533 3516 orationem
549 3470 612 3540 pro
628 3444 777 3530 (cecina,
798 3464 872 3536 cop.
888 3466 900 3511 ι
914 3495 1116 3514 .........
1151 3441 1223 3532 554

154 3570 233 3636 Exc.
249 3566 300 3632 Ill
322 3560 365 3630 ad
383 3560 568 3629 orationem
582 3582 645 3652 pro
661 3556 807 3643 Caecina,
830 3580 940 3650 cap.n
958 3609 1111 3627 .......
1148 3555 1220 3629 556

74 3744 83 3769 ,1
153 3684 232 3749 Exc
246 3681 294 3747 IV
311 3675 353 3745 ad
369 3675 553 3745 orationem
571 3699 633 3769 pro
649 3673 799 3759 cecina,
818 3695 892 3766 cap.
910 3695 929 3767 7
960 3723 1113 3741 .......
1149 3668 1216 3770 557

79 3776 88 3793 ’
152 3798 277 3864 Exc.V
302 3791 345 3861 ad
362 3792 547 3861 orationem
562 3815 625 3885 pro
643 3784 792 3875 Cercina,
814 3812 887 3882 cap.
909 3810 948 3856 tn
959 3838 1113 3856 .......
1148 3785 1214 3860 561

154 3911 233 3976 Exc.
243 3911 292 3977 VI
310 3905 353 3975 ad
374 3905 560 3975 orationem
580 3928 643 3998 pro
665 3902 815 3989 Caeeina,
834 3925 907 3995 cap.
931 3904 990 3985 14.
1007 3953 1014 3969 .
1032 3954 1039 3968 .
1055 3953 1063 3970 .
1079 3953 1111 3970 ..
1147 3900 1216 3990 564

154 4027 233 4091 Exc.
245 4024 311 4091 Vll
325 4021 367 4090 ad
381 4021 568 4090 orationem
586 4043 649 4113 pro
666 4017 816 4102 Caecina,
836 4040 909 4110 cap.
930 4018 989 4098 14.
1006 4069 1013 4083 .
1030 4068 1038 4083 .
1054 4068 1061 4083 .
1079 4069 1085 4083 .
1103 4069 1110 4085 .
1146 4014 1214 4112 567

153 4141 232 4206 Exc.
248 4139 332 4208 VIII
351 4136 394 4206 nd
408 4138 593 4206 orationem
613 4160 675 4230 pro
690 4133 842 4219 Cercina,
865 4157 937 4226 cap.
958 4129 1015 4202 15.
1032 4185 1039 4199 .
1057 4186 1063 4200 .
1081 4184 1113 4203 ..
1148 4129 1217 4203 568
