3142 4774
364 444 417 512 ΙΝ
442 438 661 511 VERREM
683 441 792 508 ACT.
819 443 874 521 ll,
900 442 989 509 LlB.
1017 443 1090 510 lii.
1209 437 1254 537 59

197 564 487 659 Artemidoruml
509 563 717 635 Cornelium
739 561 940 647 medicum,
960 562 1141 635 Valerium
1163 586 1255 662 prae·

198 670 345 763 eonem,
366 673 614 772 Tlepolemum
637 674 832 769 pictorem,
853 687 890 742 et
911 671 1089 766 ejusmodi
1110 698 1258 772 recupe-

198 799 354 869 ratores3
368 782 526 881 quorum
545 784 630 854 civis
642 805 815 853 romanus
830 805 941 873 nemo
952 800 1045 870 erat;
1067 784 1129 855 sed
1143 789 1255 856 Graeci
1353 783 1357 789 ’

200 896 379 991 sacrilegi,
391 893 463 987 jam
482 891 622 990 pridem
640 890 814 988 improbi,
829 906 979 989 repente
995 891 1186 963 Conrelii⁵.
1196 896 1260 964 Vi-

201 1004 336 1075 debant
357 1002 614 1099 Agyrinenses,
637 1000 817 1098 quidquid
840 1001 883 1071 ad
905 1024 968 1072 eos
990 1019 1263 1100 recuperatores

201 1115 380 1212 Apronius
416 1112 610 1198 attulisset,
650 1110 752 1182 illum
792 1108 959 1208 perfacile
997 1111 1237 1208 probaturum
1256 1141 1277 1203 :¹

202 1223 435 1295 condemnari
453 1245 536 1292 cunr
555 1223 657 1292 istius
674 1221 807 1292 invidia
824 1220 1043 1318 infamiaque
1064 1220 1265 1307 malebant,

202 1358 313 1430 quam
344 1331 390 1403 ad
424 1333 502 1428 ejus
532 1330 765 1403 conditiones
788 1335 1047 1430 pactionesque
1082 1331 1265 1403 accedere.

203 1442 438 1535 Quaerebant,
461 1467 540 1539 quae
559 1443 597 1511 in
613 1440 746 1516 verba6
769 1456 1037 1539 recuperatores
1052 1440 1163 1512 daret.
1183 1447 1267 1513 lies-

204 1550 411 1651 pondebat,
444 1575 474 1621 sr
505 1574 685 1636 saunier,
718 1574 897 1625 aurursus
924 1574 1083 1622 aurorum
1112 1574 1268 1639 ercrssn,

207 1673 309 1759 quae7
337 1663 374 1730 in
398 1659 536 1754 judicio
557 1659 738 1731 dicturum
758 1682 835 1731 esse
854 1660 1008 1733 dicebat.
1032 1658 1268 1758 iniquissimis

206 1770 341 1856 verbis,
358 1769 632 1867 improbissimis
645 1772 977 1869 recuperatoribus,
992 1771 1270 1845 conflictarima·

206 1881 350 1967 lebant,
370 1906 480 1979 quam
501 1879 700 1978 quidquam
723 1906 806 1952 cum
830 1884 899 1952 isto
919 1906 982 1953 sua
1001 1882 1187 1953 voluntate
1204 1882 1268 1953 de·

207 1991 336 2063 cidere.
361 1989 613 2062 summittebat
635 1992 701 2062 iste
723 1992 1003 2077 Timarchidem,
1023 1995 1086 2088 qui
1106 2008 1270 2063 moneret

208 2126 288 2187 eos,
300 2103 332 2173 si
339 2115 525 2199 saperent,
536 2115 578 2171 ut
588 2104 836 2198 transigerent.
851 2100 1271 2199 Pernegabant.—-Quid

210 2212 314 2308 ergo?
326 2213 365 2280 in
377 2210 538 2309 singulos
549 2213 621 2281 li-S
635 2214 899 2308 quinquagenis
912 2204 1096 2282 millibus⁸
1110 2210 1272 2281 damnari

210 2320 568 2393 mavultisi-Malle
586 2321 762 2393 dicebant.
773 2326 871 2392 Tum
889 2322 1084 2411 istoriam,
1103 2320 1273 2393 omnibus

211 2431 460 2543 audientibus,
484 2462 501 2497 α
515 2434 589 2523 Qui
613 2432 803 2504 damnatus
824 2434 913 2520 erit,
935 2434 1074 2530 inquit,
1093 2433 1202 2530 virgis
1228 2432 1271 2502 ad

212 2660 265 2692 rum
281 2644 380 2692 nomine
400 2642 431 2692 ed
450 2642 579 2691 terrendos
599 2653 720 2701 aratores,
763 2655 807 2691 ret.
823 2645 912 2691 Verres
930 2643 1094 2707 respondebat
1116 2660 1141 2691 se
1158 2642 1274 2690 daturum

212 2722 281 2771 etad
295 2738 337 2770 eos
354 2722 386 2769 sd
398 2738 563 2786 quascumque
577 2721 649 2769 vellet
665 2737 721 2769 con·
763 2726 826 2772 hauc
839 2723 986 2770 formulam:
1010 2724 1036 2769 Si
1054 2732 1150 2786 pareret
1168 2731 1275 2769 aratores

214 2800 318 2848 ditiones
330 2798 489 2849 adducendos
496 2802 587 2848 Verres
596 2800 719 2849 urebatur.
766 2802 861 2862 iecisse,
876 2813 960 2851 eontra
973 2800 1079 2848 edictum
1095 2801 1218 2865 praetoris,
1232 2817 1274 2859 es,

251 2888 276 2937 l.
284 2881 371 2929 Prisce
383 2879 442 2928 edd.
455 2879 661 2929 «Artemidorum
672 2892 723 2927 me·
765 2898 820 2946 qun
830 2880 956 2946 Apronius
969 2894 995 2927 se
1006 2879 1032 2926 in
1044 2878 1139 2939 judicio
1152 2878 1274 2949 dicturum

216 2958 298 3007 dicum
310 2958 462 3019 (bruelium,
474 2959 596 3023 pictorem
608 2959 721 3024 Tlepole-
767 2978 818 3027 esse
829 2959 937 3019 dicebst,
954 2961 992 3007 uti
1005 2959 1104 3008 eosdem
1121 2970 1227 3006 restores
1244 2974 1279 3005 re·

214 3053 311 3095 mum»,
318 3038 413 3084 omissis
422 3038 515 3086 ceteris.
526 3038 581 3086 Solu
592 3039 655 3086 l'orte
665 3052 722 3094 vox,
767 3050 922 3105 superatores
938 3037 1137 3087 condemnarent.
1158 3039 1278 3111 Iniquitsq

215 3115 458 3177 .Anemtu0mm·,
476 3132 508 3164 ex
526 3116 630 3178 alicuius
651 3119 723 3165 iuter·
765 3134 841 3185 porro
866 3128 917 3166 eret
941 3118 1063 3174 maxims,
1086 3118 1120 3166 its
1147 3117 1275 3164 formulam

215 3199 351 3265 preteriens
363 3197 474 3247 delinxit.
485 3200 548 3247 tv.
563 3202 590 3246 L.
767 3198 842 3260 dare,
860 3209 889 3246 ut
906 3197 941 3246 rei
956 3198 1007 3262 ipss
1024 3196 1156 3249 advenerit
1173 3197 1277 3246 libidine

252 3279 277 3325 5.
292 3276 525 3327 Comeir'r'.AVerris
533 3277 724 3339 nomiuo‚oujus
768 3277 948 3336 damnarentur,
956 3278 1066 3341 quemvis
1074 3279 1196 3326 nescirent
1205 3276 1282 3342 quid·—

215 3354 335 3405 benelieio
361 3356 426 3405 cives
452 3373 513 3406 rom.
535 3368 635 3422 repente
657 3366 724 3403 erent
767 3354 1277 3421 naminedictumpecoesseut‚sctoreutem

216 3437 282 3484 secti.
297 3437 337 3485 Sic
357 3437 453 3485 Meeut.
472 3439 552 3488 Graes.
572 3437 724 3486 Contradicit
768 3434 889 3501 quidquid
902 3435 988 3504 vellet,
1002 3446 1248 3500 possetexpromere.

217 3514 358 3578 Desjsrdins
379 3530 430 3563 nou
447 3532 461 3563 s
476 3519 650 3581 Verrs‚qusm
673 3532 723 3566 nou
805 3534 828 3578 7.
842 3515 1039 3564 Aliisdduutss.
1055 3518 1154 3563 Frustra
1169 3516 1222 3563 hec
1240 3530 1281 3562 su-

218 3594 338 3643 Corueiiae
346 3595 650 3659 gentisiuisseeorrtendit,
658 3595 724 3644 sede
769 3606 852 3661 specte
869 3596 992 3645 Eruestio.
1010 3597 1106 3658 Nempe
1125 3595 1189 3643 siout
1210 3605 1280 3641 autes

217 3672 481 3738 Sullesiceppdletos,
491 3675 535 3738 qui
548 3675 722 3723 vietordeoem
769 3689 846 3739 quum
871 3685 978 3723 sessores
1002 3674 1186 3737 quaesivissent,
1218 3672 1278 3734 quid

218 3753 315 3800 circiter
333 3754 403 3800 ennio
427 3765 497 3801 entes
529 3752 723 3818 proscriptorum
768 3762 854 3801 contra
866 3755 979 3816 meroris
992 3752 1100 3801 edietum
1113 3750 1198 3797 secisse
1213 3750 1277 3798 dice·

218 3847 314 3890 servos,
323 3830 428 3895 mplius
447 3831 531 3880 decem
550 3832 624 3880 millis
637 3866 645 3890 ,
660 3833 726 3881 cives
770 3842 860 3888 ronne,
871 3832 995 3894 Apronius
1007 3820 1215 3894 responderam
1224 3842 1280 3879 ente

218 3926 332 3959 moos
353 3928 404 3959 esse
422 3912 493 3972 jussit
513 3922 538 3958 et
557 3912 726 3961 Corneliorum
771 3920 952 3979 reeupesstores
965 3924 1017 3956 esse
1032 3908 1169 3966 dirmetum,
1180 3910 1214 3956 sie
1224 3913 1285 3957 Ver·

219 3992 316 4038 nornine
335 3990 453 4056 appellari
467 3990 555 4038 voluit.
773 4008 810 4040 res
824 3989 907 4038 eedem
922 3987 1093 4053 respondebit.
1242 3976 1245 3981 Ι

254 4068 353 4133 &Qua
368 4070 392 4117 in
405 4071 491 4117 verba.
510 4071 591 4132 Quam
601 4066 731 4129 iudicandi
812 4072 836 4118 8.
854 4067 1035 4133 Quinquogeur's
1055 4067 1167 4116 millibus.
1184 4069 1287 4133 Cireiter
1314 4062 1319 4077 '

222 4146 348 4197 lormuisru
363 4149 573 4214 recuperatoribus
583 4148 729 4213 praescribe·
777 4150 871 4207 reato
884 4150 913 4197 ir.
