3116 4774
370 404 562 473 ORATIO
585 404 683 471 PRO
708 405 749 471 A.
776 398 991 472 CAECINA.
1140 396 1210 472 515

150 533 283 603 Veruin
300 527 338 597 in
356 525 413 598 bis
429 527 544 597 causis
562 550 636 595 non
657 519 782 596 verbs³
800 524 951 594 veniunt
964 516 1001 593 in
1013 523 1210 618 judicium,

151 638 213 709 sed
238 662 279 707 ea
307 661 384 722 res,
410 635 514 730 cujus
545 659 651 707 cause
680 631 789 706 verba
816 632 892 707 haec
914 636 953 705 in
978 620 1210 707 interdictum

151 738 338 840 'conjecta‘
358 759 453 817 sunt.
470 745 573 832 Vim,
590 768 672 841 quse
688 744 732 816 ad
752 758 860 842 caput
879 742 979 816 etad
998 744 1107 815 ritum
1125 769 1208 843 per·

153 857 261 943 tinet,
278 856 417 927 restitui
437 855 513 926 sine
533 853 604 924 ulla
626 857 839 952 exceptione
856 851 1087 926 votuerunt
1102 859 1151 925 Ea
1169 853 1212 931 fit

153 964 367 1063 plerumque
389 987 455 1060 per
472 962 637 1035 homines
655 979 798 1036 coactos
813 978 1065 1061 armatosque:
1083 988 1164 1061 quae
1181 966 1218 1036 si'

152 1074 224 1167 aiio
245 1072 396 1145 consitio
404 1071 431 1156 θ,
454 1071 583 1147 eodem
606 1072 769 1171 periculo
792 1070 885 1146 iacta
904 1075 967 1162 sit3
989 1073 1117 1146 eodem
1131 1076 1214 1170 jure

153 1209 229 1255 esse
248 1183 452 1256 voluerunt.
474 1185 557 1254 Non
580 1185 676 1254 enim
699 1183 814 1278 major
836 1197 890 1256 est
913 1184 1080 1279 injuriat,
1099 1186 1130 1255 si
1151 1198 1213 1254 tua

153 1291 303 1381 familia,
318 1317 427 1391 quam
444 1294 473 1361 si
486 1307 571 1363 tuus
585 1292 741 1379 villicus3
756 1317 849 1378 non,
862 1295 893 1365 si
909 1293 964 1364 tui
977 1294 1089 1380 servi,
1104 1318 1214 1391 quum

153 1404 183 1475 si
209 1403 335 1486 alieni,
365 1424 407 1475 ac
433 1402 666 1489 mercenarii3
694 1426 790 1489 non,
814 1402 846 1475 si
871 1417 957 1475 tuus
984 1418 1215 1500 procurator,

154 1535 263 1609 quam
284 1513 313 1581 si
336 1511 497 1596 vicinus,
518 1523 581 1581 aut
605 1508 756 1581 libertus
780 1525 885 1598 tuus3
906 1538 1002 1599 non,
1030 1515 1059 1584 si
1085 1516 1217 1586 coactis

155 1618 387 1707 hominibus,
412 1643 523 1717 quarn
542 1621 573 1690 si
592 1614 838 1706 voluntariis⁸,
859 1624 1049 1694 autetiam
1069 1623 1218 1696 assiduis

155 1758 196 1804 ac
216 1731 441 1818 domesticis;
464 1754 561 1817 non,
583 1734 613 1801 si
634 1731 797 1820 armatis,
819 1734 976 1828 quamsi
996 1733 1219 1822 inermibus,

155 1846 220 1941 qui
242 1844 313 1912 vim
335 1839 511 1913 haberent
528 1854 749 1913 armatorum
767 1841 811 1915 ad
830 1841 1058 1931 nocendum
1074 1869 1173 1932 non,
1191 1847 1220 1916 si

157 1951 346 2052 pluribus,
375 1952 493 2050 quarn
507 1956 536 2021 si
562 1975 638 2021 uno
661 1965 808 2023 armato.
834 1952 977 2043 Quibus
994 1953 1092 2025 enim
1110 1953 1221 2027 rebus

45 2072 52 2083 '
84 2090 90 2097 ·
158 2064 374 2162 plerumque
394 2063 448 2134 vis
470 2060 531 2147 fit,
558 2060 736 2157 ejusmodi
758 2061 813 2134 bae
834 2086 893 2134 res
916 2062 1145 2159 appellantur
1165 2065 1221 2131 in·

160 2171 330 2259 terdict03
348 2174 377 2243 si
397 2195 461 2268 per
477 2172 563 2242 alias
576 2195 634 2242 res
651 2168 776 2241 eadem
795 2168 888 2243 facta
902 2173 956 2241 vis
970 2186 1041 2258 est,
1056 2196 1116 2259 ea,
1131 2186 1222 2242 tam-

160 2285 226 2353 etsi
239 2280 357 2352 verbis
372 2278 554 2351 interdicti
568 2305 643 2350 non
658 2277 899 2367 concluditur,
915 2296 1034 2353 tamen
1048 2284 1225 2353 sententia

156 2392 246 2486 juris
267 2406 376 2487 atque
397 2391 609 2460 auctoritate
627 2390 813 2493 retinetur.

209 2504 340 2572 XXIII.
361 2500 479 2570 Venio
502 2522 600 2568 nunc
620 2498 665 2569 ed
683 2497 773 2570 illud
793 2511 896 2569 tuum
910 2507 921 2541 ¹
937 2525 946 2568 ε
964 2527 981 2564 u
994 2500 1076 2571 Non
1093 2497 1224 2596 dejeci,

162 2612 191 2681 si
216 2633 290 2679 non
316 2609 380 2678 sivi
407 2604 616 2678 accedere».
642 2611 735 2685 Puto
759 2622 793 2678 te
816 2609 956 2705 ipsum,
974 2610 1074 2697 Piso,
1092 2613 1227 2709 perspi.

197 2780 223 2826 3.
236 2777 292 2825 Nou
304 2775 381 2824 verba
392 2774 496 2823 venunt
508 2774 534 2823 in
543 2773 671 2840 judicium.
715 2775 764 2835 tis,
783 2791 853 2839 aeque
866 2775 961 2822 restitui
972 2775 1226 2828 voluerunt-Abest

163 2859 201 2905 De
216 2855 296 2904 verbis
306 2854 471 2903 controversie
483 2868 534 2902 nou
548 2866 592 2903 est.
715 2869 845 2918 quaeret
853 2852 928 2902 codd.
937 2854 1018 2904 Oxou.

199 2937 264 2991 Idu
275 2932 427 2997 inter-dicum
436 2931 557 2998 conjecta.
568 2932 671 2991 tulere,
754 2949 777 2993 7.
799 2934 856 2981 Non
880 2931 945 2979 eur'm
965 2931 1045 2998 major
1068 2944 1105 2981 ese
1123 2932 1223 3002 injuria.

164 3015 264 3064 incluse.
277 3011 534 3071 AdAttio.·Conjeci
546 3008 574 3057 id
588 3025 673 3074 proat-
717 3012 828 3076 Proprie.
850 3013 913 3061 Nam
933 3012 1022 3073 injuris
1041 3022 1090 3076 eet,
1109 3028 1165 3077 quie
1184 3025 1226 3064 ent

165 3091 525 3152 mimineumlibrum,quem
534 3088 672 3156 tibimiri».
718 3093 855 3156 putatione
864 3101 1015 3156 eorpue,eut
1023 3092 1137 3142 convicio
1147 3109 1225 3156 auree,

203 3176 227 3223 5.
242 3172 311 3229 Vim,
323 3169 422 3235 quaed
428 3180 526 3233 capue...
536 3167 675 3216 voluerunt.
718 3181 760 3218 eut
772 3170 852 3234 nilque
866 3171 912 3219 elie
923 3170 1076 3234 turpitudine
1084 3171 1158 3220 vitem
1166 3173 1226 3223 elte-

37 3264 66 3315 '·.
166 3252 337 3317 &uppem
361 3245 499 3312 fignificat,
516 3245 675 3309 quemedmo·
719 3249 769 3296 rius
783 3248 869 3306 violet,
881 3260 910 3298 ut
923 3249 996 3298 docet
1010 3251 1047 3297 Ν
1055 3250 1086 3297 ed
1102 3253 1208 3302 Herenn.

61 3330 67 3337 ’
167 3333 225 3380 dum
242 3345 317 3394 supr-e
330 3326 560 3384 demonstrantium,
583 3324 677 3372 adscn'·
757 3330 783 3375 8.
796 3327 955 3384 Voiuntan'is,
970 3329 1100 3377 autetiam
1113 3332 1226 3382 assiduis.

165 3410 289 3476 peiorum,
309 3422 364 3471 quse
387 3405 519 3454 interdicto
539 3404 676 3467 subjicitur,
720 3403 772 3469 Qui
785 3418 873 3470 sponte
887 3409 1043 3457 conveniunt.
1056 3410 1148 3475 Supra:
1164 3428 1229 3459 «vo-

168 3515 181 3534 .
190 3493 273 3553 Quum
279 3487 322 3551 qui
329 3486 438 3547 dejectus
447 3495 508 3532 esset
516 3482 676 3547 possideret».
720 3486 819 3534 lnuurii
831 3485 918 3534 milites
935 3496 961 3534 et
971 3486 1098 3537 volones».
1108 3488 1227 3548 destituis,

169 3573 248 3618 Hor-r.
260 3565 363 3614 -St'ne
381 3565 434 3613 utta
450 3561 600 3627 exceptione.
619 3560 677 3610 Non
721 3566 764 3628 qni
777 3576 808 3612 eo
821 3566 847 3611 iu
860 3564 918 3613 ioco
928 3580 979 3613 esee
993 3577 1171 3615 consueverunt
1186 3583 1230 3616 oo·

168 3647 249 3695 addite
267 3646 308 3693 Ille
326 3644 446 3692 formula:
463 3644 544 3692 Ecetra
565 3658 622 3707 puoe
639 3643 677 3693 nte
720 3643 964 3709 lendientpseoendi
977 3660 1056 3693 muse.

170 3743 221 3776 nou
233 3724 390 3790 possidebat,
404 3723 446 3788 qui
456 3723 570 3784 dejectus.
580 3724 675 3787 Supte:
715 3773 719 3780 ,
756 3725 854 3771 XXIII.
875 3740 899 3772 r.
924 3722 1000 3770 Venio
1026 3738 1091 3770 nunc
1114 3722 1152 3771 cd
1170 3724 1233 3773 r'Ibrd

170 3808 279 3854 «renos
291 3806 344 3853 eine
356 3804 403 3852 ulle
417 3804 561 3868 exceptione
577 3801 678 3850 luterdl·
721 3813 798 3850 tunm.
811 3802 852 3849 Ad
862 3801 929 3849 illem
941 3811 1007 3850 tunm
1019 3798 1232 3852 defensionem.-

170 3885 206 3932 xit
216 3907 239 3933 a.
254 3884 353 3932 Puen.
722 3882 779 3929 Nou
790 3879 913 3946 dejeci,sr'
924 3897 974 3927 non
988 3879 1035 3927 εἰνὶ
1042 3881 1164 3930 accedere.
1178 3884 1230 3932 nr-

207 3966 232 4012 t.
250 3962 341 4025 Quasi
354 3956 626 4024 edoeomilio...faoea
639 3957 677 4009 sit.
722 3960 827 4007 missine
844 3958 967 4017 defensio,
982 3968 1096 4023 utsupra
1111 3962 1232 4024 ostendit3

173 4041 198 4089 st
210 4056 253 4089 sue
266 4051 428 4105 sponte‚non
445 4051 486 4088 tm
500 4037 625 4094 voluntate
634 4053 678 4085 eo·
722 4054 777 4086 nem
791 4040 811 4086 ei
824 4040 958 4102 Ingressum
974 4036 1109 4102 dejecisset,
1130 4043 1231 4092 omnino

172 4119 243 4168 ioum
254 4118 380 4183 dejecerit,
394 4118 480 4167 e'odem
491 4118 601 4184 periculo
614 4119 679 4182 etpi-
722 4117 815 4166 restitui
826 4127 959 4182 oporteret.

1007 4201 1063 4274 33.
