3016 4774
430 484 713 558 EXCURSUS
739 488 852 557 VIII.
1103 480 1175 580 569

111 605 165 671 Sic
182 603 268 693 apud
283 604 451 669 Plautum:
469 605 530 668 «In
546 620 632 670 statu
650 623 714 673 etat
728 629 865 672 senen:
884 621 1013 696 paratus
1028 605 1177 672 videlicet

112 710 154 775 ad
165 733 318 800 pugnam.
333 710 385 774 Sic
404 710 446 793 Q.
459 709 611 776 Claudius
626 713 715 802 apud
732 714 874 779 Gellium
892 713 927 775 in
948 712 1005 777 lib.
1024 713 1089 795 lx,
1105 735 1174 802 cap.

116 815 180 897 13,
209 839 312 903 quum
338 815 491 881 describit
517 833 680 883 certamen
707 818 788 883 illud
819 818 929 883 nobile
957 816 1069 882 Manlii
1101 841 1176 883 cum

19 994 20 999 η
113 921 223 987 Gallo:
240 922 401 987 «Manlius
415 923 524 986 animo
540 925 655 1013 magis,
671 948 770 1014 quam
786 942 854 990 arte
871 922 1029 1006 confisus,
1047 939 1178 987 acutum

19 1024 20 1033 Ι
113 1044 208 1094 acuto
229 1028 403 1117 percussit,
429 1043 526 1116 atque
548 1044 668 1095 statum
688 1031 772 1096 Galli
790 1030 1004 1095 conturbavit.
1034 1030 1122 1092 Dum
1144 1049 1179 1092 ee

115 1132 225 1197 Gallus
251 1134 370 1196 iterum
399 1132 514 1198 codem
539 1151 635 1222 paeto
663 1136 860 1202 constituere
883 1133 1011 1216 studet,
1039 1133 1179 1200 Manlius

111 1239 233 1302 iterum
249 1254 379 1303 acutum
395 1254 489 1303 acuto
505 1241 662 1327 percutit,
679 1256 776 1329 atque
793 1241 913 1305 iterum
932 1238 1061 1303 deloco
1078 1238 1181 1303 homi·

114 1367 191 1409 nem
214 1343 356 1425 dejicit».
379 1343 441 1407 Hie
464 1345 595 1431 quidem
617 1362 756 1429 etatum,
781 1362 819 1411 ut
842 1346 926 1427 illie,
951 1346 1181 1433 interpretatur

113 1449 241 1530 Iocum,
260 1465 293 1512 et
308 1471 360 1512 rea
376 1464 444 1513 tota
461 1449 645 1529 cujusmodi
661 1452 722 1534 ait,
750 1475 789 1515 ex
808 1451 864 1515 iIIo
880 1450 1105 1539 planissimum
1121 1463 1179 1513 est.

18 1554 20 1565 ’
115 1554 192 1620 Dixi
204 1554 369 1643 pluribus,
389 1553 480 1643 quod
500 1553 640 1619 sciebam
658 1556 748 1638 sore,
773 1573 812 1621 ut
829 1573 861 1620 et
877 1556 1003 1621 ratione
1026 1556 1116 1620 verbi
1136 1555 1182 1619 sic

18 1652 19 1669 ¹
116 1658 334 1748 exquirenda,
360 1676 394 1724 et
418 1659 553 1724 historia
577 1658 657 1744 ista,
683 1659 775 1724 valde
801 1659 951 1724 delectari
975 1660 1048 1748 quis
1074 1675 1181 1748 queat.

116 1763 154 1829 P.
171 1765 295 1828 Fannn.

163 1870 211 1934 Dc
222 1881 308 1935 statu
325 1884 374 1933 est
388 1891 447 1932 sua
466 1868 542 1934 sede
561 1868 689 1953 dejicit,
714 1885 747 1933 et
764 1866 967 1934 firmitudine
991 1892 1028 1934 ac
1045 1870 1182 1934 ratione.

117 1975 296 2041 Laberius:
315 1976 468 2040 «Morere
488 1975 596 2064 potuit
612 1976 648 2039 in
663 1976 796 2056 juventa
814 1975 856 2040 de
874 1992 991 2040 statu».
1011 1976 1105 2039 Mox:
1121 1975 1185 2038 .Ut

117 2082 211 2146 facile
235 2081 384 2146 labefecit
408 2080 482 2146 loco
496 2111 517 2143 ».
541 2083 652 2146 Horat.
676 2083 807 2146 «Mente
831 2083 935 2169 quatit
961 2078 1092 2144 solida».
1116 2080 1184 2144 Cic.

119 2185 231 2252 Parad.
248 2187 425 2276 «Voluptas
442 2209 509 2274 quo
525 2186 628 2266 major
646 2202 714 2268 est,
733 2209 773 2251 eo
792 2187 891 2275 magis
909 2201 1053 2249 mentem
1069 2208 1109 2250 ex
1126 2207 1185 2248 sua

119 2290 195 2357 sede
207 2307 240 2356 et
251 2307 337 2356 statu
348 2291 524 2356 dimovet».
539 2290 650 2380 Virgil.
667 2321 681 2346 a
690 2292 840 2379 Casuque
850 2290 995 2353 animum
1009 2311 1186 2354 concussus

121 2397 249 2460 amici».
274 2394 390 2460 Catull.
412 2395 609 2458 «Extemata
633 2411 781 2459 mente».
800 2394 934 2459 Passer.
957 2431 1002 2442 -
1025 2395 1185 2473 Dimovet,

120 2518 195 2566 ante
214 2501 409 2565 Lambinum
432 2498 505 2564 edd.
530 2523 611 2587 quas
631 2499 716 2582 vidi,
736 2522 870 2582 omnes,
893 2516 968 2587 post
990 2498 1081 2564 illum
1100 2520 1185 2563 unus

121 2606 211 2671 dedit
228 2605 384 2670 Olivetus.
398 2605 456 2668 Est
468 2603 563 2692 piane
580 2605 621 2669 ab
635 2604 836 2671 emendantis
850 2629 965 2687 manu,
979 2628 1046 2669 non
1058 2628 1077 2669 a
1087 2604 1186 2669 MSS:

122 2712 184 2776 nisi
201 2709 308 2798 quod,
331 2733 434 2799 quum
454 2710 509 2773 hic
535 2712 625 2775 locus
648 2735 666 2774 a
688 2711 891 2793 Quintiliano
910 2712 1080 2793 recitetur,
1105 2712 1185 2775 lust.

122 2818 211 2881 Orat.
224 2816 323 2898 VIII,
339 2816 380 2897 3,
403 2816 437 2879 in
452 2838 491 2879 eo
507 2814 647 2882 demovet
662 2814 846 2880 emendarit
864 2837 1012 2879 summus
1032 2817 1188 2878 bunnen-

123 2944 204 3002 nuc,
222 2943 294 3010 pag.
311 2920 393 3003 618,
413 2944 454 2985 ex
469 2921 540 2986 cod.
554 2923 710 2987 Almelor.
724 2945 823 3010 quem
835 2920 918 2986 vide.
937 2922 987 2984 De
1006 2920 1070 2983 hoc
1087 2919 1188 2984 verbo

122 3026 188 3106 jam
204 3027 306 3090 multa
322 3025 462 3090 diximus
478 3026 520 3091 ad
535 3030 606 3092 Act.
623 3029 638 3091 1
660 3028 693 3090 in
703 3028 795 3091 Verr.
810 3049 848 3114 17
864 3048 993 3114 :neque
1010 3026 1064 3089 hic
1082 3048 1188 3089 unum

124 3131 216 3195 Fabii
234 3130 378 3195 codicem
407 3148 527 3195 temere
550 3154 718 3219 sequerer,
743 3131 818 3196 licet
838 3131 906 3213 ejus
929 3131 1099 3195 lectionem
1120 3154 1187 3194 non

124 3236 319 3327 improbem.
333 3234 416 3302 Vide
431 3226 626 3300 Torrenium
643 3236 685 3300 ad
701 3235 769 3301 VaI.
784 3237 914 3301 Maxim.
931 3238 999 3318 III,
1017 3259 1054 3317 2,
1073 3234 1111 3317 8,
1132 3235 1188 3325 qui

125 3342 279 3408 adversus
295 3343 406 3408 decem
422 3342 548 3408 codices
563 3359 650 3407 recte
665 3341 810 3408 defendit
825 3344 959 3408 verbum
976 3343 1111 3422 dimoto,
1127 3364 1187 3430 pro

127 3471 194 3537 quo
207 3449 251 3513 illi
264 3449 405 3513 demoto:
420 3470 459 3511 ex
474 3469 572 3512 sensu
585 3446 718 3536 quidem
731 3448 776 3512 ibi
790 3472 798 3513 :
817 3447 885 3531 sed,
898 3466 936 3512 ut
948 3463 1116 3536 appareat,
1132 3468 1188 3509 co-

126 3554 214 3622 dices
229 3557 265 3620 in
279 3555 364 3620 hanc
379 3577 513 3643 quoque
529 3569 654 3644 partem
671 3577 802 3620 errasse.
817 3554 940 3620 Ganar.

443 3860 886 3892 -ψ
