3200 4768
317 361 388 445 aaa
549 426 554 450 ,
641 366 689 432 iu.
714 367 753 432 r.
777 367 1053 435 nicanorus

315 480 467 569 ibidem,
477 487 635 555 convivis
648 484 950 581 inspectantibus,
964 484 1180 558 emblemata
1193 454 1377 560 avellenda

313 608 457 665 curavit.

359 707 485 799 Neque
492 728 561 799 ego
568 727 667 773 nunc
677 704 777 774 istius
785 701 877 773 facta
887 708 1008 774 omnia
1018 729 1231 777 enumerare
1245 728 1376 794 conor3

312 835 430 908 neque
446 835 538 908 opus
559 826 630 899 est,
649 835 718 882 nec
730 811 809 883 fieri
826 813 902 883 ullo
921 811 1032 884 modo
1053 829 1183 911 potest.
1203 823 1377 888 Tantum·

312 921 423 993 modo
442 923 723 1019 uniuscujusque
741 922 787 992 de
804 928 899 993 varia
920 923 1150 1021 improbitate
1169 931 1310 1023 generis
1326 932 1379 998 in·

313 1030 405 1105 dicia
417 1030 513 1129 apud
528 1055 609 1116 vos,
627 1046 663 1101 et
675 1033 839 1130 exempla
855 1030 1023 1130 profero:
1038 1059 1157 1131 neque
1170 1037 1267 1106 enim
1280 1040 1329 1107 ita
1339 1062 1377 1107 se
1487 1052 1491 1063 '

313 1145 422 1241 gessit
437 1147 476 1213 in
488 1142 545 1214 his
561 1143 1067 1239 rebus,tamquamrationem
1083 1144 1276 1241 aliquando
1286 1159 1378 1217 esset

315 1252 541 1336 redditurum
564 1251 625 1323 sed
636 1275 785 1349 prorsus
803 1255 872 1340 ita,
888 1256 1062 1350 quasiaut
1079 1279 1161 1325 reus
1178 1278 1377 1351 numquam

317 1377 410 1435 esset
426 1358 585 1448 futurus,
603 1375 665 1433 aut
687 1386 761 1458 quo
789 1361 895 1459 plura
918 1356 1151 1452 abstulisset,⁸
1167 1389 1211 1435 eo
1237 1366 1379 1436 minore

318 1475 478 1572 periculo
496 1476 533 1542 in
555 1472 731 1567 judicium
748 1487 841 1544 esset
862 1472 1038 1544 venturus
1061 1502 1069 1544 ε
1098 1476 1163 1570 qui
1182 1474 1278 1561 haec,
1300 1498 1380 1572 quac

316 1584 414 1669 dico,
430 1585 504 1677 jam
521 1608 596 1654 non
612 1583 773 1669 occulte,
800 1607 874 1653 non
894 1608 960 1681 per
983 1587 1120 1655 amicos
1142 1599 1251 1681 atque
1270 1586 1380 1655 inter·

317 1706 454 1790 preter,
475 1691 539 1764 sed
565 1693 704 1791 palam,
725 1691 872 1763 deloco
894 1694 1082 1791 superiore
1097 1705 1147 1779 ¹⁰,
1174 1708 1295 1791 ageret
1316 1717 1382 1792 pro

317 1806 470 1901 imperio
488 1820 525 1876 et
540 1818 727 1902 potestate.

365 1919 495 1986 xxltt.
509 1915 670 1989 Catinam
689 1937 803 2009 quum
816 1915 991 1999 venisset,
1008 1912 1185 2011 oppidum
1204 1914 1382 2011 locuples,

316 2023 531 2109 honestum,
553 2026 762 2121 copiosum,
783 2022 1083 2119 Dionysiarchum
1103 2021 1147 2093 ad
1168 2047 1206 2094 se
1228 2044 1382 2119 proago-

317 2159 399 2205 rum
413 2146 438 2219 ¹,
459 2135 529 2205 hoc
547 2147 620 2219 est,
643 2157 825 2204 summum
840 2135 1107 2229 magistratum,
1122 2134 1243 2205 vocari
1257 2132 1362 2229 jubet
1375 2161 1382 2202 :

318 2246 352 2317 ei
373 2243 491 2343 palam
519 2248 687 2340 imperat,
714 2257 765 2313 ut.
783 2266 897 2315 omne·
919 2256 1128 2339 argentum,
1155 2243 1255 2338 quod
1286 2240 1385 2339 apud

320 2377 505 2448 quemque
522 2366 615 2421 esset
633 2353 784 2437 Catinae,
802 2351 1096 2447 conquirendum
1110 2367 1251 2423 curaret
1261 2386 1276 2440 ,·
1291 2367 1327 2422 et
1340 2350 1384 2422 ad

319 2457 907 2561 setransferendum3Philarcbum
916 2463 1213 2559 Centuripinum,
1227 2465 1384 2559 primum
1467 2526 1471 2535 .

320 2569 506 2639 hominem
535 2594 686 2665 genere,
713 2572 863 2656 virtute,
893 2575 1064 2668 pecunia,
1091 2597 1167 2642 non
1193 2571 1263 2641 hoc
1287 2570 1384 2640 idem

319 2681 479 2777 juratum
497 2677 615 2750 dicere
629 2677 792 2767 audistis,
812 2679 878 2750 sibi
897 2684 1005 2753 istum
1022 2683 1208 2776 negotium
1227 2679 1385 2765 dedisse,

322 2807 431 2887 atque
444 2790 693 2887 imperavisse,
708 2806 749 2877 ut
764 2792 1040 2887 Ceuturipiuis2,
1053 2792 1092 2859 in
1111 2794 1254 2863 civitate
1273 2794 1387 2863 totius

323 2901 448 2973 sicilie
465 2899 581 2970 multo
599 2903 751 2970 maxima
769 2914 805 2971 et
822 2900 1118 2997 locupletissima,
1135 2925 1243 2972 omne
1261 2924 1387 2997 argeu-

322 3028 401 3082 tum
424 3010 671 3107 conquireret,
694 3024 730 3080 et
751 3010 796 3080 ad
819 3018 855 3081 se
873 3013 1092 3109 comportari
1109 3011 1280 3108 juberet?
1299 3017 1388 3108 Agy-

324 3124 377 3190 rio
392 3119 554 3190 similiter
574 3122 672 3189 istius
687 3122 843 3216 imperio
858 3145 940 3192 vasa
954 3122 1139 3193 Corinthia
1158 3147 1224 3221 per
1240 3120 1389 3218 Apollo·

325 3230 469 3315 dorum,
480 3250 588 3324 quem
597 3242 726 3298 testem
734 3228 893 3318 audistis,
903 3231 1286 3329 Syracusasdeportata
1293 3243 1386 3299 sunt.

327 3473 369 3523 γ’·
385 3456 552 3512 ‘tumme
569 3470 703 3516 mm
723 3455 836 3509 bunum
878 3457 989 3518 pieton·
1010 3455 1111 3503 nominc
1126 3455 1214 3501 vm
1234 3452 1268 3498 sit
1286 3451 1389 3502 furam.

326 3538 429 3593 mcum,
449 3532 527 3585 uoluit
545 3534 598 3598 ipre
620 3536 702 3581 vacula
723 3533 835 3583 nimbus
914 3524 1391 3587 xxffl.1.1’roagorum.ormvox

327 3620 427 3667 domun
437 3625 554 3678 repetere.
563 3616 647 3675 tuque
659 3613 757 3667 duobm
769 3629 783 3661 e
794 3628 837 3677 po
879 3602 1018 3669 significans
1028 3618 1085 3653 eum
1098 3603 1140 3665 qui
1159 3601 1273 3665 princeps
1285 3612 1332 3658 esa,
1346 3602 1390 3665 qui

327 3698 389 3747 culis
397 3704 537 3745 ommate
549 3692 674 3743 avellenda
683 3694 788 3742 curavit.
837 3726 846 3739 ,
879 3685 973 3750 primus
983 3681 1056 3730 verba
1069 3682 1136 3731 facit.

359 3793 405 3825 ao.
417 3778 454 3825 oo
467 3775 483 3823 l.
495 3773 626 3839 ermom.
637 3776 670 3825 ll.
680 3791 702 3825 e.
715 3773 748 3823 de
760 3771 838 3821 tribu-
916 3779 940 3813 a.
957 3761 1124 3826 Caamn'srinis.
1135 3760 1266 3811 humaui
1278 3758 1392 3809 amenda-

282 3836 287 3845 ,
327 3851 837 3919 nlieuruomuipotcutimppoeatu.sslatc
880 3840 1392 3907 oreomapumultattssauctorium

328 3934 434 3994 dictum
451 3945 476 3982 st
493 3935 525 3982 ad
538 3935 656 3985 orationis
669 3929 837 3996 ampllfimtio-
881 3922 925 3973 ml
937 3937 1013 3985 quum
1028 3936 1079 3969 vox
1092 3920 1133 3968 illa
1145 3920 1223 3969 multo
1235 3918 1322 3967 molius
1335 3934 1390 3967 rum

327 4028 398 4070 mm,
418 4012 495 4060 multo
508 4015 585 4076 magia
603 4029 675 4074 quam
695 4011 727 4058 ad
750 4009 838 4057 ναίει-
881 4002 987 4065 linquae
1000 4009 1148 4064 aquantur,
1161 4010 1295 4063 congruat,
1308 3998 1392 4046 sorau

327 4102 376 4138 tem
386 4090 605 4148 accommodatum
625 4088 735 4152 qumis
749 4088 838 4151 sapias
881 4078 1098 4129 erutadmittcnda.
