3186 4772
369 480 423 551 ru
447 480 657 550 vanarn
681 481 787 549 aar.
811 481 867 566 11,
892 480 985 550 ma.
1010 481 1076 550 lv,
1177 473 1247 576 275

186 603 396 677 Sacerdotes
408 614 603 685 vocantur3
617 624 662 670 ex
675 598 730 670 bis
744 603 915 697 quaeritur
927 614 1065 671 secreto
1079 605 1117 671 in
1132 603 1249 688 curia,

190 713 280 811 quid
303 726 396 785 esset
417 709 569 798 factum,
592 708 898 807 quemadmodum
921 709 1180 781 arbitrarentur
1202 714 1250 781 si·

190 849 302 927 gnum
321 847 397 894 esse
419 820 589 892 ablatum.
612 819 847 918 Respondent
868 819 952 905 illae,
975 821 1135 915 praetoris
1154 821 1191 890 in
1208 846 1252 891 eo

191 935 272 1005 loco
291 956 411 1004 servos
432 955 508 1002 esse
529 931 646 1001 visos:
662 955 736 1017 res,
761 955 841 1027 quae
861 944 953 1000 esset
969 929 1044 1023 jam
1059 943 1162 999 antea
1177 955 1254 1001 nou

189 1043 343 1115 obscura
355 1096 364 1129 ‚
378 1039 605 1112 sacerdotum
618 1040 825 1111 testimonio
839 1040 1027 1137 perspicua
1040 1058 1116 1108 esse
1131 1041 1253 1135 coepit.

190 1158 269 1227 Itur
290 1154 327 1222 in
351 1152 564 1238 consilium;
584 1174 706 1221 servus
725 1149 785 1221 ille
803 1150 978 1219 innocens
990 1145 1162 1218 omnibus
1176 1172 1257 1218 seu-

190 1265 313 1335 tentiis
341 1259 557 1348 absolvitur,
586 1284 661 1357 quo
692 1259 829 1331 facilius
862 1280 927 1330 vos
958 1258 1057 1328 bunc
1086 1256 1258 1328 omnibus

192 1371 378 1444 sententiis
401 1369 642 1440 condemnare
664 1370 825 1467 possetis.
849 1369 946 1461 Quid
967 1368 1064 1439 enim
1080 1366 1258 1465 postulas,

193 1480 352 1553 Verres?
377 1477 465 1575 quid
490 1480 634 1575 speras?
659 1477 749 1574 quid
774 1479 938 1574 spectas?
966 1501 1078 1575 quem
1105 1475 1172 1547 tibi
1196 1489 1260 1546 aut

194 1589 369 1674 deorum,
387 1602 449 1657 aut
470 1587 658 1657 bominum
678 1587 811 1657 auxilio
832 1601 936 1684 putas
956 1586 1261 1658 futurumillone

195 1713 236 1770 tu
259 1721 380 1768 servos
401 1695 446 1766 ad
469 1696 697 1791 spoliandum
719 1694 843 1766 fanum
866 1697 1058 1767 immittere
1079 1720 1187 1766 ausus
1202 1696 1263 1781 es,

196 1832 272 1905 quo
291 1806 423 1877 liberos
441 1804 559 1893 adire,
576 1830 621 1877 ne
640 1806 767 1877 orandi
787 1806 935 1903 quidem
957 1829 1082 1895 causa,
1097 1804 1148 1876 fas
1162 1805 1264 1875 erat?

198 1918 301 1988 bisne
326 1914 435 1986 rebus
459 1940 587 1986 manus
614 1914 741 1987 allerre
767 1941 843 1987 non
868 1915 1060 2005 dubitasti,
1084 1942 1104 1986 a
1128 1914 1264 2012 quibus

198 2027 306 2099 etiam
328 2026 453 2096 oculos
474 2024 647 2098 cohibere
672 2041 708 2097 te
728 2027 944 2124 religionum
961 2027 1043 2121 jura
1065 2023 1266 2127 cogebant?

199 2135 340 2207 tametsi
367 2159 413 2205 ne
435 2135 550 2206 oculis
575 2134 723 2232 quidem
745 2133 895 2231 captus⁶
919 2138 957 2204 in
984 2135 1077 2204 hanc
1099 2131 1265 2203 fraudem

198 2260 271 2317 tam
300 2244 507 2315 sceleratam
532 2269 574 2316 ac
597 2259 672 2315 tam
695 2242 866 2314 nefariam
894 2241 1057 2314 decidisti
1084 2270 1092 2311 ε
1119 2266 1202 2311 nam
1227 2240 1266 2312 id

200 2354 423 2451 concupisti,
452 2353 553 2450 quod
585 2376 787 2452 numquam
816 2353 977 2441 videras3
1008 2352 1063 2441 id,
1094 2353 1266 2447 iuquam,

201 2463 395 2551 adamasti,
424 2462 525 2559 quod
554 2477 659 2535 antea
689 2489 765 2535 non
795 2463 1024 2561 adspexeras3
1051 2459 1198 2533 auribus
1226 2475 1267 2530 tu

200 2589 336 2647 tantam
356 2570 592 2671 cupiditatem
617 2575 833 2671 concepisti,
861 2587 902 2644 ut
924 2596 1002 2643 earu
1028 2597 1103 2643 non
1128 2585 1266 2658 metus,

204 2710 279 2755 non
301 2684 445 2781 religio,
468 2708 543 2753 non
570 2681 722 2754 deorum
745 2685 815 2770 vis,
838 2708 913 2754 nou
935 2682 1125 2753 bominum
1146 2681 1266 2751 existi·

203 2794 314 2861 matio
331 2793 541 2863 contineret.
560 2796 606 2862 At
624 2818 668 2864 ex
686 2794 763 2863 viro
778 2791 877 2863 bono
891 2792 1073 2876 audieras,
1089 2788 1215 2873 cred0‚
1231 2803 1268 2859 et

205 2900 305 3001 bono
326 2913 481 2971 auctore.
503 2903 577 2991 Qui
599 2902 637 2973 id
657 2918 782 3000 potes,
806 2903 869 2999 qui
890 2926 937 2972 ne
954 2924 999 2971 ex
1019 2902 1097 2970 viro
1118 2897 1267 2996 quidem

206 3007 330 3079 audire
352 3011 534 3105 potueris?
557 3010 694 3083 Audisti
715 3013 888 3108 igiturex
908 3010 1075 3098 muliere,
1094 3009 1268 3107 quoniam

207 3117 243 3189 id
263 3118 329 3188 viri
344 3142 464 3213 neque
482 3117 630 3207 vidisse,
653 3145 773 3216 neque
791 3145 894 3193 nosse
916 3135 1096 3217 poterant.
1116 3117 1271 3211 Qualem

208 3252 318 3326 porro
339 3226 438 3297 illam
464 3223 634 3296 seminam
655 3225 770 3299 suisse-
790 3231 941 3325 putatis,
967 3230 1136 3327 judices?
1161 3244 1271 3325 quam

209 3338 397 3436 pudicam,
419 3362 499 3434 quae
520 3360 603 3406 cum
618 3340 729 3408 Verre
751 3340 982 3437 loqueretur?
1000 3366 1109 3438 quam
1127 3343 1271 3438 religio-

210 3472 302 3533 sam,
323 3472 404 3544 quae
424 3447 567 3519 sacrarii
589 3446 767 3545 spoliandi
785 3449 991 3521 ostenderet
1009 3452 1207 3522 rationem?
1226 3456 1271 3520 lt

247 3698 271 3746 6,
279 3698 317 3744 Ne
325 3697 401 3746 oculis
410 3697 508 3762 quidem
516 3711 608 3762 captas.
619 3702 718 3761 Quanta
762 3702 842 3747 mnus
860 3701 986 3750 ferendam
1006 3716 1078 3765 qaam
1091 3712 1220 3764 pretorem
1232 3716 1274 3763 po-

212 3775 284 3823 luerit
296 3776 379 3824 Verris
391 3777 495 3824 amentia
508 3776 653 3840 audaciaque
674 3778 719 3825 de·
763 3778 817 3843 puli
828 3781 921 3826 romani
933 3780 961 3827 in
974 3781 1056 3827 omnia
1066 3778 1155 3826 scelera
1166 3779 1275 3837 irruere,

213 3866 330 3903 monstrat
341 3867 437 3913 orator,
449 3858 491 3917 qui
500 3872 527 3904 aa
537 3855 569 3902 ad
577 3856 655 3903 scelus
669 3867 721 3904 tan·
764 3856 832 3921 quod
842 3858 938 3920 rignum
948 3857 1086 3921 perlectum
1095 3874 1147 3905 eane
1155 3856 1274 3916 audierit3

215 3943 265 3980 turn
277 3950 327 3981 non
345 3934 425 3997 speeie
435 3934 499 3997 signi
512 3933 580 3996 quod
592 3933 722 3983 adnurm-
766 3952 811 3985 nec
830 3934 941 3984 dubitare
953 3935 1126 3985 mem-inam
1145 3937 1214 3984 deam
1225 3953 1277 3985 nou

215 4022 268 4073 tur,
279 4011 425 4061 sudantum
439 4028 534 4061 minora
546 4013 686 4072 boninum,
698 4024 723 4062 et
766 4014 985 4068 mananimoaod
992 4025 1096 4064 etnanu
1104 4016 1277 4073 contaminare,

217 4090 278 4137 fama
298 4091 437 4140 accinxerit.
450 4092 605 4140 viridissime
623 4094 722 4141 Verrem
766 4094 881 4159 quoniam
890 4094 1019 4160 impudicae
1027 4094 1135 4143 mulieris
1144 4095 1282 4143 verbisaui·

216 4171 334 4234 exagitat5
350 4187 405 4221 nam
418 4171 479 4234 quid
488 4171 595 4220 iusanius
605 4184 653 4231 eat,
663 4172 724 4236 qaid
767 4189 821 4221 mua
835 4174 967 4239 cupiditate
977 4176 1060 4224 insana
1071 4185 1108 4223 est
1116 4174 1248 4223 numnam?

1109 4261 1161 4328 18,
