3148 4780
384 389 436 458 ni
463 391 679 464 vannum
703 398 807 467 lcr.
835 402 892 484 11,
916 404 1008 474 Lm.
1030 409 1071 476 v.
1132 364 1136 371 ’
1183 410 1253 484 385

197 530 331 577 nomen
348 510 539 605 attingunt.
556 516 587 582 Ο
603 512 652 583 dii
671 520 908 593 immortales!
928 524 1039 620 quid?
1056 526 1108 599 si⁵
1124 529 1254 604 barum

198 617 355 713 ipsarum
373 620 554 690 civitatum
575 622 768 716 militibus,
785 629 952 720 navibus,
972 636 1170 729 navarchis,
1193 647 1254 739 sy·
1362 632 1367 645 ⁸

195 750 388 799 racusanus
406 730 739 830 Cleomenesjussus
757 753 811 809 est
830 741 1024 838 imperare,
1043 770 1119 817 non
1134 755 1252 825 omnis

197 834 315 908 honos
327 837 372 909 ab
387 839 454 911 isto
469 839 666 938 dignitatis,
685 851 879 942 aequitatis,
897 850 1080 951 officiique
1093 857 1253 935 sublatus

196 948 268 1015 est?
280 949 428 1044 Ecquod
452 952 488 1020 iu
508 951 625 1023 Sicilia
645 953 779 1027 bellum
802 961 996 1057 gessimus,
1016 970 1104 1061 quin
1123 972 1254 1042 Centu-

194 1056 320 1152 ripinis
337 1060 458 1146 sociis,
476 1064 706 1156 Syracusanis
728 1067 893 1143 hostibus
908 1076 1115 1146 uteremur?
1135 1081 1253 1177 Atque
1277 1098 1280 1105 “

194 1161 398 1239 haecomnia
411 1167 456 1238 ad
469 1170 703 1243 memoriam6
717 1180 916 1269 vetustatis,
933 1206 1007 1252 non
1015 1182 1060 1255 ad
1070 1201 1253 1259 contume-

194 1271 275 1342 liam
300 1277 450 1347 civitatis
465 1276 591 1348 referri
609 1282 702 1353 volo.
725 1288 850 1383 Itaque
869 1289 928 1361 ille
948 1293 1002 1361 vir
1020 1293 1253 1387 clarissimus,

192 1407 428 1481 summusque
444 1389 657 1484 imperator,
679 1395 728 1463 M.
756 1397 967 1487 Marcellus,
993 1401 1095 1495 cujus
1120 1405 1253 1479 virtute
1336 1456 1342 1481 ι

193 1506 320 1587 captae,
339 1496 583 1568 misericordia
601 1518 817 1573 conservatae
838 1523 923 1578 sunt
940 1514 1133 1606 Syracusae,
1150 1514 1252 1587 habi-

194 1614 267 1670 tare
277 1613 297 1656 ⁷·
308 1605 344 1671 in
363 1627 404 1673 ea
422 1619 523 1699 parte
540 1605 659 1695 urbis,
679 1634 759 1705 quae
776 1615 892 1686 insula
907 1633 975 1704 est,
994 1623 1251 1714 Syracusanum

120 1722 121 1726 ’
191 1715 372 1781 neminem
395 1714 517 1785 voluit.
534 1715 667 1805 Hodie,
689 1720 854 1816 inquam,
871 1729 1132 1822 Syracusanum
1150 1736 1188 1806 in
1211 1761 1253 1808 ea

191 1834 292 1915 parte
316 1820 478 1893 babitare
498 1849 574 1895 nou
598 1825 707 1897 licet:
733 1846 786 1899 est
806 1835 902 1907 enim
923 1835 1043 1925 locus,
1065 1864 1175 1936 quem
1195 1844 1252 1915 vel

190 1933 295 2024 pauci
329 1946 481 2028 possunt
516 1932 721 2008 defendere.
757 1944 987 2017 Committere
1023 1949 1131 2043 igitur
1167 1977 1251 2023 eum

181 2061 263 2108 non
293 2036 505 2111 fidelissimis
531 2041 741 2116 hominibus
763 2049 903 2122 noluit:
927 2050 1060 2125 simul8
1081 2058 1181 2154 quod
1203 2060 1249 2132 ab

188 2144 248 2217 illa
270 2164 371 2243 parte
398 2147 499 2220 urbis
524 2151 678 2223 navibus
707 2152 824 2226 aditus
845 2182 890 2228 ex
912 2162 985 2230 alto
1020 2179 1084 2234 est.
1112 2169 1247 2258 Quam·

189 2253 315 2327 obrem
338 2261 402 2355 qui
426 2274 572 2332 nostros
603 2264 781 2334 exercitus
807 2290 900 2363 saepe
932 2268 1174 2364 excluserant,
1208 2277 1250 2347 iis

188 2364 340 2438 claustra
354 2367 423 2439 loci
442 2370 697 2442 committenda
718 2364 797 2444 nori
814 2377 1036 2449 existimavit.
1204 2452 1212 2464 ,

236 2479 342 2569 Vide,
359 2479 447 2576 quid
475 2482 638 2551 intersit⁹
655 2483 750 2554 inter
780 2499 878 2557 tuam
900 2485 1107 2580 libIdinem,
1129 2497 1242 2590 majo·

185 2608 339 2683 rumque
374 2590 644 2678 auctoritatem
680 2595 773 2667 inter
810 2618 970 2668 amorem
1010 2595 1243 2700 furoremque
1284 2634 1289 2643 ·

186 2707 310 2784 tuum,
339 2711 375 2768 et
407 2697 551 2768 illorum
576 2702 767 2772 consilium
792 2718 901 2801 atque
922 2703 1159 2802 prudentiam.
1187 2714 1244 2784 Illi

185 2800 321 2873 aditum
338 2804 450 2878 litoris
465 2811 692 2905 Syracusanis
714 2810 946 2901 ademerunt,
965 2828 1005 2884 tu
1022 2820 1242 2892 maritimum

185 2912 375 3010 imperium
391 2920 595 2990 concessisti
612 2946 621 2989 ε
637 2920 687 2991 illi
705 2920 867 2993 habitare
881 2925 919 2992 in
935 2945 980 2991 eo
997 2921 1077 2996 loco
1095 2930 1243 3022 Syracu·

221 3073 245 3120 5.
261 3072 344 3137 Quid?
352 3074 376 3122 si
387 3073 480 3125 Ιιαηιηι.
493 3076 560 3139 Quid
572 3077 603 3126 do
616 3081 690 3126 Verre
733 3038 813 3138 bello,
827 3079 896 3143 qnod
908 3081 935 3128 in
944 3080 1025 3130 Sicilia
1032 3094 1126 3147 gestum
1134 3097 1188 3148 est,
1201 3106 1240 3140 ιο.

184 3151 368 3200 existimandum
379 3155 435 3209 ent,
448 3155 559 3202 sinonno
566 3154 646 3218 pulum
654 3167 690 3204 est
733 3158 777 3205 ciis
788 3158 895 3222 populus
906 3174 1019 3209 romanus
1028 3178 1086 3210 naus
1094 3173 1137 3212 ost.

1 3205 3 3212 '
78 3226 83 3233 ·
183 3229 689 3281 nmmasmnsmmnumasomm
767 3236 792 3285 s.
806 3237 959 3286 necoda.
972 3241 1239 3310 mequenacegoaa

121 3320 125 3325 ·
184 3308 329 3374 dr'gnitatr's?
343 3309 475 3373 Indignum
489 3319 526 3358 eat
539 3310 603 3357 enim
621 3311 689 3360 classi
731 3317 983 3367 memoriam-‚Nu
999 3321 1025 3369 L.

76 3386 99 3457 ,Ι
182 3388 270 3451 popul,
279 3388 372 3436 romi
384 3388 618 3437 dentumhominflffl
629 3405 687 3453 pra.
768 3411 791 3455 ⁷·
813 3395 994 3444 Habitare...
1012 3400 1131 3449 nemmem
1152 3403 1240 3456 votuit.

183 3469 418 3532 essa-Equitatr's.
428 3469 490 3518 Nom
499 3470 688 3518 sihominisico·
730 3473 797 3521 Cur?
812 3475 869 3537 quin
878 3476 921 3538 qni
936 3475 1000 3523 illam
1014 3488 1106 3540 partem
1118 3481 1186 3529 urbis
1201 3494 1237 3531 te·

181 3545 687 3612 lo‚ocrtoSegestanopotius,antCmtnri·
729 3562 832 3611 nuent,
851 3553 878 3599 in
891 3568 974 3600 eornm
991 3565 1135 3618 potestatem
1151 3559 1236 3608 urbem

182 3625 255 3688 pino,
271 3641 343 3690 quarn
358 3629 522 3692 Syracusano,
536 3626 687 3675 mandandus
730 3628 835 3677 sumum
844 3629 1002 3693 intelligebat.

87 3706 92 3716 ⁴
182 3703 261 3752 bonos
272 3705 334 3768 fnit,
344 3707 402 3770 quin
414 3722 447 3755 ear
460 3707 585 3768 civiutoe,
596 3707 686 3770 quaein
765 3708 789 3755 8.
804 3706 886 3755 Simul.
896 3708 927 3753 Et
937 3706 970 3754 ob
980 3706 1044 3754 hanc
1052 3707 1150 3757 alteram
1162 3714 1237 3760 ratio·

181 3783 285 3831 amicitia
296 3782 392 3848 fldsqire
399 3785 487 3851 populi
498 3786 591 3833 romani
601 3801 687 3850 perpe-
730 3799 800 3842 nam,
812 3786 869 3847 quin
885 3795 971 3847 portus
979 3783 1014 3831 ibi
1027 3796 1071 3834 ert.
1080 3812 1115 3823 -
1125 3789 1168 3836 Ea.-
1175 3790 1236 3841 alto,

182 3872 225 3909 tuo
242 3874 396 3926 manserunt,
414 3865 513 3913 omnino
533 3864 687 3928 pracferenda
731 3861 839 3911 Subnnd.
849 3862 921 3917 mari.

181 3950 237 3987 sunt
255 3942 286 3989 iis
299 3958 353 4006 qno
365 3946 436 3991 armis
448 3926 519 3993 victe
530 3944 638 3993 fuerunt.
652 3970 688 3981 -
766 3957 790 4004 9.
806 3939 868 3988 Vide
882 3938 944 4003 quid
952 3939 1053 4011 rittersie.
1067 3942 1155 3991 Acrior
1168 3944 1196 3995 lit
1207 3966 1238 3999 a:

182 4019 270 4085 Officil
287 4023 350 4070 rum
368 4021 452 4071 reicrri
469 4024 569 4087 gratiam
587 4022 688 4071 dooebm
731 4018 910 4085 comparatione
920 4017 1082 4084 reprehensio.
1089 4020 1120 4069 Et
1128 4025 1240 4078 multain

179 4095 218 4143 bis
230 4097 289 4160 ίμίι
301 4099 455 4158 civitatibus,
471 4101 559 4163 quibus
577 4100 604 4149 in
619 4100 688 4149 omni
731 4097 1021 4159 Verrinejutmodiloca
1031 4099 1143 4162 reperim

254 4186 299 4251 ll
323 4201 366 4247 cte.
374 4217 429 4261 pars
440 4203 548 4249 mcum.
1051 4181 1096 4253 25
