3200 4768
263 289 335 365 206
586 293 634 360 M.
660 292 698 358 T.
725 290 1029 372 CICERONIS(

264 411 408 483 cuniam
425 420 675 506 anteponeret.
701 411 794 480 Sunt
817 408 912 479 ista:
935 421 1187 480 cerumtamen
1208 408 1325 482 abdu-

263 535 397 593 cuntur
413 518 579 589 homines
594 542 871 615 nonnumquam
886 521 992 591 etiam
1006 518 1051 589 ab
1070 521 1243 592 institutis
1253 523 1327 593 suis

264 628 511 730 magnitudine
524 632 695 727 pecuniae.
710 627 920 719 Videamus,
938 644 1074 727 quanta
1090 633 1157 700 ista
1173 632 1328 728 pecunia

265 736 390 830 luerit,
406 763 485 836 quae
505 739 664 835 potuerit
679 741 825 826 Heium,
843 737 1029 809 hominem
1048 743 1202 810 maxime
1223 740 1327 811 locu·

265 851 419 947 pletem,
447 849 594 917 minime
609 870 772 936 avarum,
786 845 832 918 ab
845 847 1070 921 humanitate
1087 851 1122 938 ⁴,
1142 874 1163 919 a
1176 851 1327 946 pietate,

265 957 312 1030 ab
332 958 505 1054 religione
526 954 716 1031 deducere.
738 961 794 1029 lte
811 957 964 1052 jussisti,
983 958 1130 1055 opinor,
1152 961 1271 1056 ipsum
1289 960 1327 1029 in
1426 1010 1432 1019 ‚
1512 1006 1516 1014 -
1574 974 1575 983 ¹

265 1067 407 1139 tabulas
421 1065 555 1137 referre
572 1092 581 1135 ε
599 1097 616 1131 α
628 1072 709 1137 Haec
730 1069 851 1137 omnia
868 1070 969 1163 signa
988 1068 1189 1155 Ptaxitelis‚
1209 1072 1328 1164 Myro-

266 1208 283 1242 «
296 1180 369 1266 uis,
382 1174 574 1270 Polycleti,
591 1174 799 1247 H·Sv1mill.
817 1189 854 1247 et
868 1200 892 1246 n
903 1172 1029 1248 ⁵Ve1ri
1047 1177 1193 1250 vendita
1207 1193 1326 1249 sunt».

267 1284 418 1360 Recita⁶
437 1311 482 1357 ex
500 1285 643 1356 tabulis
658 1289 811 1358 Turnum
827 1290 919 1358 Heu.
934 1292 1038 1358 Juvat
1051 1313 1128 1377 me,
1148 1287 1224 1359 haec
1236 1312 1326 1385 prae·
1341 1356 1344 1362 .

266 1397 360 1470 clara
387 1399 536 1467 nomina
553 1393 746 1481 artificum,
765 1419 847 1492 quae
875 1396 957 1467 isti⁷
974 1397 1018 1467 ad
1038 1397 1162 1468 caelum
1186 1395 1327 1483 ferunt,

267 1505 686 1577 Verrrsaesumatronesrc
698 1505 906 1584 concidisse
919 1505 1136 1603 Cupidinem
1148 1488 1331 1578 Pruxitelis

267 1620 317 1693 H·
319 1620 342 1688 S
362 1639 392 1686 u
408 1612 470 1687 nc!
489 1611 655 1686 Profecto
674 1614 760 1685 hinc
783 1629 909 1685 natum
931 1629 1008 1688 est:
1022 1616 1151 1688 «Malo
1169 1611 1330 1705 emere⁸‚

268 1747 406 1821 equam
424 1746 589 1819 rogarer
641 1782 645 1787 .

316 1839 394 1904 VII.
419 1836 524 1904 Dicet
540 1831 693 1939 aliquis:
715 1831 837 1924 Quid?
857 1846 899 1904 tu
921 1834 988 1906 ista
1015 1812 1210 1933 permagno
1237 1837 1330 1929 resti·¹

270 1945 367 2016 mas?
383 1947 459 2039 Ego
475 1966 563 2015 vero
577 1941 621 2012 ad
636 1965 752 2012 meam
765 1946 943 2015 rationem
957 1968 1138 2042 usumque
1153 1971 1227 2016 non
1242 1947 1331 2017 aesti·

269 2079 354 2127 mo:
374 2067 624 2124 verumtamen
639 2075 659 2122 a
645 2032 815 2125 vobis
806 2068 855 2125 rta
881 2052 1036 2125 arbitror
1052 2056 1205 2151 spectari
1223 2079 1331 2153 opor·

269 2178 362 2248 tere,
383 2152 511 2259 quanti
539 2160 615 2232 haec
644 2186 773 2233 eorum
803 2161 961 2257 judicio,
986 2165 1051 2259 qui
1078 2164 1227 2237 studiosi
1247 2180 1334 2237 sunt
1369 2174 1374 2179 ’

271 2272 399 2342 harum
421 2295 561 2357 rerum,
591 2271 831 2359 aestimentur3
865 2273 994 2369 quanti
1019 2274 1144 2346 venire
1171 2275 1334 2359 soleant3

270 2380 397 2476 quanti
414 2378 489 2449 haec
505 2379 599 2475 ipsa,
616 2382 645 2450 si
664 2381 781 2476 palam
801 2381 988 2479 libereque
1007 2384 1192 2473 venirent,
1209 2388 1334 2455 venire

270 2502 436 2587 possent;
454 2487 612 2585 denique
640 2491 717 2585 ipse
732 2494 861 2564 Verres
886 2496 1013 2588 quanti
1041 2498 1201 2566 aestimet.
1224 2496 1333 2565 Num·

271 2622 380 2695 quam
411 2599 531 2687 enim,
560 2600 592 2669 si
620 2596 775 2673 denariis
802 2601 1093 2701 quadringentis¹
1118 2604 1333 2701 Cupidinem

306 2750 331 2798 t.
345 2741 735 2795 Humanitotefflumnurnenim
745 2751 782 2789 ost
824 2743 932 2792 eivitatir
952 2746 1072 2807 alienum,
1088 2747 1155 2811 quod
1177 2755 1229 2794 orat
1248 2746 1336 2810 ingens

269 2820 308 2869 hia
324 2820 400 2884 signia
409 2819 537 2879 delectari.
551 2847 587 2858 -
601 2820 707 2869 Pietate.
719 2823 781 2884 Erga
825 2822 991 2873 dissolvendo.
1007 2852 1042 2864 -
1054 2827 1106 2873 HS
1117 2841 1139 2872 rr
1150 2840 1190 2874 nc.
1202 2826 1253 2873 328
1268 2826 1299 2874 fr.

271 2911 395 2963 neantes,
402 2915 417 2946 ι
426 2898 516 2962 quibus
525 2897 584 2945 deos
592 2898 649 2946 illos
659 2909 781 2961 umquam
847 2946 849 2951 ,
861 2903 885 2949 8.
897 2886 966 2951 Maio
978 2919 1064 2952 emere.
1076 2904 1149 2952 Nulla
1160 2920 1212 2962 res,
1221 2905 1257 2953 ait
1265 2907 1337 2954 Sene-

271 2978 429 3027 hereditatem
450 2988 582 3040 receperat.
593 3003 628 3014 -
645 2976 781 3042 Relrkr'one.
826 2998 855 3030 on
869 2981 900 3028 de
916 2981 975 3030 Bon.
991 2984 1019 3044 1,
1033 2982 1112 3031 ordor
1132 2993 1242 3041 constat,
1262 2999 1336 3046 quarn

271 3059 302 3106 ln
314 3058 445 3105 securium
463 3054 541 3113 illud,
563 3054 630 3118 quod
648 3070 782 3119 numquam
825 3076 881 3125 qun
890 3062 1003 3124 precibus
1014 3072 1095 3126 empta
1112 3071 1157 3111 eat.
1180 3062 1241 3109 Inde
1252 3073 1336 3110 narum

273 3134 375 3183 deornm
394 3135 447 3194 ejus
461 3132 607 3198 imagiru'bna
626 3133 782 3198 rpolirndum
825 3139 888 3188 illud
901 3140 1071 3206 proventum,
1085 3141 1151 3189 mab
1164 3135 1250 3200 vemere,
1262 3158 1294 3189 ex
1306 3140 1336 3188 iis

272 3214 412 3263 curavisset.
826 3220 871 3284 qul
890 3231 986 3285 gravate
999 3220 1093 3278 lerunt,
1111 3218 1204 3282 aliquid
1226 3220 1337 3283 rogando

311 3294 334 3343 5.
345 3293 402 3341 Μ
409 3305 435 3339 vt
449 3290 509 3341 mill.
523 3301 547 3338 ot
557 3306 583 3338 n.
596 3291 671 3349 nata
684 3290 703 3339 s·
714 3290 747 3339 50
759 3307 781 3342 c.
827 3297 945 3347 obtinere.
955 3297 1070 3346 Jueunde
1080 3300 1174 3346 veroin
1183 3301 1283 3346 Verrem
1296 3298 1337 3345 do·

309 3372 335 3419 6·
356 3369 447 3417 th'la·
461 3371 520 3417 P⁰⁸l
537 3368 586 3417 ¹10⁰
597 3368 714 3427 verbum,
727 3370 783 3420 ⁰⁰d·
827 3388 920 3425 tortum
932 3386 982 3434 eet,
996 3374 1061 3421 uude
1070 3387 1152 3423 natum
1161 3377 1224 3425 illud
1234 3378 1337 3434 dicisum

274 3465 324 3513 reg.
338 3448 412 3497 habet
422 3447 465 3497 sed
475 3446 564 3497 ntulit.
828 3455 860 3502 iu
869 3453 933 3502 enim
947 3452 989 3498 vill
1002 3453 1082 3516 prurio
1095 3456 1162 3518 signa
1175 3456 1216 3503 illa
1230 3458 1300 3515 emit,
1309 3466 1339 3504 ut

310 3547 335 3590 7.
349 3529 410 3591 Qua
430 3526 478 3576 isti.
494 3527 516 3575 li
533 3526 626 3576 scilicet
639 3527 686 3590 'qui
697 3527 783 3576 berun
827 3533 909 3581 nullus
924 3532 956 3579 sit
967 3531 1011 3594 qui
1027 3546 1076 3581 uon
1089 3533 1157 3581 malit
1169 3551 1195 3582 ea
1210 3536 1245 3582 aio
1259 3549 1339 3583 eruero

274 3634 354 3666 rerum
367 3615 449 3665 studio
463 3625 583 3663 tenentur.
593 3615 671 3662 Totus
681 3613 723 3662 hie
740 3631 785 3680 per
827 3627 899 3677 quom
912 3627 926 3657 ι
940 3609 1042 3658 domino
1059 3626 1152 3681 rogare.

273 3697 376 3745 ironiam
383 3696 454 3747 locus
465 3695 553 3758 agitur.
566 3694 659 3743 Notum
676 3695 741 3742 enim
752 3711 784 3742 ex
862 3693 921 3739 Vll.
932 3708 953 3740 1.
961 3690 1076 3739 Denariis
1086 3692 1275 3756 quadringentis.
1280 3696 1339 3742 Haec

275 3774 355 3823 Plinio
366 3785 391 3823 ot
402 3775 468 3833 aliis,
477 3774 561 3839 quanti
574 3773 616 3822 illa
630 3790 715 3838 μοι
725 3773 785 3821 artis
828 3771 938 3836 pecunie
951 3787 1043 3821 summe
1062 3772 1146 3819 eadem
1159 3783 1196 3820 est
1215 3786 1244 3818 ac
1264 3787 1338 3834 aupe-

275 3853 388 3900 mineuh
399 3855 582 3902 ntimreutur.
590 3855 709 3902 Venerem
720 3854 785 3900 enim
829 3851 895 3908 rior,
906 3866 961 3913 quie
974 3851 1000 3899 in
1014 3852 1128 3899 numm
1146 3850 1242 3899 redaeu
1253 3851 1339 3898 fuerat.

275 3929 383 3991 ejusdem
399 3930 525 3979 Praxitelis
547 3947 590 3979 rex
608 3931 755 3981 Nicomedes
771 3945 786 3975 a
830 3930 987 3977 -Pncmsee
1000 3930 1108 3979 Suband.
1121 3928 1188 3988 ease,
1201 3945 1253 3976 non
1261 3927 1339 3994 pluris

205 4063 208 4067 ,
276 4008 371 4059 Cnidiis
389 4010 490 4056 mereari
506 4010 634 4072 voluerat,
654 4021 733 4057 totum
752 4023 785 4055 ree
828 4007 917 4059 valere.
