3016 4774
316 407 391 480 606
627 410 906 481 EXCURSUS
931 410 1073 481 XXIV.

316 533 397 598 sime
414 528 629 595 mentiretur?
645 530 742 595 Hunc
761 531 862 620 igitur
880 531 989 595 locum
1008 529 1204 596 mendosum
1221 554 1315 598 esse
1334 555 1451 598 oon·

317 635 433 719 teudo,
456 640 554 724 atque
577 637 621 701 ita
644 636 818 727 legendum
843 659 851 702 :
872 668 885 693 ι
901 639 1103 702 Caesenniam
1126 637 1337 726 possedisse
1361 662 1448 729 per·

316 743 473 807 colonum
488 765 556 806 non
574 764 672 832 negas
686 773 699 799 ι
712 765 721 806 :
735 744 788 808 cui
804 741 1000 823 conjecturae
1014 757 1207 832 argumento
1224 761 1323 810 sunt
1344 745 1437 827 illa,

314 873 388 939 qum
403 866 482 915 sunt
500 872 597 940 supra
614 873 683 914 non
704 851 801 940 longe
817 873 836 915 a
852 850 1014 940 principio
1036 851 1070 914 in
1087 852 1158 940 ipsa
1179 853 1433 918 narratione:

315 988 328 1014 ι
339 957 504 1023 Censennia
522 955 662 1022 fundum
682 956 847 1045 possedit,
865 956 1087 1046 locavitque»,
1104 973 1138 1021 et
1150 980 1223 1045 quae
1242 961 1429 1047 proxime

316 1081 511 1153 sequuntur,
526 1063 585 1151 qui
595 1060 737 1144 colonus,
752 1078 812 1127 etc.
825 1065 994 1153 ante,qui,
1011 1059 1230 1146 debetscribi,
1242 1086 1421 1147 comma,

315 1170 381 1235 ltoc
398 1186 493 1259 pacto
504 1191 535 1232 :-
545 1168 746 1232 Caesenniam
757 1166 938 1256 possedisse
953 1190 1013 1257 per
1025 1167 1179 1233 colonum
1193 1191 1266 1232 non
1279 1192 1419 1259 negas:

316 1277 375 1366 qui
386 1277 522 1341 colonus
537 1274 654 1338 babuit
667 1271 869 1338 conductum
880 1273 922 1338 de
933 1273 1099 1338 Caesennia
1110 1272 1253 1338 fundum
1262 1306 1289 1340 ι.
1298 1275 1418 1340 Unde

316 1383 417 1473 igitur
435 1382 505 1446 bec
520 1379 662 1461 verba,«
649 1395 808 1467 «propter
828 1381 1120 1461 usumfructum,
1141 1395 1215 1444 nata
1233 1381 1353 1445 sunt?
1367 1404 1412 1446 ex

316 1487 581 1554 adnotatiuncula
593 1484 735 1549 hominis
752 1483 948 1550 semidocti.
967 1508 1039 1573 quoe
1051 1427 1183 1550 tandem
1196 1508 1216 1549 a
1233 1487 1412 1607 scriptore

316 1593 472 1660 librario
463 1614 497 1655 tn
514 1605 705 1655 contextum
717 1592 873 1656 orationis
885 1592 983 1656 relata
996 1608 1093 1673 sunt,
1107 1591 1146 1655 iis
1157 1591 1309 1677 rejectis,
1324 1617 1409 1682 quat

316 1697 479 1765 Ciceronis
495 1713 597 1761 erant.
614 1697 755 1763 Lanam

359 1802 534 1868 Possedisss
546 1818 682 1891 propter
699 1800 941 1892 usumfructum.
960 1802 1151 1867 Rectissime
1170 1826 1179 1868 z
1200 1805 1405 1870 naturaliter

317 1910 404 1976 enim
420 1909 681 1974 usufructuariae
698 1906 862 1997 possidet,
880 1906 1042 1995 siquidem
1058 1930 1197 1998 corpore
1214 1909 1321 1975 fundo
1338 1912 1399 1975 in-
1485 1938 1486 1945 ¹

316 2016 466 2098 cumbat;
480 2016 507 2079 si
520 2036 578 2104 per
591 2013 764 2095 colonum,
779 2014 930 2096 civiliter3
945 2014 995 2079 vel
1007 2015 1116 2103 potius
1131 2017 1224 2103 quasi
1236 2017 1395 2101 civiliter-3

315 2126 338 2191 l.
359 2146 413 2206 ra,
429 2123 450 2187 l.
466 2121 579 2210 penul.
598 2120 639 2184 D.
662 2119 703 2183 de
718 2119 840 2208 acquir.
860 2142 949 2209 poss.
973 2119 1072 2202 Quod
1091 2144 1197 2210 quum
1212 2122 1390 2190 Lambinus

317 2255 386 2297 non
410 2227 619 2318 intelligeret,
649 2225 877 2315 reponendum
900 2226 1044 2314 putavlt,
1067 2257 1081 2283 ι
1099 2249 1159 2316 per
1184 2229 1337 2293 colonum
1360 2260 1384 2294 ο.

317 2340 470 2402 Horren.
607 2344 610 2351 '

362 2442 558 2509 cananiam
561 2438 736 2527 possedisse
745 2452 876 2529 propter
883 2437 1112 2525 usumfructum
1121 2462 1189 2504 nort
1198 2465 1302 2529 negas.
1311 2431 1396 2508 Hoc‘

316 2563 477 2637 «propter
492 2543 735 2608 usumfructum
746 2574 778 2626 ι,
796 2542 899 2623 rejicit
921 2543 1038 2608 merito
1055 2545 1242 2611 Lambinus.
1256 2547 1378 2611 Fanum

315 2671 365 2719 est
378 2651 465 2717 enim
481 2650 542 2714 hac
554 2648 744 2714 defensione
758 2650 948 2713 Ciceronem
962 2672 1122 2740 umquam
1136 2651 1191 2716 hic
1205 2676 1309 2735 usum,
1321 2652 1376 2740 qni

248 2746 252 2753 Δ
315 2776 381 2826 tam
398 2757 509 2822 multis
530 2778 627 2844 supra
648 2754 814 2837 disseruit,
833 2755 1049 2838 Caesenniam,
1066 2773 1141 2844 post
1158 2755 1215 2822 filii
1232 2775 1375 2841 mortem,

315 2852 405 2933 bunc
423 2862 565 2929 fundum
576 2863 612 2926 in
624 2862 776 2926 auctione
788 2861 913 2925 emisse.
931 2862 968 2925 ln
985 2884 1053 2949 quo
1064 2863 1161 2927 etiam
1175 2865 1373 2929 clarissimum

312 2970 584 3056 jurisconsultum
599 2967 681 3032 mibi
695 2966 868 3055 deceptum
884 2965 1005 3048 videri,
1022 2966 1153 3034 ostendi
1162 2969 1318 3058 pluribus.
1327 2972 1374 3036 Er

315 3103 371 3144 ror
388 3077 442 3142 hic
455 3075 584 3141 videtur
598 3089 693 3138 natus
707 3096 746 3137 ex
759 3071 894 3151 alicujus
910 3073 1141 3161 explicatione,
1158 3077 1217 3163 qui
1228 3076 1310 3141 illam
1323 3075 1373 3142 de·

316 3183 497 3249 fensionem
510 3179 674 3244 Ciceronis
691 3201 761 3243 non
777 3179 853 3243 satis
866 3177 1056 3243 attenderat.
1070 3179 1264 3249 Meminerat
1278 3199 1372 3248 autem

315 3291 462 3370 illorum,
472 3309 544 3375 quae
553 3286 686 3350 Coecinae
695 3285 858 3365 objecerat
866 3285 1032 3352 AEbutins.
1042 3285 1107 3351 Sed
1119 3288 1210 3375 quod
1219 3288 1253 3352 in
1267 3290 1370 3354 borum

312 3396 413 3462 trium
423 3393 598 3457 verborum
607 3389 718 3455 locum
730 3390 799 3455 haec
812 3388 879 3455 duo
894 3413 976 3480 «per
984 3390 1159 3456 colonum·
1169 3393 1289 3459 sufficit
1297 3395 1366 3460 iden

313 3502 507 3581 Lambinus,
524 3497 604 3562 nihil
619 3496 653 3561 id
667 3496 771 3562 facere
784 3519 915 3562 necesse
931 3496 1045 3563 habuit
1062 3521 1071 3563 ε
1088 3497 1155 3563 ide
1171 3502 1361 3588 sequentibus

314 3608 512 3696 intelligitur.
529 3605 582 3669 Sic
598 3604 697 3694 igitur
711 3603 784 3693 lego
798 3618 831 3668 et
842 3602 1008 3692 distinguo
1021 3626 1030 3668 z
1043 3634 1056 3659 a
1067 3605 1269 3671 Cresenniam
1278 3628 1367 3697 pone·

313 3717 398 3782 disse
413 3736 481 3778 non
497 3733 595 3801 negas
613 3733 621 3774 ε
638 3709 714 3797 quia
732 3710 869 3774 colonus
896 3708 1013 3774 habuit
1032 3709 1236 3776 conductum
1257 3712 1297 3778 de
1310 3714 1367 3779 Cn·

314 3821 427 3887 sennia
436 3818 596 3901 fundum,
608 3838 712 3904 quum
728 3814 816 3880 idern
830 3838 869 3879 ex
882 3814 994 3880 eadem
1010 3815 1229 3882 conductione
1240 3818 1369 3883 fueritin

313 3925 427 3990 fundo.
437 3924 585 3990 Dubium
599 3937 662 4003 est,
675 3921 755 4010 quin
764 3923 790 3986 si
803 3920 969 3986 Caesennia
982 3938 1053 3986 tum
1064 3922 1266 4011 possidebat,
1280 3948 1367 4012 quum

314 4043 384 4096 erat
398 4028 535 4092 colonus
550 4029 584 4091 in
600 4026 722 4108 fundo,
740 4028 834 4092 heres
849 4043 926 4116 post
941 4028 1010 4107 ejus
1023 4044 1163 4092 mortem
1179 4029 1290 4095 eodem
1301 4030 1365 4109 jure

314 4130 515 4227 possederit?
524 4162 538 4191 ι
552 4132 609 4198 Ait
619 4133 752 4198 Paullus
765 4132 1017 4213 jurisconsultus
1031 4133 1066 4199 in
1080 4135 1166 4226 lege,
1178 4159 1276 4225 quam
1286 4135 1365 4202 etiam
1485 4208 1487 4229 ¹
