3142 4774
370 382 423 451 ΙΝ
448 379 669 447 VERREM
691 379 798 445 ACT.
821 378 880 462 ΙΙ,
907 378 998 447 LlB.
1019 378 1089 445 ΙΙΙ.
1214 383 1259 477 47

201 498 312 597 quani
324 511 406 571 'esse
424 514 603 584 vestrum,
627 500 718 595 quin
733 520 828 594 saepe
843 494 1016 581 audierit,
1030 501 1145 571 socios
1161 500 1264 575 istius

201 609 311 682 fuisse
332 609 562 681 decumanos.
588 608 687 683 Nihil
704 606 802 678 aliud
818 605 973 679 arbitror
992 611 1029 678 in
1046 611 1154 681 istum
1173 609 1263 683 salso

200 745 281 792 esse
298 721 433 791 dictum
448 719 494 790 ab
511 721 572 806 iis,
589 721 654 816 qui
667 718 759 788 male
774 716 819 787 de
835 719 906 787 isto
922 718 1177 808 existimarint,
1193 722 1261 794 nisi

201 831 282 903 hoc.
303 824 393 905 Nam
411 835 499 903 socii
514 828 665 929 putandi
680 842 786 914 sunt,
804 849 898 922 quos
916 828 1009 897 inter
1026 852 1084 899 res
1101 852 1263 903 commu·

200 942 316 1013 nicata
348 957 410 1013 est.
440 946 515 1038 Ego
542 965 619 1011 rem
649 953 784 1025 totam,
813 933 1050 1033 fortunasque
1079 954 1260 1015 aratorum

200 1073 345 1138 omnes,
363 1053 468 1122 istius
486 1049 595 1120 fuisse
613 1047 695 1120 dico
713 1076 721 1118 :
747 1050 970 1146 Apronium,
989 1050 1257 1147 Veneriosque¹

199 1184 336 1249 servos,
357 1161 457 1258 quod
479 1164 545 1231 isto
560 1175 712 1259 praetore
731 1156 800 1231 suit
819 1181 953 1229 novum
972 1181 1087 1253 genus
1101 1157 1260 1255 publica-

198 1292 349 1358 norum,
380 1285 592 1367 ceterosque
618 1269 859 1356 decumanos,
886 1282 1138 1364 procuratores
1158 1271 1262 1343 istius

197 1394 359 1473 quaestus
388 1394 424 1450 et
450 1381 660 1450 ministros²
681 1381 892 1476 rapinarum
918 1374 1028 1449 fuisse
1053 1377 1147 1450 dico.
1175 1383 1276 1472 Quo-

197 1489 307 1560 modo
326 1489 397 1561 hoc
415 1489 547 1561 doces?
560 1513 635 1585 quo
649 1484 784 1558 modo³
800 1513 844 1559 ex
858 1488 1035 1561 locatione
1048 1488 1108 1561 illa
1121 1491 1259 1565 colum·

197 1622 326 1669 narum
348 1599 455 1671 docui
484 1604 591 1669 istum
621 1622 698 1669 esse
728 1597 943 1696 praedatum,
971 1600 1116 1696 opinor,
1142 1626 1187 1673 ex
1214 1627 1259 1674 eo
1330 1618 1334 1627 '

197 1711 374 1808 maxime,
405 1709 505 1805 qued
531 1709 694 1804 iniquam
721 1707 838 1804 legem
869 1730 1074 1805 novamque
1100 1709 1256 1809 dixisset.

196 1818 285 1905 Quis
300 1819 396 1889 enirn
416 1842 590 1916 umquam
609 1832 759 1903 conatus
775 1833 829 1889 est
844 1820 926 1914 jura
944 1821 1098 1908 omnial,
1122 1836 1157 1893 et
1173 1846 1258 1894 con·

195 1927 423 1999 suetudinem
445 1930 608 1998 omnium
629 1941 854 1998 commutare
874 1952 958 1999 curn
977 1930 1273 2028 vituperatione,-

195 2039 272 2107 sine
289 2038 453 2135 quaestu?
471 2043 635 2134 Pergam,
653 2053 761 2135 atque
778 2042 948 2136 insequar
960 2040 1114 2137 longius.
1127 2046 1258 2140 Iniqua

194 2146 272 2243 lege
295 2149 497 2235 vendebas,
522 2173 598 2245 quo
623 2148 739 2245 pluris
763 2148 950 2220 venderes.
978 2153 1071 2236 Cur,
1094 2150 1167 2244 jam
1192 2151 1256 2223 ad-

194 2256 296 2328 dictis
316 2256 376 2329 et⁵
402 2259 557 2330 venditis
581 2259 761 2344 decumis,
783 2281 897 2353 quum
918 2258 992 2351 jam
1012 2257 1058 2328 ad
1080 2282 1256 2333 summam

193 2365 423 2439 decumarum
444 2369 553 2457 nihil,
572 2368 617 2439 ad
639 2383 745 2438 tuum
764 2381 941 2463 quaestnm
960 2368 1116 2440 multum
1136 2388 1257 2467 posset

192 2479 379 2565 accedere,
400 2480 522 2551 subito
541 2495 649 2575 atque
664 2503 707 2549 ex
722 2492 886 2574 tempore
900 2464 997 2551 hova
1015 2481 1255 2555 nascebantur

192 2587 329 2661 edicta?
347 2616 430 2661 narn
454 2605 494 2660 ut
518 2588 762 2660 vadimonium
780 2587 1001 2676 decumano,
1020 2615 1254 2688 quocumque

192 2700 222 2767 is
237 2699 361 2788 vellet,
375 2704 667 2797 promitteretur;
683 2713 725 2769 ut
740 2723 784 2768 ex
798 2723 899 2786 area,
916 2700 986 2769 nisi
999 2715 1126 2796 pactus
1143 2717 1236 2773 esset
1244 2755 1256 2803 ,Ι

191 2822 310 2881 arator
325 2834 372 2879 ne
388 2810 545 2893 tolleren
567 2824 609 2879 nt
631 2823 715 2880 ante
733 2807 874 2880 kalend.
894 2823 983 2879 sext.
1008 2808 1175 2883 decumas
1193 2811 1254 2882 de·

191 2932 348 3014 portatas
373 2916 570 2990 haberet⁶2
595 2918 670 2990 haec
695 2921 841 3005 omnia,
867 2918 1042 2990 venditis⁷
1072 2920 1253 3009 decumis,

225 3128 285 3176 u
302 3142 325 3176 1.
338 3128 458 3176 Venerios.
471 3132 526 3178 Boe
539 3129 638 3178 nomine
645 3132 697 3179 Ve-
778 3137 801 3185 4.
816 3127 930 3178 Gulielxn.
948 3131 1014 3192 conj.
1025 3129 1088 3195 jara
1105 3135 1253 3187 somnumrir.

189 3206 253 3254 neris
266 3206 411 3273 templorum
427 3206 531 3254 ministri
541 3207 697 3272 appellabam·
739 3209 766 3256 J.
779 3208 811 3255 V.
825 3207 853 3254 L.

190 3288 237 3326 tur.
248 3277 286 3324 De
297 3277 336 3325 his
349 3278 437 3342 saepius
446 3278 498 3338 ism
509 3293 593 3325 sumus
600 3279 697 3342 loquuti
777 3286 800 3334 5,
818 3285 882 3335 Edd,
900 3303 939 3351 pf,
956 3288 1074 3337 omittunt
1092 3290 1198 3341 addim,
1216 3307 1252 3344 a,

188 3357 220 3405 ad
231 3357 315 3405 Divin.
324 3372 378 3421 esp.
393 3372 432 3419 ¹7·
448 3370 454 3378 ’
739 3367 763 3417 J.
774 3367 807 3412 V.
821 3366 850 3412 L.

222 3452 247 3486 a.
259 3436 332 3485 Beck.
345 3436 413 3486 elib.
431 3436 575 3497 Nannieno,
588 3435 696 3484 admim‘-
776 3443 800 3492 6,
814 3443 929 3490 Habet-et.
942 3445 982 3491 Sic
992 3447 1090 3496 Ernest.
1101 3448 1167 3496 Olim
1181 3473 1193 3492 a
1204 3450 1248 3499 lra-

64 3510 79 3583 ἰ
187 3516 327 3564 ansts.
338 3516 366 3565 L.
738 3520 860 3580 herent»,
880 3522 933 3569 scil.
948 3523 966 3569 ll
983 3525 1025 3586 qui
1040 3523 1153 3575 decumas
1175 3528 1248 3577 debe·

223 3597 248 3643 3.
264 3595 326 3644 Aliis
338 3594 413 3658 mgis
432 3595 694 3659 phoetiteratsintex·
738 3599 806 3647 bane
831 3602 955 3663 Quorsum
981 3603 1102 3668 vulgatam
1129 3608 1252 3655 mutavit?

186 3675 294 3739 rogatio,
303 3691 352 3738 quo
358 3674 470 3723 modo...
480 3690 530 3722 esse
533 3676 695 3737 pradatam?
739 3678 874 3741 Scriptores
884 3692 965 3729 antem
975 3693 1068 3731 veteres
1081 3700 1094 3731 a
1106 3684 1197 3748 plurali
1209 3701 1251 3732 sa·-

185 3755 252 3803 Π.
263 3753 462 3817 L.—Quomodo
473 3752 695 3805 noemenias
738 3756 795 3821 pins
811 3757 844 3807 ad
858 3761 1005 3824 singularem
1019 3778 1147 3811 nnmerum
1164 3763 1252 3811 erebro

185 3833 281 3898 aliquis.
289 3832 383 3880 Eodem
395 3833 694 3895 modomponitcieero,
738 3836 840 3885 namne
853 3839 936 3889 multis
948 3841 1074 3904 probatur.

185 3928 235 3975 quo
247 3911 322 3960 docui
333 3913 361 3959 in
372 3911 483 3961 lomndis
492 3910 600 3959 &stote
609 3913 694 3977 templi
774 3932 798 3977 9.
807 3917 909 3965 Hotom.
916 3934 947 3965 ex
956 3928 1016 3967 vett.
1026 3919 1099 3968 codd.
1113 3923 1179 3982 «jun
1191 3939 1249 3972 ven·

186 3990 305 4040 columnis
318 4007 374 4040 enin
383 3991 526 4055 pendulum
539 3990 608 4038 Veri.
619 3994 640 4052 1,
651 3993 692 4049 54.
738 3995 824 4045 ditis».
836 3996 921 4045 hauh.
936 3998 1017 4047 θην.
1030 3999 1126 4049 hilam.
1139 4014 1249 4069 transpo

184 4069 277 4135 Nempe
288 4087 361 4119 nemo
372 4071 446 4132 gutia
458 4081 494 4118 est
507 4069 641 4133 improbus.
738 4091 808 4123 suere
822 4075 950 4124 «venditis
960 4079 1036 4138 jam».
