3186 4772
298 403 368 476 286
614 407 663 474 M.
688 406 726 473 T.
754 405 1033 475 CICERONIS

299 525 459 599 sancire⁶
473 550 537 597 ros
553 523 645 596 velle
662 540 846 623 oporteret
854 538 879 596 ⁷.
895 530 1000 596 Nunc
1016 548 1104 595 vero
1120 525 1155 594 in
1171 528 1359 598 communi

298 640 460 713 omnium
487 640 649 733 gentium
673 637 872 734 religione,
901 637 1011 731 inque
1035 633 1091 704 his
1118 637 1249 723 sacris,
1278 662 1358 732 quae

299 751 449 845 majores
475 751 588 819 nostri
616 746 661 818 ab
691 750 821 818 exteris
850 744 1059 817 nationibus
1085 743 1219 815 adscita
1248 760 1358 843 atque
1447 804 1450 811 ,

298 859 461 935 arcessita
480 857 691 945 coluerunt,
712 880 793 953 quae
812 880 925 941 sacra,
948 869 992 924 ut
1011 868 1113 925 erant
1130 878 1169 924 re
1184 879 1288 941 vera,
1308 858 1359 927 sic

298 968 469 1068 appellari
487 961 634 1037 Graeea⁸
653 966 865 1055 voluerunt;
888 965 1110 1063 negligentes
1130 989 1171 1035 ac
1194 963 1360 1037 dissoluti

297 1081 328 1152 si
345 1068 531 1174 cupiamus
549 1098 648 1164 esse,
667 1076 730 1173 qui
748 1075 964 1171 possumus?
1313 1090 1317 1097 “
1458 1074 1460 1077 ’

346 1191 419 1258 Lll.
441 1188 558 1256 Unius
573 1189 680 1256 etiam
699 1184 800 1256 urbis
811 1196 836 1272 ¹,
859 1188 1022 1255 omnium
1040 1183 1286 1282 pulcherrima
1303 1199 1357 1255 at·

299 1321 371 1395 que
395 1298 646 1383 ornatissimae,
670 1299 924 1391 Syracusarum
943 1293 1181 1392 direptionem
1202 1318 1359 1366 comme·

302 1405 472 1492 morabo,
499 1419 536 1475 et
563 1410 601 1474 in
630 1404 792 1480 medium
817 1402 1018 1502 proferam,
1044 1401 1202 1498 judices3
1231 1417 1274 1474 ut
1298 1404 1360 1474 ali·

301 1513 447 1611 quando
475 1527 587 1584 totam
614 1513 723 1610 hujus
749 1515 890 1611 generis
918 1516 1117 1585 orationem
1147 1512 1361 1584 concludam

300 1649 342 1695 ac
361 1620 539 1695 definiam.
561 1628 676 1697 Nemo
694 1622 768 1696 fere
786 1639 945 1695 vestrum
965 1638 1040 1711 est,
1058 1624 1167 1720 quin,
1188 1623 1362 1720 quemad·

300 1734 451 1805 modum
473 1748 583 1831 captae
602 1735 673 1805 sint
690 1761 711 1806 a
727 1740 775 1805 Μ.
790 1734 959 1805 Marcello
977 1742 1175 1830 Syracusa,
1192 1758 1283 1831 saepe
1301 1759 1362 1806 au·

299 1842 422 1930 dimit,
443 1868 719 1941 nonnumquam
735 1847 842 1914 etiam
861 1846 899 1912 iu
914 1842 1105 1914 annalibus
1119 1843 1255 1940 legerit.
1269 1846 1363 1915 Con·

300 1951 392 2025 ferre
418 1953 537 2025 haoc²
565 1978 691 2052 paoem
720 1978 804 2025 cum
834 1954 896 2024 illo
926 1951 1044 2041 bello;
1067 1952 1175 2048 hujus
1200 1955 1361 2050 praetoris

336 2200 362 2248 fi.
380 2197 487 2246 Sancite.
501 2193 660 2255 Continuam,
680 2194 810 2243 inviolabi-
853 2206 878 2243 et
897 2210 972 2259 opes,
991 2194 1055 2241 iuter
1076 2208 1165 2256 putee
1187 2192 1259 2241 urbes
1280 2193 1362 2259 primo

299 2279 395 2343 lemque
406 2290 430 2326 et
442 2279 608 2326 intemeratam
619 2287 810 2342 prussorum·
853 2273 940 2321 ordine
963 2272 1118 2321 collocarent.
1142 2273 1222 2320 Locus
1244 2272 1286 2322 hio
1308 2289 1364 2322 rere

302 2373 344 2404 nae
366 2356 518 2420 repetendo,
545 2354 576 2402 ab
607 2355 650 2401 illo
671 2370 716 2418 per
737 2370 811 2418 quent
854 2354 1039 2419 pretiosissimus
1052 2354 1137 2400 estrei
1152 2354 1260 2401 veritate.
1281 2354 1364 2415 Quum

302 2432 390 2482 toedru
404 2445 448 2482 est.
463 2436 560 2481 Seumre
569 2433 632 2479 enim
642 2443 680 2480 eet
690 2442 812 2496 tamquam
855 2431 970 2480 describit
981 2432 1088 2496 singulae
1101 2432 1169 2479 urbis
1181 2444 1277 2498 partes,
1294 2433 1366 2497 quid·

300 2514 416 2575 sanguine
426 2512 512 2559 hostia
521 2526 670 2559 conterrere.
693 2498 696 2503 ⁴
855 2510 916 2575 qnid
927 2510 1035 2559 mirabile
1044 2512 1071 2559 in
1080 2527 1231 2576 unoquoque
1242 2512 1365 2567 occurrit,

338 2608 364 2653 7.
376 2592 509 2654 Oporteret.
518 2589 633 2639 virenon
641 2588 721 2636 bonus
728 2604 811 2653 quam·
854 2589 981 2654 depingit,
991 2605 1043 2638 nou
1053 2591 1198 2655 templorum
1208 2590 1299 2639 oblitus
1308 2605 1364 2654 qun

301 2669 362 2717 libet
383 2669 521 2732 religionem
541 2677 636 2725 tuetur3
658 2666 746 2714 deiude
767 2666 810 2731 qui
853 2670 984 2732 sepissime
993 2680 1077 2734 postet
1087 2681 1267 2716 commemorat.

302 2748 407 2813 probet,
418 2758 459 2795 aut
469 2758 519 2795 flou
527 2747 660 2804 ulciscitur,
669 2762 743 2810 quum
753 2760 811 2809 pos·
890 2763 916 2794 a.
931 2747 1041 2810 Conferte
1048 2745 1111 2793 banc
1117 2763 1213 2810 pacem.
1224 2747 1315 2794 Modus
1323 2745 1365 2795 ille

302 2837 354 2885 set,
371 2826 460 2875 eoelere
480 2826 568 2890 quibus
586 2826 688 2873 deorum
706 2824 811 2871 violatur
854 2823 982 2873 eoumriis
1004 2827 1123 2873 ooutrerie
1146 2824 1302 2890 opponendi,
1322 2825 1366 2890 qui

302 2906 425 2967 majestas,
435 2905 533 2968 ieaeque
542 2921 570 2953 eo
579 2905 692 2953 eoelestue
703 2903 755 2967 ipse
764 2902 811 2950 diis
854 2918 933 2966 sepe,
946 2914 973 2952 ut
984 2920 1056 2968 supra
1066 2904 1185 2966 vidimus,
1199 2905 1283 2969 paullo
1296 2904 1366 2969 trigi-

303 2986 394 3033 invisus
407 2982 545 3033 habebitur.
563 2987 616 3032 Heu
632 2999 657 3031 re
668 2981 763 3042 judiees
780 2979 812 3028 td
855 2981 912 3030 dior
928 2994 980 3041 eet,
998 2981 1131 3030 mirabilem
1144 2983 1185 3031 bic
1198 2985 1305 3032 orationi
1318 2986 1366 3031 vim

263 3096 269 3109 .
303 3062 454 3126 puniendum
478 3065 577 3109 Verrem
599 3063 680 3119 uouit,
702 3076 774 3124 quem
790 3061 813 3107 ei
856 3060 938 3122 addit,
951 3073 976 3110 et
989 3077 1086 3109 otonem
1103 3062 1195 3125 ingenii
1208 3063 1368 3111 subtilitatem

304 3140 410 3188 inultum
428 3139 581 3202 relinquent,
599 3139 703 3197 iisdem,
724 3138 813 3201 quibus
857 3140 980 3204 explieat:
994 3156 1045 3187 nou
1057 3141 1246 3189 iuverbieunim
1260 3151 1367 3199 mussat,

305 3218 357 3281 ipse
371 3220 475 3273 Verres,
494 3218 600 3280 poenist
614 3216 815 3265 diieimmortali·
857 3219 901 3267 sed
911 3218 983 3267 lirino
995 3230 1081 3267 eontra
1094 3219 1181 3267 nititur
1192 3220 1367 3268 fundamento:
1471 3270 1473 3274 ,

305 3296 353 3343 bus
362 3294 522 3358 urgebuntur.
858 3299 950 3362 optime
962 3298 1067 3347 duorum
1078 3299 1185 3346 virorum
1198 3299 1285 3362 agendi
1296 3298 1367 3346 ratio·

343 3375 367 3421 8.
379 3372 509 3436 Appellat-i
522 3374 620 3421 Groeua.
630 3372 689 3420 Vid.
700 3375 815 3437 proCor·
858 3392 914 3425 nem
930 3376 1045 3434 exbibet,
1061 3393 1166 3441 quorum
1181 3377 1242 3424 alter
1259 3376 1366 3439 flagitiis,

307 3454 355 3502 uel.
367 3450 455 3509 balbo,
465 3467 519 3514 etp.
533 3459 577 3507 at.
592 3453 685 3513 Cereris
693 3444 817 3501 mororum
860 3455 921 3503 alter
932 3456 998 3503 vitiis
1008 3466 1034 3502 et
1042 3456 1140 3520 flagitiis
1151 3456 1268 3503 innotuit.
1281 3455 1367 3503 Cioero

307 3532 426 3596 originem
439 3529 507 3595 apud
521 3529 623 3578 latinos
633 3531 664 3578 ad
678 3532 817 3581 Evandrum
860 3532 926 3596 ipse,
942 3533 970 3579 iu
983 3532 1047 3581 libro
1061 3536 1105 3598 qui
1118 3536 1207 3582 Orator
1220 3532 1369 3589 inscribitur,

309 3613 381 3660 refert
391 3611 494 3674 Dionys.
503 3607 582 3658 Halie.
592 3608 636 3658 lib.
647 3612 668 3658 1.
860 3611 926 3659 hunc
937 3609 1019 3659 locum
1029 3628 1082 3677 unp.
1094 3616 1128 3676 49
1139 3613 1177 3661 his
1186 3612 1265 3661 verbis
1273 3611 1369 3661 laudet:

344 3693 396 3739 LII.
421 3705 442 3737 r.
465 3688 539 3736 Unius
561 3688 634 3737 etiam
651 3688 726 3738 urbis.
747 3691 817 3739 nano
861 3690 1111 3755 usemporbaenquae
1119 3693 1199 3740 Groeoi
1209 3689 1317 3740 ἀντίθιτοι
1323 3705 1370 3738 no·

299 3769 469 3819 ¹retentationis
484 3778 577 3831 partem
598 3780 681 3817 orator
698 3769 817 3818 furtorum
862 3769 967 3828 minent,
981 3785 1058 3833 quum
1070 3771 1199 3819 οοιιῑηήίι
1212 3779 1372 3835 opponuntur

308 3849 374 3911 apud
387 3852 552 3911 Syracusanos
564 3849 747 3897 commissorum
760 3864 817 3895 nar·
861 3848 980 3896 contraria
989 3864 1116 3913 numerum
1124 3849 1259 3898 oratorium
1267 3846 1371 3896 moesti-

309 3926 403 3973 ratioue
423 3926 557 3974 concludit.
581 3926 712 3991 Magnifice
731 3925 816 3974 urbem
862 3925 1370 3988 tateipsaefficiunueteomeiueiudustria...

310 4001 375 4048 illem
390 4002 521 4063 describit,
536 4020 608 4066 quern
624 4007 685 4052 eitue
697 4003 761 4059 loci,
775 4017 816 4064 ge·
860 4004 913 4051 Nos
921 4007 991 4053 etiam
999 4005 1081 4052 iuhoc
1092 4021 1180 4070 genere
1190 4007 1336 4069 frequentes,
1344 4016 1372 4052 ut

310 4080 371 4127 ruini
385 4090 486 4142 portus,
503 4097 664 4144 numerusque
681 4081 816 4129 incolarum
860 4081 901 4131 ille
914 4095 972 4133 eunt
985 4085 1012 4132 iu
1022 4095 1111 4147 quarto
1119 4083 1299 4143 Accusationis,
1306 4095 1372 4133 etun·
