3200 4768
332 424 403 498 258
644 433 693 500 Μ.
720 433 758 500 Τ.
785 434 1076 508 CICERONIS

329 551 560 639 locaverunt3
577 575 657 647 quae
678 550 782 623 vobis
802 553 934 626 locatio
952 581 995 627 ex
1012 556 1167 656 publicis
1184 562 1394 660 Segestano·

328 686 411 732 rum
427 661 539 732 literis
554 663 834 758 prioreactione
851 668 1000 738 recitata
1014 680 1079 737 est.

377 774 537 843 XXXVI.
556 774 607 842 Te
622 796 741 857 nunc,
758 778 796 844 P.
816 776 937 873 Scipio
948 787 975 863 ¹,
993 791 1047 863 te,
1063 778 1232 874 inquam,
1249 780 1396 854 lectissi-

328 906 430 953 mum
446 882 789 979 ornatissimumque
808 883 1074 958 adolescentem
1089 888 1233 986 appello
1249 916 1257 959 :
1275 889 1341 962 abs
1360 907 1394 964 te

327 990 489 1064 officium
513 1006 634 1080 tuum,
662 991 827 1064 debitum
850 997 974 1092 generi
1005 1011 1042 1068 et
1064 1001 1222 1087 nomini,
1246 1004 1394 1097 requiro

326 1117 365 1175 et
379 1102 513 1200 flagito.
532 1104 608 1173 Cur
625 1127 693 1200 pro
711 1105 801 1191 isto,
823 1106 888 1201 qui
907 1104 1051 1177 laudem
1075 1094 1328 1206 honoremque
1345 1110 1395 1182 fa·

327 1214 434 1284 miliae
454 1227 580 1282 vestrm
602 1211 836 1310 depeculatus
858 1228 930 1302 est,
952 1221 1115 1313 pugnas?
1138 1243 1308 1292 curcum
1330 1219 1392 1291 de·

327 1322 471 1395 sensum
493 1346 569 1393 esse
594 1323 674 1394 vis?
695 1347 760 1394 cur
785 1347 854 1420 ego
877 1338 957 1394 tuas
983 1340 1102 1424 partes
1129 1329 1307 1426 suscipio?
1328 1354 1394 1401 cur

328 1447 434 1502 tuum
452 1442 571 1501 onus²
591 1431 778 1503 sustineo?
800 1436 848 1503 tt
871 1433 1010 1505 Tullius
1032 1440 1070 1506 P.
1092 1434 1247 1508 Africani
1264 1462 1394 1508 monu-

328 1537 472 1612 menta³
494 1543 671 1637 requirit:
690 1546 728 1613 P.
746 1543 865 1640 Scipio
879 1568 983 1633 eum,
998 1549 1061 1642 qui
1078 1546 1139 1617 illa
1158 1548 1319 1636 sustulit,
1333 1547 1395 1619 de·

327 1650 452 1722 fendit.
476 1653 601 1741 Quum
623 1676 702 1723 mos
727 1676 747 1722 a
772 1651 970 1746 majoribus
996 1655 1149 1727 traditus
1173 1658 1237 1743 sit,
1258 1670 1301 1727 ut
1317 1682 1397 1728 mo·

329 1762 504 1831 numento
526 1762 705 1855 majorum
731 1762 781 1831 ita
800 1786 949 1832 suorum
972 1765 1128 1861 quisque
1150 1764 1338 1855 defendat,
1357 1781 1398 1838 ut

328 1893 370 1941 ea
385 1893 431 1938 ue
446 1869 567 1938 ornari
586 1868 733 1965 quidem
753 1869 902 1939 nomine
919 1870 1037 1943 alieno
1056 1877 1167 1963 sinat3
1186 1889 1229 1946 tu
1244 1877 1303 1947 isti
1317 1875 1399 1947 ade·

328 1981 400 2066 ris,
428 1982 492 2075 qui
518 2004 593 2050 non
618 1977 797 2050 obtrusit⁴
824 1978 946 2074 aliqua
972 2007 1017 2052 ex
1041 1999 1143 2080 parte
1161 2001 1398 2057 monumenta

332 2095 369 2162 P.
386 2092 582 2188 Scipionis,
596 2088 659 2161 sed
671 2086 835 2161 funditus
846 2090 992 2161 sustulit
1004 2117 1045 2164 ac
1059 2092 1211 2166 delevit?
1223 2099 1399 2187 Quisnam

332 2204 455 2299 igitur,
467 2226 534 2299 per
547 2200 635 2272 deos
648 2196 888 2272 immortales!
905 2201 1069 2273 tuebitur
1081 2209 1119 2276 P.
1136 2207 1314 2302 Scipionis
1326 2230 1400 2278 me·

365 2345 489 2392 xxm.
506 2357 529 2392 ι.
541 2342 663 2407 P.Scips'o.
673 2345 698 2390 ls
708 2352 745 2391 est
757 2340 844 2390 Metel·
925 2345 949 2393 4·
962 2337 1076 2386 Obttttst't.
1089 2338 1158 2387 Clare
1170 2350 1194 2387 et
1210 2350 1293 2404 sperts
1304 2350 1342 2389 est
1350 2340 1401 2388 loci

328 2423 371 2470 lus
378 2421 526 2485 Scipio,qui
537 2433 620 2484 postes
630 2421 783 2469 constrictum
790 2437 845 2469 eeu·
888 2414 962 2476 huius
977 2418 1111 2475 sententis3
1125 2418 1197 2466 multi
1213 2429 1294 2468 tamen
1307 2420 1333 2467 iu
1346 2435 1400 2467 rer·

332 2515 462 2562 mumque
479 2498 598 2549 obtinuit.
617 2499 777 2549 celeberrima
793 2500 846 2561 ejus
888 2493 947 2542 bum
960 2494 1021 2543 illud
1028 2496 1277 2546 obtrttst'tlttboravere
1284 2497 1399 2547 editores.

332 2577 382 2626 liliu
393 2577 506 2628 Cornelis
515 2578 658 2642 Pompeium
669 2580 797 2642 conjugem
806 2579 846 2626 bs·
889 2574 992 2625 Horum.
1003 2573 1118 2623 mullebut
1129 2575 1233 2624 obtrivit.
1244 2576 1295 2623 Alii
1308 2576 1399 2637 etism,

332 2658 396 2707 buit.
405 2660 463 2706 Post
472 2657 632 2705 Pirsrsslierm
639 2658 790 2721 pagnanum
796 2659 844 2705 Vs·
888 2652 980 2715 obresit,
992 2653 1060 2717 quod
1068 2655 1217 2705 Camerarius
1227 2655 1399 2720 interpretetur

334 2722 387 2787 rum
402 2737 428 2784 iu
439 2736 547 2785 Africam
559 2736 601 2785 ille
618 2737 743 2802 proiectus
755 2747 808 2795 est,
820 2746 845 2784 et
887 2732 1032 2784 obscuravit.
1054 2735 1125 2784 Grut.
1139 2746 1165 2783 et
1182 2733 1255 2783 codd.
1274 2735 1323 2783 fere
1341 2750 1397 2782 om·

333 2817 379 2865 sibi
395 2832 480 2864 necem
493 2816 546 2881 ipse
561 2815 644 2865 attulit
656 2826 712 2880 post
723 2815 845 2863 infelicem
888 2827 931 2859 nes
942 2811 1053 2862 obtrusit.
1067 2815 1130 2860 Vers
1147 2813 1232 2861 estills
1243 2813 1332 2873 lectio,
1352 2830 1398 2863 uec

333 2897 429 2944 exitum
436 2910 525 2959 puguae
532 2895 597 2959 apud
603 2895 726 2959 Tirepsum
735 2894 845 2942 commis·
888 2889 950 2938 udeo
961 2892 1135 2941 inextricabilis
1146 2904 1247 2958 eppsret
1262 2894 1304 2942 hie
1322 2908 1398 2941 error.

335 2993 377 3025 ste.
388 2978 416 3024 Iu
426 2991 483 3023 eum
490 2975 532 3022 hic
542 2986 624 3023 orator
634 2973 795 3033 viridissime,
804 2984 845 3022 to·
888 2971 969 3019 Ceteri
974 2974 1092 3033 enim,sit
1099 2984 1188 3031 orator,
1193 2983 1350 3021 monuments
1356 2985 1399 3020 sus

337 3067 413 3117 toque
423 3053 568 3116 eloquentie
583 3054 675 3117 impetu
688 3054 777 3112 fertur,
791 3068 846 3102 enm
889 3066 921 3098 ue
933 3052 1014 3098 ornari
1027 3050 1126 3115 quidem
1134 3052 1233 3099 nomine
1247 3052 1328 3100 slieuo
1336 3051 1400 3116 pessi

336 3142 420 3195 urget,
429 3131 676 3195 exagitatque,quod
684 3131 751 3181 ltune
762 3133 846 3185 defen·
890 3141 961 3190 eunt;
974 3142 1049 3195 tuque
1062 3132 1157 3195 Scipio,
1171 3131 1206 3178 illi
1220 3131 1334 3180 defensor
1342 3129 1400 3178 sde-

337 3229 409 3260 sune
421 3211 519 3273 sedent,
533 3226 606 3274 quem
625 3211 673 3258 uisi
692 3226 769 3260 cecus
786 3223 856 3261 esset·
890 3211 941 3271 ris,
953 3213 996 3276 qui
1006 3227 1057 3259 uon
1070 3210 1172 3275 glorium
1184 3211 1306 3275 Scipionis
1322 3209 1399 3259 siole-

338 3302 363 3338 et
375 3306 460 3339 vecors
469 3306 537 3337 reum
546 3291 608 3353 ipse,
620 3299 739 3352 tumqusm
751 3289 847 3339 familie
891 3292 939 3350 vit,
951 3290 1056 3339 obscuro
1069 3292 1168 3339 nomine
1177 3291 1202 3337 in
1216 3300 1400 3338 mouumentum

337 3385 387 3417 sure
399 3380 613 3416 monumentorum
629 3382 778 3429 eversorem,
790 3381 847 3418 rute
892 3371 1007 3431 obtruso,
1021 3371 1064 3418 sed
1072 3373 1115 3434 qui
1127 3373 1224 3434 penitus
1235 3370 1339 3418 sustulit.
1353 3369 1400 3417 llic

338 3447 445 3496 tribuurl
456 3448 558 3495 sisteret.
890 3448 1042 3514 agnoscende
1055 3450 1262 3514 estligurevulgo
1271 3448 1401 3513 dictsltyp·

374 3544 399 3576 s.
408 3527 491 3577 lamb.
505 3542 603 3586 munus,
617 3528 685 3592 quod
696 3530 848 3594 Geretquo·
891 3530 987 3592 allego,
1007 3544 1102 3592 qusque
1125 3530 1256 3594 sepissime
1271 3530 1402 3594 scriptores

339 3625 387 3674 que
398 3608 532 3673 eutepouit.
541 3609 558 3655 J
559 3644 566 3657 .
577 3610 610 3655 V.
623 3610 651 3656 L.
891 3617 1008 3668 utuntur;
1020 3608 1102 3671 sicque
1111 3608 1193 3657 locum
1204 3609 1401 3674 explanabimus:

375 3691 400 3738 3.
423 3691 448 3738 Ρ.
473 3686 589 3751 Afn'euur'
608 3698 770 3737 monumenta.
790 3689 849 3747 Eius
891 3686 953 3749 «qui
962 3702 1012 3733 nou
1020 3686 1125 3735 obtrusit
1132 3704 1221 3736 nomen
1230 3688 1336 3737 alienum
1351 3702 1403 3735 mo-

339 3766 504 3832 rpudreteres
511 3767 848 3816 monumentressedicebsn·
891 3765 1012 3813 numentis
1024 3765 1173 3830 Scipionis».
1191 3766 1260 3814 Idem
1279 3766 1401 3823 occurrit,

341 3856 381 3894 tur
389 3883 396 3905 ‚
404 3865 455 3911 quo
463 3848 849 3912 cumuterelimpersnteluersnt
892 3844 918 3891 in
927 3855 989 3892 orst.
997 3846 1133 3909 probisse.
1146 3838 1309 3895 6:·Gladiuru
1317 3844 1403 3906 vegius

341 3926 456 3975 edificate
464 3945 471 3987 3
479 3928 552 3990 hujus
560 3928 704 3992 inscriptum
713 3940 802 3973 nomen
811 3940 849 3987 ge·
892 3939 993 3971 vacuum
1007 3925 1033 3971 iu
1040 3924 1100 3972 urbe
1107 3940 1160 3972 nou
1171 3923 1294 3971 vidimus»
1300 3923 1340 3970 ,Et
1348 3922 1405 3968 Vir-

340 4004 441 4064 rebant,
451 4008 534 4069 sieque
551 4016 653 4070 nepotes
664 4008 691 4052 in
703 3994 847 4050 monumen·
892 4002 963 4065 gilius
975 4003 1024 4063 sit,
1035 4024 1047 4046 ι
1060 4003 1186 4052 Herculeis
1196 4001 1288 4065 sopitus
1301 3999 1401 4064 ignibus

341 4090 421 4128 torum
432 4093 505 4145 etque
517 4084 578 4131 sdeo
588 4085 656 4131 fumes
666 4081 796 4130 veniebent
805 4081 848 4132 lte·
891 4080 1284 4141 ressuscitat-‚musiuvntn
1296 4079 1404 4140 tenus}

341 4161 474 4210 rediissem.
892 4160 943 4209 rid.
954 4171 1008 4209 not
1019 4170 1078 4209 tom.
1091 4163 1142 4223 111,
1159 4178 1187 4226 p.
1197 4168 1248 4224 449
1258 4158 1317 4209 edit.
1328 4169 1403 4209 nostr.
