3186 4772
332 386 403 459 ιφ
653 358 701 428 Μ.
726 358 765 429 Τ.
792 359 1070 430 urcuuurus

328 484 411 557 urbi
429 506 504 555 esse
523 492 688 577 possent;
705 476 955 567 humanitatis,
976 502 1052 549 nou
1080 476 1186 576 plane
1215 481 1391 577 spoliare*

327 595 473 680 urbem,
489 591 683 690 prusertim
696 613 806 685 quam
829 612 1040 660 conservare
1060 587 1244 661 voluisset.
1261 596 1305 662 Iu
1325 594 1392 668 hae

327 707 520 805 partitione
546 712 696 773 ornatus
704 695 731 787 ⁵,
758 721 834 769 nou
862 698 944 795 plus
966 698 1116 770 victoria
1141 700 1305 773 Marcelli
1328 727 1392 801 po·

327 821 415 920 pulo
432 840 584 890 romano
602 813 795 911 appetivit,
810 837 920 910 quam
941 812 1145 885 humanitus
1161 817 1391 910 Syracusanis

325 930 529 1005 reservavit.
546 929 697 995 Romam
713 947 795 1020 quae
812 937 993 1021 asportata
1009 938 1111 1011 suut,
1126 923 1172 995 ad
1189 923 1301 997 aedem
1317 933 1390 999 Hu-

326 1035 455 1115 noris⁶·
469 1050 577 1132 atque
594 1033 768 1120 Virtutis,
786 1035 946 1130 itemque
964 1032 1042 1105 aliis
1057 1037 1096 1105 in
1113 1033 1202 1106 locis
1215 1034 1388 1110 videmus.

323 1149 423 1222 Nihil
445 1150 484 1217 in
502 1141 657 1231 aed'tbus,
679 1141 770 1213 nihil
790 1143 830 1212 in
850 1141 966 1214 hortis
984 1145 1125 1241 posuit,
1144 1143 1234 1215 nihil
1250 1147 1286 1216 iu
1305 1147 1390 1219 sub·

324 1259 489 1332 urbano:
510 1255 669 1352 putavit,
692 1254 721 1323 si
745 1251 847 1324 urbis
873 1269 1088 1326 ornamenta
1114 1253 1262 1326 domum
1285 1280 1389 1328 suam

324 1396 400 1443 nou
420 1364 651 1451 contulisset,
672 1360 823 1437 domum
843 1374 969 1435 suam⁷
994 1379 1209 1437 ornamento
1229 1364 1312 1437 urbi
1329 1364 1388 1439 fu·

324 1495 452 1552 turam.
475 1475 656 1572 Syracusis
678 1488 798 1545 autem
818 1474 1018 1572 permulta,
1040 1490 1150 1573 atque
1170 1477 1312 1573 egregia
1332 1502 1389 1549 re·

322 1592 450 1688 liquit:
473 1587 581 1658 deum
610 1607 697 1656 veru
726 1582 868 1656 nullum
898 1584 1066 1673 violavit,
1094 1585 1235 1657 nullum
1260 1588 1387 1685 attigit.

253 1760 256 1769 .
324 1697 494 1773 Conferte
507 1701 676 1783 Verrem,
694 1719 770 1766 non
785 1708 825 1764 ut
837 1694 1022 1765 hominem
1038 1719 1122 1766 cum
1135 1694 1281 1767 homine
1294 1720 1389 1767 cum·

322 1809 473 1909 paretis,
490 1827 538 1877 ne
560 1830 634 1901 qua
658 1804 720 1875 tali
743 1807 822 1874 viro
843 1817 988 1875 mortuo
1009 1802 1071 1876 fiat
1091 1804 1241 1900 injuria3
1263 1804 1327 1876 sed
1349 1822 1389 1878 ut

324 1942 451 2017 pacem
466 1938 551 1986 cum
565 1912 682 2001 bello,
697 1911 794 2008 leges
812 1936 896 1984 cum
910 1916 964 2002 vi,
983 1912 1102 1984 furum
1123 1929 1160 1985 et
1173 1912 1388 2009 jurisdictio·

322 2053 407 2101 nem
421 2050 505 2099 cum
519 2022 616 2095 ferro
631 2036 667 2095 et
683 2024 809 2112 armis,
824 2021 1019 2094 adveutum
1033 2038 1070 2095 et
1083 2025 1290 2095 comitatum
1304 2048 1388 2096 cum

324 2139 486 2211 exercitu
505 2149 541 2207 et
555 2135 705 2206 victoria
723 2133 925 2208 conferatis.

370 2251 443 2321 LV.
457 2245 561 2318 AEdes
577 2249 747 2316 Minervae
764 2260 818 2318 est
831 2249 870 2317 in
883 2245 1025 2335 Insula,
1044 2244 1090 2318 de
1107 2261 1278 2345 quarente
1293 2245 1387 2337 dixi,

358 2433 381 2479 4.
406 2421 488 2469 θην.
510 2414 585 2466 Beck.
603 2414 660 2477 elii,
680 2416 833 2481 exspoliare,
876 2417 951 2468 vellet
965 2434 1088 2468 excusare.
1098 2421 1229 2480 Hostium,
1240 2421 1336 2486 inquit,
1347 2421 1389 2470 ille

322 2500 464 2549 auctoritate
475 2495 608 2545 multorum
619 2494 693 2543 codd.
705 2496 722 2543 J
724 2532 731 2545 .
742 2498 775 2546 V.
784 2501 814 2546 L.
876 2498 955 2563 spolie
974 2510 999 2548 et
1014 2510 1082 2564 perte
1099 2498 1158 2547 belli
1170 2500 1235 2561 jure.
1258 2501 1289 2547 Et
1305 2500 1389 2565 peullo

360 2580 384 2627 5.
390 2581 421 2626 In
428 2573 613 2642 impartitum
619 2585 728 2626 ornatus.
735 2579 771 2624 Ite
777 2593 834 2641 per·
876 2577 978 2626 iuferius
986 2578 1056 2628 addit
1065 2593 1072 2627 :
1083 2578 1232 2628 Vieebeutur
1241 2578 1273 2627 eb
1282 2579 1389 2628 extemis

323 2660 383 2708 titos
393 2656 483 2715 est,eit
497 2665 588 2711 oretur,
597 2665 675 2716 cepte
684 2653 752 2702 urbis
761 2670 832 2703 orne·
876 2656 908 2703 ed
921 2669 1015 2721 porum
1033 2658 1155 2723 Cepeuem
1169 2657 1306 2707 dedicatae
1320 2660 1388 2707 Mer·

322 2751 414 2797 ments,
426 2748 453 2786 ut
462 2752 514 2785 nou
522 2733 579 2798 plus
587 2733 722 2798 deportarit
730 2735 833 2782 Romam
877 2735 939 2783 eello
953 2737 1057 2800 temple,
1070 2748 1172 2802 propter
1182 2736 1323 2786 exeelleutie
1337 2738 1389 2799 ejus

322 2836 397 2885 quem
411 2816 537 2883 symeonis
553 2812 686 2876 reliquerit.
704 2813 833 2875 Ερεςίιιιιι
877 2813 970 2875 generis
984 2818 1230 2881 ornemeun.1teque
1242 2817 1322 2866 multo
1335 2832 1388 2866 ere·

323 2916 380 2948 eene
391 2897 454 2947 illud
463 2906 526 2945 esset
536 2891 692 2941 humanius·
702 2901 728 2939 et
742 2901 833 2953 tempe·
877 2891 939 2939 toric
956 2892 1031 2957 megin
1052 2910 1125 2957 quem
1144 2910 1200 2942 vere
1223 2905 1303 2944 totum
1323 2895 1388 2944 hune

324 2979 409 3026 rentiu
423 2973 575 3036 exemplum
589 2968 632 3017 sed
641 2985 698 3017 eum
710 2968 832 3017 historicis
876 2968 958 3017 locum
971 2968 1059 3019 Cicero
1070 2974 1188 3022 exerevit.

322 3046 833 3124 fficpugnetoretor,etcumLiviopi-aeeer·
912 3049 937 3097 6.
961 3048 1006 3096 Ad
1025 3047 1102 3096 eedem
1125 3050 1239 3098 Honoris.
1260 3051 1388 3115 Teruplum

324 3142 377 3187 tim.
391 3137 454 3184 Nem
462 3131 516 3187 ille,
526 3128 609 3184 m,
623 3126 665 3187 31,
680 3135 781 3173 testetur
793 3143 834 3174 ur·
875 3125 940 3174 illud
955 3143 1034 3191 prope
1047 3136 1143 3190 portem
1160 3127 1280 3175 Collinam
1296 3132 1387 3178 elder-

324 3218 381 3264 bem
403 3207 564 3273 diripiendam
591 3203 665 3252 militi
688 3203 787 3265 (letam,
809 3215 834 3254 et
876 3206 940 3255 eello
956 3207 1004 3255 fuit
1021 3221 1105 3275 rursus
1123 3203 1270 3253 oedilieetum
1286 3215 1387 3254 terunte

325 3294 402 3342 multe
410 3290 461 3348 irre,
473 3285 548 3334 multe
558 3283 664 3332 everitire
677 3283 741 3332 ioede
750 3301 832 3333 exem-
876 3286 994 3334 Ciueeone
1004 3284 1035 3333 de
1045 3286 1103 3348 Leg.
1113 3285 1147 3343 11,
1161 3284 1202 3332 58.
1213 3283 1295 3331 Lirim
1308 3293 1386 3331 eutem

324 3373 366 3439 pls
382 3369 446 3419 edite
463 3366 545 3414 fobet.
564 3364 661 3412 Ceteras
678 3363 778 3427 quidem
796 3381 834 3413 ree
875 3365 938 3413 illud
949 3364 1078 3429 primumn
1089 3361 1205 3412 Mareello
1216 3361 1388 3410 iuiueeoem

323 3454 388 3502 idem
404 3446 516 3510 scriptor,
529 3459 585 3491 eum
599 3457 685 3505 mogus
700 3441 750 3490 lide
764 3459 833 3492 eom·
877 3454 968 3492 cretum
978 3452 1086 3490 testetur.

323 3533 416 3600 posius
437 3525 510 3575 luisse
535 3521 645 3584 scripsit,
664 3521 708 3568 κά
731 3522 834 3571 verbum
913 3539 937 3582 7.
954 3519 1260 3569 nemorumnemorum
1275 3519 1387 3569 Mereelli

322 3611 421 3679 quidem
435 3604 530 3655 nullum
542 3600 574 3649 de
586 3599 632 3647 heu
646 3598 777 3662 partitione
793 3618 834 3649 ur·
876 3599 932 3648 urbi
949 3610 1092 3650 ornamento
1107 3601 1186 3648 futuru
1205 3610 1272 3662 eret,
1291 3599 1311 3647 si
1332 3616 1387 3664 quie

323 3704 394 3743 natue
417 3702 465 3738 tem
486 3700 554 3749 teque
579 3681 691 3743 subierit.
714 3683 768 3729 Imu
791 3681 832 3727 ills
876 3678 929 3741 ipse
948 3678 1086 3742 neglexerat
1105 3689 1261 3737 ornemeun,
1280 3679 1306 3727 in
1326 3677 1387 3726 urbe

323 3773 392 3821 addit
413 3783 420 3818 :
442 3774 581 3817 minente
606 3761 693 3824 urbis,
717 3761 834 3825 signaque
875 3755 1018 3806 viserentur.
1029 3759 1125 3806 Etenim
1133 3758 1287 3822 singulorum
1296 3757 1387 3806 civium

323 3851 413 3915 quibus
421 3845 576 3897 abundabunt
583 3843 833 3908 Syneueaeatomm
875 3831 1022 3885 abstinentie
1040 3835 1168 3901 publicum
1188 3835 1294 3883 civitatis
1314 3834 1389 3882 decue

323 3932 389 3978 fuere
403 3928 510 3975 deiectu
527 3924 595 3985 Quin
607 3922 769 3986 direptionem
787 3921 833 3981 Sy·
875 3912 958 3964 efficit.
978 3916 1087 3964 hmhiu.
1102 3915 1154 3964 eine
1170 3915 1235 3964 ttss
1247 3924 1386 3977 reoeperet:

322 4019 460 4052 recemum
476 4016 588 4063 meginun
606 4000 694 4056 fuisse,
714 4005 832 4045 teruntur
875 4014 887 4035 ι
897 3994 988 4044 Βοωιιὶ
998 4012 1048 4044 euoe
1058 4005 1203 4044 eminente
1217 3992 1302 4044 urbem
1318 3992 1385 4042 futu·

319 4100 346 4131 a
356 4084 405 4147 ipse
417 4095 472 4144 quie
482 4078 599 4137 subjecit,
609 4087 731 4138 umquem
739 4074 829 4122 fectum
873 4088 923 4121 rem
931 4097 956 4134 n,
969 4075 1034 4125 melo
1044 4075 1147 4138 judicio.
