3054 4772
511 396 887 489 sacuuauuuu.
1156 393 1223 468 631

210 522 272 593 tio,
287 539 375 601 quam
390 539 421 580 ro
436 519 567 580 similiter
579 519 739 579 reddidisse
754 518 813 589 ait,
837 529 899 576 tota
918 516 1013 594 periit.
1035 520 1133 593 Atque
1146 536 1184 575 ne
1198 515 1228 573 id

210 618 327 698 quidem
333 616 445 695 liquido
452 630 582 695 apparet,
593 615 765 675 ouimunen'
773 610 959 694 procurando
972 611 1103 671 triumvir
1114 625 1228 673 creatus

209 715 298 775 luerit
313 713 464 785 Fonteius,
478 712 666 771 monetalisne
685 732 723 771 an
747 711 868 770 coloniis
888 708 1084 769 deducendis:
1104 727 1171 767 uam
1191 708 1228 766 de

208 813 271 873 aliis
280 812 367 889 hujus
378 811 502 870 nominis
511 809 724 889 magistratibus
736 821 874 888 propter·
881 806 1025 885 pecunia·
1038 805 1211 869 mentionem
1220 847 1229 876 ‚

209 910 264 968 «in
278 928 336 987 qua
352 909 476 967 maxima
491 906 641 967 mactanda
654 904 896 985 procurandaque
909 916 1039 963 versatus
1052 903 1106 963 sit»
1114 946 1123 976 ,
1132 901 1229 961 omni-

208 1024 248 1063 no
269 1023 329 1063 uon
348 1003 531 1083 cogitandum
553 1016 605 1062 est.
621 1002 680 1062 Sed
694 1002 767 1061 illud
788 1003 820 1060 in
840 1014 996 1078 utrumque
1015 999 1230 1059 triumuiratum

207 1102 320 1176 cadere,
335 1102 372 1161 de
383 1102 520 1162 monetali
531 1101 648 1179 quidem
658 1101 862 1180 perspicuum,
876 1098 914 1157 de
927 1098 1031 1169 altero,
1045 1097 1167 1156 coloniis
1181 1095 1230 1154 de·

208 1198 349 1258 ducendis
363 1199 410 1257 rel
428 1198 505 1277 agris
525 1198 710 1270 dividundis,
737 1217 819 1275 teque
841 1208 1020 1274 compertum
1034 1207 1092 1265 est;
1103 1213 1163 1271 quo
1177 1193 1229 1271 qui

207 1294 396 1373 fungerentur
409 1313 493 1370 agros
503 1293 635 1371 publicos
647 1293 825 1365 vendebant,
841 1292 971 1371 privatos
979 1289 1126 1360 emebant,
1139 1302 1229 1367 prout

206 1408 253 1449 res
267 1390 402 1467 ertigeret.
415 1396 459 1449 Ac
472 1409 540 1448 sane
553 1389 705 1467 probabile
721 1403 764 1450 est
777 1393 809 1447 L.
826 1390 946 1449 Cinnam
962 1389 1019 1447 hoo
1032 1387 1227 1447 delenimento

206 1485 356 1545 divisionis
366 1505 518 1565 agrorum,
532 1505 657 1564 quorum
671 1499 738 1564 poet
756 1486 862 1545 sociale
876 1485 986 1549 bellum
1005 1486 1129 1547 maxima
1143 1484 1230 1562 oopia

207 1597 278 1658 erat,
292 1585 414 1644 militum
425 1582 614 1663 atqueplebis
626 1604 726 1663 egente
738 1584 848 1643 animos
858 1583 913 1645 sibi
922 1584 1077 1644 conciliare
1085 1583 1226 1652 voluisse3

206 1699 321 1758 neque,
337 1682 492 1759 quominus
505 1682 598 1759 legem
617 1680 758 1760 agrariam
774 1680 862 1738 latam
876 1701 938 1740 esse
951 1681 1112 1752 credamus,
1125 1679 1157 1738 id
1168 1678 1227 1737 ob-

206 1788 264 1836 stat
283 1777 363 1856 qood
384 1778 464 1837 nulla
480 1777 543 1857 ejus
562 1778 670 1837 mentio
690 1778 741 1836 liat
762 1777 795 1835 in
809 1789 867 1835 tam
877 1777 985 1854 jejunis
998 1777 1075 1839 illius
1089 1776 1228 1855 temporis

207 1873 358 1935 annalibus
373 1896 381 1933 τ
405 1894 503 1934 nonne
525 1874 602 1934 enim
625 1879 666 1935 Μ.
682 1874 765 1935 Bruti
786 1874 930 1933 coloniam
950 1877 1141 1953 Campanam,
1162 1893 1228 1951 quae

206 1970 268 2030 sine
283 1970 376 2031 dubio
389 1972 426 2031 ad
440 1972 557 2032 eosdem
572 1990 663 2031 anuos
674 1971 810 2050 pertinet,
824 1971 880 2030 nisi
891 1971 993 2032 Cicero
1003 1971 1066 2048 ejus
1079 1970 1227 2029 meminis-
1249 2006 1252 2012 ι

206 2080 263 2139 set,
278 2069 398 2126 omuino
408 2067 623 2145 ignoraremus?
634 2072 736 2145 Neque
752 2067 918 2145 hujusmodi
930 2066 1128 2145 assignationis
1138 2067 1228 2124 vesti-

206 2163 252 2240 gia
265 2182 380 2222 manere
392 2176 543 2243 poterant,
554 2182 659 2242 quum,
672 2163 798 2221 rescissis
811 2183 867 2240 per
875 2163 985 2222 Sullam
993 2163 1140 2222 *victorem
1156 2162 1227 2221 aotis

132 2262 136 2273 '
206 2259 320 2327 Cinnae,
338 2259 514 2337 quicumque
526 2259 588 2316 sire
599 2259 630 2315 ia
643 2258 765 2318 coloniis
776 2300 784 2329 ,
795 2259 866 2316 »sive
884 2257 993 2316 viritim
1009 2277 1094 2336 agros
1113 2276 1228 2336 accepe-

206 2371 280 2433 runt,
293 2358 329 2417 iis
343 2359 449 2417 iterum
462 2358 652 2435 pellerentur,
664 2370 698 2414 ut
706 2356 830 2417 Sullanis
843 2355 982 2437 militibus
993 2356 1145 2428 cederent;
1158 2375 1228 2432 quo-

205 2475 269 2514 rum
278 2455 354 2513 lilios
362 2455 463 2513 eedem
474 2454 621 2513 calamitas
630 2453 774 2526 manebat,
786 2473 846 2530 quo
858 2454 1000 2512 veteranis
1012 2459 1029 2513 J
1031 2455 1135 2512 alianis
1145 2451 1227 2511 sedes

205 2551 389 2630 pararentur.
406 2549 478 2622 Sed,
492 2569 667 2628 quamquam
681 2570 728 2610 res
741 2564 821 2609 cetto
839 2551 954 2610 deliniri
967 2564 1105 2630 nequeat,
1123 2549 1228 2609 Manil-

205 2666 263 2726 que
272 2647 386 2706 Fonteii
400 2666 506 2705 nomen
519 2647 550 2704 in
560 2647 684 2706 nummis
697 2667 757 2705 non
771 2661 951 2726 compareat,
967 2660 1077 2721 tamen,
1101 2648 1171 2725 quia
1182 2646 1229 2706 Ci-

206 2760 273 2801 cero
286 2760 353 2800 eum
370 2741 552 2820 magistratus
569 2766 582 2793 a
593 2753 660 2799 ante
678 2742 778 2800 oculos
798 2742 924 2801 civium·
949 2743 1067 2820 gessisse
1086 2743 1174 2814 dicit,
1190 2741 1227 2800 de

206 2839 342 2898 monetali
355 2839 552 2917 potiusquam
566 2837 603 2896 de
615 2839 730 2916 agrario
744 2839 928 2899 triumviratu
942 2841 1047 2916 cogito.

246 2941 398 3009 Questura
415 2935 529 2994 Fonteii
549 2936 817 3013 postconsulatum
840 2940 875 2994 L.
901 2936 1000 2994 Cinnas
1028 2948 1060 2994 et
1081 2941 1118 2994 L.
1133 2936 1229 2994 Flacci

206 3030 375 3091 collocanda
386 3044 445 3103 est,
461 3033 601 3091 Cicerone
614 3031 724 3091 diserte
736 3033 890 3110 profitente
907 3052 973 3091 eum
988 3033 1019 3090 in
1033 3031 1174 3090 solvendo
1184 3052 1230 3090 se-

206 3131 333 3190 eundum
346 3132 438 3210 legem
448 3131 594 3190 Valeriam
607 3132 793 3210 superiorum
805 3143 983 3209 quaestorum
995 3150 1106 3189 morem
1116 3151 1227 3209 sequu-

206 3240 267 3286 tum
281 3246 361 3286 esse:
374 3241 437 3286 tum
451 3246 523 3285 vero
539 3240 606 3287 ante
619 3227 783 3306 Scipionem
794 3239 825 3285 et
837 3228 1009 3288 Norbanum
1020 3229 1132 3287 cossin
1142 3248 1227 3306 quem

207 3342 315 3382 annum
324 3322 522 3401 Hispaniensis
539 3323 645 3401 legatio
656 3323 764 3382 incidit
777 3329 883 3384 Utrum
896 3338 993 3383 autem
1006 3345 1083 3384 auno
1093 3324 1131 3383 ab
1144 3330 1180 3384 U.
1193 3328 1226 3383 C.

207 3421 265 3494 667
275 3419 433 3479 secundum
446 3421 618 3481 Catonianos
632 3422 772 3496 rationes,
783 3442 857 3500 quas
871 3424 953 3502 sequi
967 3423 1063 3495 soleo,
1081 3443 1119 3481 an
1131 3422 1229 3501 potius

206 3518 338 3596 sequenti
355 3517 546 3577 adscribenda
563 3518 616 3591 sit,
639 3518 758 3597 quando
777 3520 815 3579 de
831 3539 909 3578 anno
923 3534 1057 3598 praeturae
1071 3518 1232 3597 disputabi-

205 3634 286 3688 mus,
300 3614 520 3693 disquirendum
532 3616 595 3675 erit.

245 3713 430 3791 Hispaniensi
441 3714 586 3792 legatione
597 3714 736 3775 Fonteius
750 3715 864 3774 functus
879 3727 932 3788 est,
945 3734 1005 3793 quo
1019 3727 1152 3792 tempore
1161 3718 1230 3773 Ser-

206 3811 300 3870 torius
311 3831 343 3870 se
356 3811 387 3868 in
404 3810 571 3890 Hispaniam
586 3812 717 3871 contulit
740 3812 857 3873 Scilicet
871 3832 927 3891 pro
941 3823 1085 3890 questore
1099 3812 1131 3869 iu
1150 3810 1230 3875 illum

207 3906 387 3983 provinciam
398 3907 522 3984 legatus,
541 3919 575 3966 ut
588 3907 697 3986 exejus
714 3909 853 3987 temporis
872 3928 928 3967 usu
943 3907 1098 3985 colligitur.
1112 3908 1231 3986 legatio
1346 3970 1356 3989 ,

209 4001 398 4062 Macedonico
418 4017 541 4082 sequuta
558 4016 615 4076 est,
629 4005 660 4063 in
675 4025 733 4083 qua
746 4005 925 4083 provinciam
943 4005 1116 4065 aThraoum
1137 4004 1230 4082 depo-

210 4097 365 4176 palatione·
372 4099 503 4161 defendit
516 4107 589 4181 (pro
602 4103 738 4172 Fonteio,
753 4120 816 4181 oap.
835 4102 902 4179 16);
919 4102 990 4180 qui,
1011 4103 1133 4162 revulsis
1146 4101 1234 4160 senei
