3200 4768
415 437 480 503 nn
504 438 566 503 nn
592 434 977 506 rnunanmnm.
1158 460 1223 535 ¹79

169 561 429 638 Hottomannus,
442 557 573 644 Antiqu.
586 557 618 637 1,
637 581 664 638 1,
679 573 711 620 et
724 579 799 620 cum
812 578 851 620 eo
866 556 953 621 docti
967 560 1132 643 nonnulli;
1144 564 1219 649 qui,

170 667 245 753 quia
257 666 300 729 sit
310 664 349 729 de
362 665 527 728 frumento
540 685 579 726 ex
590 662 657 727 sola
668 662 773 726 Sicilia
784 663 999 750 exportando,
1011 665 1223 754 privilegium,

140 852 145 857 ι
170 794 237 834 non
256 768 359 857 legem
377 768 526 856 appellari
548 767 665 831 debere
682 766 895 832 contendunt.
914 766 1064 835 Asfinnat
1076 771 1227 845 Contere·

170 898 253 939 nus:
270 897 336 938 non
353 874 440 938 enim
457 872 498 936 de
517 873 588 936 solo
603 871 768 936 frumento
783 872 884 936 siculo
901 871 996 935 latam
1014 874 1117 962 legem
1135 892 1227 962 putat

158 980 276 1045 «fuisse.
290 980 377 1061 lm0,
393 978 515 1071 inquit,
535 976 615 1040 illud
634 975 674 1040 de
693 976 795 1040 siculo
814 976 994 1058 frumento,
1014 1001 1119 1042 unum
1131 999 1228 1068 caput

19 1110 23 1118 ·
74 1074 81 1137 ἶ
170 1086 246 1174 legis
264 1085 341 1167 fuit,
356 1107 419 1172 qua
433 1100 564 1148 cautum
578 1099 728 1179 praeterea
740 1097 788 1147 est
798 1130 807 1164 ,
819 1083 875 1170 qui
888 1105 1042 1147 numerus
1054 1083 1227 1168 frumenti,

134 1194 138 1213 ¹
170 1207 203 1254 et
215 1190 329 1277 quanti
345 1206 427 1254 esset
437 1189 471 1252 in
486 1188 555 1253 aliis
570 1188 741 1276 provinciis
758 1186 923 1252 emendus.
939 1188 980 1252 Et
993 1211 1069 1253 sane
1084 1191 1227 1255 frumen·

169 1313 241 1359 tum
258 1312 405 1383 emptum
423 1294 552 1359 aliunde
568 1295 723 1382 oportuit.
742 1292 1014 1381 Quandoquidem
1032 1295 1084 1358 illa
1101 1296 1229 1361 modio·

61 1430 67 1436 ·
170 1424 243 1464 rum
260 1402 352 1465 siculi
368 1400 524 1464 immenti
539 1401 724 1490 octingenta
738 1399 835 1463 millia
855 1401 953 1464 trium
969 1402 1130 1466 mensium
1147 1403 1229 1467 ciba·

65 1512 80 1567 ί
171 1506 226 1569 riis
242 1528 307 1569 non
325 1504 400 1569 satis
418 1526 486 1569 esse
500 1520 652 1591 poterant
665 1505 713 1567 uti
726 1505 809 1567 infra
822 1502 1043 1587 declarabitur.
1060 1507 1131 1571 Nisi
1146 1508 1229 1572 forte
1249 1516 1255 1529 '

77 1674 81 1687 ,
171 1626 288 1698 praeter
300 1625 446 1697 emptum
460 1609 679 1688 frumentum,
696 1624 818 1695 partem
830 1604 925 1672 etiam
939 1608 1108 1675 decumani
1124 1612 1231 1676 distri·

172 1715 284 1778 butam
300 1713 386 1801 plebi
402 1711 653 1789 fuissedixeris:
671 1736 734 1800 qua
750 1711 791 1778 de
806 1736 841 1777 re
859 1713 938 1778 nibil
958 1715 1062 1781 babeo
1077 1717 1166 1804 quod
1185 1718 1231 1781 af·

60 1874 64 1877 .
172 1819 307 1883 firmem.

215 1925 334 2013 Legem
350 1925 531 1989 Terentiam
548 1939 749 2011 precesserat
769 1925 836 1989 sire
856 1926 1037 2007 mensibus,
1055 1927 1124 1992 sive
1136 1930 1229 1994 annis

61 2066 67 2073 ·
172 2030 308 2116 aliquot,
327 2029 406 2093 mihi
421 2029 507 2092 enim
525 2051 591 2092 non
606 2030 723 2115 liquet,
741 2031 1057 2095 senatusconsultum
1071 2031 1111 2095 de
1124 2032 1230 2096 alteris

173 2132 336 2216 decumis,
355 2132 445 2222 quod
466 2135 511 2197 sic
529 2133 645 2197 habet:
664 2134 780 2196 Omnis
800 2156 875 2221 ager
898 2136 1010 2199 Sicilie
1032 2135 1232 2200 decumanus

171 2240 236 2319 jam
253 2256 328 2303 ante
343 2240 515 2326 imperium
537 2239 650 2327 poptdi
667 2240 793 2303 romani
811 2240 955 2326 ipsorum
973 2240 1155 2304 Siculorum
1172 2264 1231 2305 vo·

173 2343 313 2426 luntate,
328 2360 360 2409 et
375 2343 530 2408 institutis
551 2345 666 2409 luerat.
682 2343 748 2407 Cic.
766 2342 820 2405 lib.
834 2344 902 2423 111,
918 2366 986 2431 cap.
1006 2343 1036 2408 6.
1053 2345 1231 2434 Quumque

175 2471 288 2537 agrum
310 2450 401 2515 illum
423 2449 549 2512 fecisset
563 2448 696 2511 victoria
710 2448 877 2536 publicum
892 2449 1006 2536 populi
1021 2452 1163 2534 romani,
1180 2452 1231 2516 si-

175 2554 254 2619 culis
270 2571 319 2619 est
333 2553 497 2637 redditus,
511 2555 554 2618 ita
570 2571 696 2630 tamen,
712 2571 769 2635 ut,
785 2569 900 2643 praeter
915 2572 1038 2642 septem
1055 2557 1231 2640 civitatum,

175 2659 285 2724 eadem
301 2659 488 2724 conditione
505 2676 603 2741 esset,
621 2681 685 2747 qua
700 2676 794 2724 antea
811 2660 928 2743 fuerat3
947 2659 983 2723 id
999 2677 1063 2738 est,
1084 2679 1122 2725 ut
1137 2662 1232 2727 decu·

176 2787 244 2828 mas
268 2766 419 2852 gratuitas
440 2764 612 2852 penderet,
631 2786 718 2845 non,
740 2780 777 2829 ut
799 2765 896 2847 olim,
920 2764 1048 2853 regibus
1066 2767 1152 2842 suis,
1176 2768 1233 2854 qui

177 2866 257 2931 nulli
272 2869 338 2947 jam
359 2885 469 2951 erant,
487 2869 544 2934 sed
561 2869 754 2958 reipublicoe.
781 2870 838 2932 Hae
850 2885 937 2933 'sunt
955 2870 1066 2957 primae
1090 2870 1233 2937 decumae

177 2995 249 3060 quae
269 2995 288 3037 a
310 2973 465 3038 Cicerone
486 2976 695 3063 appellantur.
715 2976 826 3057 Quum
849 2998 925 3039 vero
941 2997 1077 3039 annonae
1095 2975 1235 3049 difficul-

177 3095 240 3143 tate
258 3079 344 3143 Urbs
362 3096 572 3166 premeretur,
595 3082 730 3145 Senatus
752 3080 882 3145 decreto
901 3080 1000 3145 Siculi
1022 3097 1146 3146 tantum
1167 3083 1235 3146 fru-

177 3186 279 3248 menti
293 3183 369 3248 dare
381 3185 484 3249 coacti
496 3200 589 3260 sunt,
603 3202 759 3272 quantum
777 3208 815 3249 ex
827 3185 940 3275 primis
954 3186 1098 3251 decumis
1113 3189 1235 3255 fuisset.

222 3291 279 3353 Hae
290 3305 369 3354 sunt
379 3289 485 3353 alterae
498 3288 658 3373 decumae,
675 3312 745 3377 quoe
762 3313 828 3355 non
845 3307 936 3355 erant
950 3308 1057 3357 tamen
1072 3293 1235 3381 gratuitae,

178 3394 465 3482 utiprinue3na1n
487 3394 626 3482 pretium
652 3395 703 3458 his
725 3393 867 3460 decumis
885 3397 1096 3461 constitutum
1119 3415 1186 3463 erat
1201 3401 1233 3462 in

179 3499 305 3565 modios
323 3500 466 3588 singulos
483 3499 617 3565 sestertii
633 3501 735 3583 terni,
752 3502 808 3588 qui
822 3501 999 3566 aratoribus
1013 3505 1235 3589 persolveren-

179 3620 242 3670 tur.
261 3607 326 3670 Cic.
344 3605 443 3686 ibid,
460 3629 527 3694 cap.
544 3608 597 3692 69.
614 3609 766 3671 Ceterum
782 3606 907 3671 videtur
922 3608 1057 3672 Senatus
1072 3632 1156 3690 non,
1173 3609 1234 3671 nisi

134 3702 138 3713 ’
179 3732 280 3798 quum
297 3710 497 3799 temporibus
507 3712 689 3799 reipublice
698 3728 876 3801 cogeretur,
887 3710 1064 3776 decrevisse
1079 3729 1116 3775 ut
1131 3713 1236 3776 alteroe
1254 3706 1268 3726 ⁹

83 3839 90 3851 ·
180 3813 323 3879 decumae
340 3818 553 3904 exigerentur.
578 3815 659 3889 Ibid.
676 3840 744 3905 cap.
770 3816 819 3880 16.
842 3814 969 3878 Nollem
990 3817 1054 3878 hoc
1073 3814 1114 3878 de
1132 3815 1237 3880 alteris

181 3919 324 3986 decumis
341 3922 655 3987 senatusconsultum
672 3922 831 3987 omisisset
851 3922 999 3984 Vincent.
1016 3922 1236 4004 Contarenus,

180 4026 316 4114 scriptor
331 4028 474 4116 alioquin
497 4029 531 4092 in
551 4029 616 4092 hoc
632 4045 823 4120 argumento
841 4027 880 4091 de
897 4051 932 4090 re
949 4028 1156 4115 frumentaria
1173 4052 1237 4093 non

181 4129 335 4197 mediocri
351 4133 512 4225 diligentia
531 4149 686 4198 versatus.

1074 4265 1125 4309 12.
