3016 4774
355 430 1393 455 mssmfflfflfflfflmmfflmfflfflffl

560 638 1058 763 EXCURSUS
1104 641 1213 762 ΙΙΙ

439 890 503 963 AD
532 889 804 959 ORATIONEM
834 889 927 959 PRO
952 888 1151 975 CAECIM,
1171 888 1270 957 CAP.
1293 912 1325 956 a.

392 1266 441 1327 De
444 1263 524 1353 jure
535 1148 621 1327 diviti
621 1261 782 1355 judicium
784 1263 868 1348 fieri
878 1261 1043 1326 videntur.
1052 1262 1110 1327 Ius
1118 1261 1221 1346 civile,
1235 1264 1288 1344 jus
1299 1262 1392 1327 civium

346 1366 553 1453 interpretor.
580 1362 680 1445 Quod
703 1379 812 1427 autem
834 1364 959 1427 Caecina
986 1362 1218 1429 volaterranus
1241 1381 1335 1446 esset,
1355 1361 1392 1427 cui

347 1471 525 1557 municipio
542 1467 629 1532 Sulla
643 1468 757 1550 victor,
773 1468 852 1532 item
864 1485 902 1532 ut
917 1470 1032 1534 ceteris
1049 1470 1146 1533 Italiae
1157 1470 1353 1559 municipiis,
1363 1467 1392 1530 o'·

346 1577 477 1639 vitatem
497 1572 678 1654 ademerat,
691 1574 764 1654 jure
781 1574 959 1656 Quiritium
975 1597 1014 1639 ao
1029 1575 1148 1639 civium
1161 1577 1212 1639 uti
1231 1599 1306 1640 eum
1320 1593 1392 1662 posse

350 1679 487 1767 negabat
501 1701 509 1741 :
523 1677 623 1741 veluti
634 1678 847 1742 hereditatem
858 1701 877 1741 a
888 1679 957 1743 cive
970 1702 1053 1745 rom.
1065 1681 1229 1768 accipere:
1240 1682 1313 1746 solis
1327 1678 1394 1743 enin

345 1784 469 1849 civibus
487 1805 569 1847 rom.
590 1783 808 1847 hereditatum
829 1782 930 1847 aditio
944 1786 1202 1872 permittebatur.
1222 1786 1393 1853 Coecinaau·

345 1906 411 1954 tem
430 1888 471 1952 ab
487 1911 589 1953 uxore
603 1912 661 1953 sua
670 1889 835 1953 Caesennia
850 1889 944 1952 heres
962 1890 1069 1955 fuerat
1082 1894 1268 1976 institutus3
1284 1913 1352 1980 ergo
1363 1887 1392 1951 de

342 1996 416 2076 jure
433 1993 518 2061 civili
533 1996 579 2059 sic
595 1995 734 2083 accipio,
751 1993 793 2061 de
813 1995 1038 2078 lateritium,
1058 1998 1108 2062 vel
1124 1996 1251 2079 dejure
1271 1993 1391 2062 civitatis.

347 2102 498 2166 Horrore.
1169 2148 1173 2153 »

387 2207 451 2271 Sed
472 2205 604 2295 dejure
626 2205 711 2271 οἰνιῖἰ
725 2205 888 2295 judicium
898 2202 983 2291 fieri
1005 2209 1176 2273 videretur.
1202 2208 1343 2298 Suspicio
1361 2202 1392 2266 de

263 2318 266 2325 ’
343 2311 464 2378 mendo
474 2312 561 2376 nulla
571 2326 621 2376 est
628 2313 662 2377 iu
675 2311 726 2375 his
738 2312 853 2376 verbis.
867 2313 1046 2401 Explicatio
1057 2314 1252 2379 nobilissimi
1261 2314 1391 2396 juriscon-

343 2419 418 2482 sulti
434 2418 530 2498 feeit,
544 2433 584 2480 ut
600 2438 666 2479 non
682 2418 972 2503 praetermitterem.
990 2420 1235 2484 Hottomannus
1251 2420 1343 2510 igitur
1347 2414 1391 2501 jus

340 2523 428 2587 oivile
442 2523 673 2610 interpretatur
682 2520 736 2584 hic
742 2522 800 2610 jus
814 2526 963 2606 civitatis,
973 2524 1062 2612 quod
1076 2524 1249 2610 AEbutius‚
1261 2523 1391 2614 quoniam

342 2628 429 2693 Sulla
444 2626 604 2691 civitatem
621 2624 838 2692 Volaterranis
852 2627 1041 2713 ademisset,
1058 2648 1154 2720 negat
1169 2634 1326 2698 Caecinatn
1339 2627 1390 2689 Vo-

341 2735 537 2799 laterranum
558 2732 660 2796 civem
676 2752 763 2814 esse,
782 2747 815 2796 et
832 2757 850 2797 a
864 2734 933 2800 cive
946 2757 1042 2823 posse
1056 2735 1270 2803 hereditatem
1288 2752 1391 2823 capere·

341 2838 423 2904 Mihi
436 2836 566 2926 probari
577 2837 750 2925 vixpossit.
762 2837 861 2901 Mitto
869 2838 1025 2926 loquendi
1036 2863 1157 2930 genus,
1167 2863 1236 2929 quo
1246 2863 1311 2906 non
1319 2834 1391 2911 alibi,

341 2943 432 3034 quod
445 2942 580 3032 quidem
597 2942 816 3027 meminerim,
831 2944 877 3007 sic
891 2946 1004 3008 utitur.
1018 2946 1067 3010 De
1069 2947 1147 3033 jure
1160 2963 1271 3012 autem
1282 2940 1392 3011 ettad

241 3107 248 3123 ,
342 3044 413 3139 quoe
430 3049 577 3114 dicturus
587 3050 679 3113 estin
695 3050 757 3113 hac
774 3049 938 3134 oratione,
952 3052 988 3114 in
1004 3069 1146 3117 extrema
1161 3052 1261 3136 dicet,
1276 3068 1312 3118 ut
1321 3042 1392 3114 aliud

341 3176 457 3244 agens,
473 3177 511 3219 ao
524 3153 611 3218 ditet
627 3154 679 3218 his
697 3155 774 3242 ipsis
792 3155 900 3220 verbis
918 3179 926 3220 :
947 3188 961 3213 α
974 3156 1064 3221 Nihil
1077 3180 1114 3223 ea
1130 3158 1171 3223 ad
1190 3162 1317 3226 causam
1335 3150 1393 3218 atti·

253 3263 259 3271 ‘
339 3261 450 3325 nuisse
460 3290 481 3324 ι.
501 3258 601 3343 Quod
614 3260 712 3348 igitur
725 3260 817 3324 civile
826 3263 880 3343 jus
894 3261 998 3328 dicam
1011 3265 1064 3327 hic
1076 3264 1232 3354 intelligi?
1242 3266 1277 3332 id
1290 3263 1327 3328 de
1338 3277 1392 3348 quo
1450 3348 1451 3353 η

292 3446 296 3453 .
341 3364 449 3432 statim
467 3363 617 3444 subjiciet
633 3387 664 3427 :«
675 3365 738 3429 Sed
749 3389 852 3453 quum
866 3367 907 3432 de
925 3392 964 3431 eo
978 3370 1052 3450 jure
1066 3371 1147 3435 mihi
1163 3371 1333 3436 dicendum
1347 3364 1391 3437 sit,
1450 3406 1451 3415 ¹

343 3493 411 3562 quo
428 3467 556 3563 sulrlnto
570 3492 637 3534 non
654 3471 760 3535 solum
776 3494 849 3560 pars
866 3474 971 3562 aliqua
986 3474 1162 3557 diminuta,
1179 3476 1339 3542 sedetiam
1355 3468 1391 3531 ti⁵
1450 3554 1451 3561 ἵ

340 3602 393 3660 ea,
412 3599 484 3666 quse
499 3575 562 3656 juri
583 3576 720 3641 maxime
737 3595 786 3642 est
802 3578 993 3661 adversaria,
1012 3579 1203 3647 confirmata
1218 3605 1286 3647 esse
1302 3577 1391 3643 videa·
1450 3568 1451 3615 l

341 3686 519 3750 tur·».Hoo
535 3684 710 3769 antemius
729 3684 763 3747 in
783 3708 845 3772 qua
864 3709 898 3749 re
917 3703 1078 3765 versatum
1098 3689 1153 3770 sit,
1167 3688 1247 3753 dixit
1265 3679 1391 3754 etiamin

342 3792 477 3856 Oratore
492 3791 538 3854 sic
555 3811 562 3852 :
580 3789 685 3853 «Tota
699 3790 794 3855 nobis
805 3814 899 3856 causo
916 3814 977 3881 pro
993 3793 1118 3858 Caecina
1131 3793 1173 3858 de
1188 3795 1291 3859 verbis
1308 3792 1391 3855 inter·

340 3894 418 3959 dicti
432 3897 495 3957 fuit
505 3926 529 3960 ιι.
544 3895 585 3958 Et
603 3893 689 3959 dicet
701 3896 735 3959 in
750 3897 809 3960 hnc
830 3899 976 3963 omtione
992 3922 1000 3962 :
1020 3899 1210 3963 «Dolabella
1225 3893 1392 3988 praetorio·

339 3996 486 4077 terdixit„
509 4017 546 4062 ut
571 4016 619 4064 est
644 4002 866 4082 consuetudo,
895 4002 935 4066 de
962 4005 993 4066 vi
1019 3995 1209 4069 hominibus
1234 4000 1353 4070 minatis
1368 4024 1388 4054 ¹¹·

340 4099 467 4170 Deinde
484 4126 491 4164 :
512 4103 677 4188 «Sponsio
697 4106 779 4171 lacta
798 4124 861 4188 θεῖς
877 4107 918 4173 de
936 4110 996 4175 hac
1016 4112 1193 4198 sponsione
1210 4111 1299 4179 vobis
1314 4098 1392 4187 judi·

771 1074 1012 1100 ...o-—
