3054 4772
445 399 716 468 EXCURSUS
741 396 882 467 XXXI.
1127 399 1199 473 623

139 522 188 585 Ita
200 521 413 584 Buchannnus
427 518 600 608 legendum
617 522 796 602 conjecerat
812 517 864 607 (ut
869 513 1002 607 fundus
1020 522 1062 586 sit
1077 537 1199 607 auctor,

35 640 37 679 1
140 649 212 714 quoe
239 642 271 689 et
289 625 397 713 fundi
417 627 509 690 notio
533 628 610 716 est),
639 627 739 716 idque
757 627 791 689 in
822 641 1010 690 contextum
1036 646 1200 716 receperat

35 730 40 789 ζ·
139 732 347 796 Lambinus:
379 754 418 795 ex
449 755 515 819 quo
548 735 602 797 hic
623 735 714 798 iocus
740 733 785 796 ita
805 754 937 819 prorsus
962 755 981 796 a
1005 733 1130 817 multis,
1164 735 1199 798 in

35 859 39 897 i
140 837 200 901 hac
210 837 384 925 presertim
398 837 551 921 notione,
568 837 746 926 productus
768 836 840 901 fuit.
869 837 910 901 At
936 860 973 902 ea
994 838 1089 904 lectio
1109 840 1203 913 nullo,

140 942 260 1030 scripto
276 940 386 1005 codice
404 941 501 1026 fulta,
519 941 576 1007 sed
591 967 630 1008 ex
642 941 773 1033 ingenio
788 939 1078 1025 conficte‚1nerit0
1093 959 1141 1007 est
1153 967 1203 1009 re·

136 1046 290 1127 jicienda,
313 1071 350 1112 ac
366 1046 540 1136 legendum
563 1065 704 1137 utroque
727 1049 799 1111 loeo
827 1049 960 1113 Caecinoe
980 1050 1084 1137 panio
1106 1073 1201 1133 enen,

34 1180 38 1219 ι
139 1152 187 1215 uti
198 1169 229 1215 et
241 1153 436 1216 membrana
444 1153 631 1218 ostendunt.
644 1154 720 1218 Hoee
733 1175 772 1215 eo
787 1154 918 1233 monui,
931 1169 969 1218 ut
980 1153 1201 1239 ostenderem,

137 1257 283 1323 Tullium
294 1256 360 1320 no'n
374 1258 468 1340 alibi,
482 1282 578 1347 quam
593 1261 628 1322 in
643 1257 848 1340 Corneliana,
865 1260 1100 1346 nomenstmdi
1107 1284 1203 1324 usun-

138 1385 230 1451 pasee
248 1363 302 1450 (de
316 1364 505 1429 hominibus
524 1388 564 1429 eo
586 1364 696 1451 sensu)
718 1381 832 1428 contra
857 1365 946 1453 quod
969 1367 1118 1431 nonnulli
1139 1367 1201 1431 viri

33 1500 36 1557 5
139 1466 315 1530 doctissimi
340 1468 503 1547 sentiunt,
528 1470 585 1556 qni
608 1468 696 1531 hunc
718 1467 828 1533 locum
849 1469 1019 1553 adferunt,
1046 1488 1085 1536 ut
1107 1495 1199 1536 suam

141 1585 294 1635 tueantur
317 1573 741 1639 sententiam.Mizoc11.in
764 1576 861 1642 Tabb.
884 1576 1013 1642 Herael.
1035 1599 1098 1666 pag
1115 1580 1199 1665 471,

141 1698 173 1738 n.
196 1678 266 1754 146.
