3200 4768
400 396 455 465 IN
481 394 695 466 VERREM
720 393 823 465 Act.
849 395 905 480 ΙΙ,
930 396 1027 463 LIB.
1054 396 1117 465 IV.
1219 391 1289 466 263

231 514 363 589 neficio
387 520 547 615 positum
576 516 806 587 simulacrum
833 517 1023 603 Mercurii,
1050 518 1292 614 pulcherrime

232 625 647 716 factum,sustulistilAt
658 624 1046 725 quemadmodum,dii
1057 628 1291 701 immortales!

234 762 342 833 quam
365 735 547 810 audacter!
565 762 675 835 quam
692 733 900 808 libidinose!
918 762 1027 833 quam
1042 739 1291 836 impudenter!

233 849 390 920 Audistis
409 873 526 946 nuper
545 847 665 920 dicere
683 849 818 945 legatos
834 846 1112 944 Tyndaritanos,
1129 849 1295 922 homines

234 956 504 1031 honestissimos
520 983 560 1030 ac
581 959 762 1056 principes
781 958 951 1047 civitatis,
971 961 1212 1045 Mercurium,
1231 961 1296 1056 qui

233 1071 340 1140 sacris
367 1070 639 1140 anniversariis²
667 1066 764 1167 apud
795 1090 857 1138 eos
871 1091 924 1173 ¹ac
953 1090 1093 1138 summa
1120 1066 1296 1163 religione

234 1178 422 1266 coleretur,
437 1201 548 1275 quem
561 1183 597 1249 P.
614 1176 821 1267 Africanus,
839 1175 1053 1274 Carthagine
1070 1192 1189 1274 capta,
1202 1182 1297 1273 Tyn·

234 1286 403 1360 daritanis
422 1308 498 1358 non
520 1288 639 1358 solum
660 1313 731 1359 suae
748 1290 927 1375 victoriae,
945 1284 1008 1357 sed
1026 1287 1132 1358 etiam
1151 1286 1297 1357 illorum

233 1394 319 1467 fidei
342 1397 593 1492 societatisque
613 1410 892 1467 monumentum
914 1410 1023 1492 atque
1042 1395 1217 1468 indicium
1236 1395 1297 1467 de·

235 1503 364 1591 disset,
384 1505 494 1601 hujus
512 1508 565 1590 vi,
586 1505 741 1593 scelere,
763 1506 990 1604 imperioque
1004 1531 1081 1579 esse
1096 1506 1296 1578 sublatum:

236 1616 300 1711 qui
322 1630 363 1685 ut
381 1617 538 1711 primum
556 1618 595 1685 in
615 1614 703 1686 illud
721 1615 899 1713 oppidum
918 1618 1033 1705 venit,
1056 1620 1195 1704 statim,
1212 1632 1298 1689 tam·

236 1747 348 1820 quam
376 1725 424 1795 ita
452 1723 529 1796 fieri
555 1749 631 1796 non
657 1725 774 1796 solum
801 1741 1004 1824 oporteret,
1024 1726 1086 1799 sed
1109 1730 1216 1827 etiam
1234 1754 1298 1799 ne·

236 1857 333 1905 cesse
356 1850 466 1922 esset;
489 1850 672 1932 tamquam
692 1835 764 1906 hoc
783 1851 928 1908 senatus
943 1837 1165 1925 mandasset,
1185 1862 1300 1936 popu·

236 1943 366 2040 iusque
393 1970 565 2016 romanus
589 1946 768 2041 jussisset3
796 1948 846 2018 ita
873 1952 1069 2034 continuo,
1091 1952 1235 2045 signum
1258 1963 1300 2019 ut

206 2122 220 2133 ,
236 2053 510 2144 demolirentur,
528 2072 565 2128 et
586 2054 809 2128 Messanam³
827 2057 1082 2155 deportarent,
1098 2059 1298 2155 imperavit.

284 2164 394 2256 Quod
416 2190 532 2263 quum
549 2165 635 2254 illis,
654 2169 718 2263 qui
737 2166 901 2255 aderant,
923 2166 1133 2264 indignum,
1152 2169 1217 2264 qui
1235 2192 1298 2238 au·

237 2273 403 2362 diebant,
417 2274 625 2347 incredibile
637 2275 840 2365 videretur3
857 2303 932 2349 non
949 2292 1003 2350 est
1016 2276 1063 2348 ab
1074 2280 1164 2364 isto,
1181 2280 1300 2377 primo

237 2385 300 2456 illo
322 2384 502 2472 adventu,
524 2401 813 2483 perseveratum:
832 2385 1019 2458 discedens
1039 2386 1185 2459 mandat
1201 2412 1303 2484 proa-

238 2497 352 2592 goro4
373 2498 545 2593 Sopatro,
565 2497 669 2590 cujus
689 2496 800 2568 verbe
822 2494 987 2584 audistis,
1004 2510 1046 2568 ut
1064 2496 1299 2568 demoliatur:

238 2630 354 2701 quum
380 2622 578 2693 recusaret,
604 2606 838 2679 vehementer
868 2611 1029 2679 minatur
1050 2634 1058 2678 ε
1083 2613 1134 2680 ita
1156 2623 1234 2680 tum
1256 2634 1301 2681 ex

238 2714 301 2785 illo
319 2714 456 2813 oppido
476 2714 727 2813 proficiscitur.
743 2710 950 2813 Proagorus
966 2714 1075 2788 refert
1096 2742 1171 2788 rem
1190 2718 1236 2788 ad
1251 2743 1302 2790 se·

240 2822 387 2894 natum⁵
404 2853 412 2895 ι
433 2825 667 2898 vehementer
683 2824 845 2924 undique
862 2826 1086 2897 reclamatur.
1100 2829 1155 2898 Ne
1168 2826 1301 2898 multa:

240 2933 372 3004 iterum
391 2937 457 3006 iste
480 2934 664 3032 aliquanto
682 2950 765 3034 post
780 2935 824 3007 ad
843 2936 924 3008 illos
937 2938 1050 3023 venit,
1070 2938 1197 3034 quaerit
1212 2962 1301 3009 con·

240 3049 344 3118 tinuo
370 3047 416 3118 de
444 3050 557 3145 signo.
582 3050 836 3148 Respondetur
857 3052 911 3139 ei,
934 3064 1099 3122 senatum
1126 3076 1200 3121 non
1219 3073 1303 3147 per·

241 3159 401 3244 mittere;
423 3181 568 3254 poenam
592 3156 740 3255 capitis⁶
763 3164 1014 3248 constitutam,
1032 3162 1062 3232 si
1086 3160 1222 3257 injussu
1244 3186 1326 3234 se-·

240 3281 347 3338 natus
371 3266 565 3364 quisquam
588 3268 781 3363 attigisset:
800 3270 906 3343 simul
932 3271 1061 3367 religio
1085 3295 1304 3344 commemo-

276 3518 301 3553 a.
309 3502 390 3552 Sacris
398 3500 578 3552 minatoriis.
589 3503 750 3564 hcnjusho·
829 3500 854 3547 5·
865 3498 1036 3547 Adumm-
1051 3499 1168 3547 Hioetin
1181 3501 1305 3564 sequenti·

239 3598 324 3632 nom
336 3582 469 3647 quotannis
482 3582 545 3631 dim
557 3583 644 3632 farum
657 3599 750 3632 mm
792 3578 838 3627 bus
848 3577 1019 3641 intelligendus
1029 3588 1066 3626 ert
1076 3588 1174 3627 unctus
1182 3578 1305 3642 Tyndari·

239 3678 295 3710 eum
304 3661 420 3725 religione
433 3661 595 3710 oclebnbant.
794 3666 874 3704 unna.

276 3742 302 3791 3,
309 3744 513 3806 Μωωωρῃ
521 3742 580 3790 ml„
586 3759 672 3792 „mm
683 3741 749 3789 illm
828 3735 853 3781 6.
874 3736 973 3782 Poenam
993 3733 1080 3797 capitis
1097 3732 1270 3792 constitutam,
1281 3735 1305 3785 si

240 3821 375 3871 nautam
394 3820 442 3870 sibi
459 3832 614 3886 reposuerat,
633 3821 665 3871 sd
684 3822 748 3869 liam
793 3811 1097 3878 quisquam....attigisset.
1115 3811 1211 3859 Summa
1223 3812 1304 3876 legum

241 3902 323 3951 onnia
333 3906 439 3951 nomam
452 3899 611 3966 deportanda.
792 3892 919 3943 severitate
939 3893 965 3938 in
984 3906 1027 3938 eor
1040 3900 1138 3939 cautum
1159 3902 1225 3949 eant,
1237 3893 1305 3958 apud

278 3990 303 4039 4,
316 3985 450 4047 prowm,
464 3983 565 4029 summo
578 3979 669 4028 „ium
682 3982 749 4046 Tyn.
793 3971 986 4038 Tyndaritanos,
997 3968 1040 4033 qni
1057 3984 1109 4017 uon
1122 3969 1197 4019 modo
1217 3970 1307 4031 deum,

241 4059 408 4109 &riuum
429 4059 592 4125 mpetratum
612 4075 670 4109 m
687 4059 750 4108 infr·
793 4052 837 4102 scd
848 4067 902 4115 que
914 4047 1089 4099 sacrificiorum
1100 4066 1146 4099 uun
1164 4062 1245 4103 anem
1258 4051 1306 4101 deo

243 4135 282 4185 lain
293 4139 373 4187 verbis
385 4149 469 4189 orator
483 4140 567 4187 udtnr.
794 4141 934 4184 aemesam
943 4166 952 4193 ‚
960 4131 1085 4181 violarent.
