3200 4768
303 410 371 484 252
614 416 661 484 Μ.
686 421 724 485 Τ.
750 414 1039 487 CICERONIS

300 534 460 631 judices,
485 535 585 635 quod
610 537 656 609 ab
681 543 790 610 AEnea
815 536 975 635 fugiente
996 558 1018 604 a
1042 533 1167 628 Troja,
1189 547 1298 630 atque
1324 537 1361 603 in

301 643 377 715 haec
398 644 475 715 loca
496 646 682 736 veniente,
706 647 894 718 conditum
915 669 991 717 esse
1012 641 1271 714 demonstrant.
1290 649 1361 713 Ita·

302 776 375 848 que
401 758 607 850 Segestani,
632 780 708 826 non
728 756 844 827 solum
866 768 1042 854 perpetua
1061 755 1230 823 societate
1252 767 1363 849 atque

300 864 473 952 amicitia,
498 889 625 936 verum
652 869 758 936 etiam
786 868 1025 962 cognatione²
1054 886 1091 933 se
1117 887 1201 933 curn
1223 862 1362 958 populo

301 995 453 1045 romano
479 976 694 1070 conjunctos
721 1001 798 1047 esse
822 975 1053 1047 arbitrantur.
1079 977 1157 1043 Hoc
1178 970 1360 1069 quondam

300 1081 499 1179 oppidum,
518 1108 631 1180 quum
645 1085 704 1156 illa
722 1091 845 1157 civitas
861 1110 945 1156 cum
965 1085 1086 1154 Poenis
1105 1077 1194 1152 suo³
1215 1082 1361 1152 nomine

300 1214 343 1261 ac
356 1216 420 1262 sua
434 1206 563 1289 sponte
577 1193 746 1284 bellaret,
761 1221 781 1267 a
794 1191 1146 1292 Carthaginiensibus
1165 1192 1200 1260 vi
1216 1204 1360 1286 captum

301 1314 411 1398 atque
435 1302 593 1373 deletum
617 1319 687 1392 est,
704 1309 920 1402 omniaque,
944 1328 1024 1400 quae
1046 1315 1258 1373 ornamento
1278 1296 1360 1368 urbi

303 1432 380 1480 esse
401 1427 570 1507 possent,
598 1415 850 1513 Carthaginem
872 1428 956 1485 sunt
977 1437 1022 1484 ex
1045 1412 1108 1482 illo
1130 1411 1210 1481 loco
1230 1409 1359 1505 depor-

302 1533 385 1590 tata.
407 1522 488 1591 Fuit
502 1522 599 1621 apud
615 1527 826 1622 Segestanos
839 1550 883 1596 ex
896 1549 965 1594 aere
977 1521 1207 1594 simulacrum
1222 1523 1363 1604 Dianae,

303 1651 415 1723 quum
432 1653 569 1703 summa
582 1648 690 1731 atque
708 1637 954 1732 antiquissima
972 1630 1160 1731 praeditum
1176 1630 1363 1725 religione,

303 1748 382 1807 tum
394 1739 565 1835 singulari
579 1767 689 1839 opere
701 1744 926 1840 artificioque
939 1739 1148 1839 perlectum.
1161 1744 1241 1810 Hoc
1253 1751 1365 1807 trans·

302 1846 416 1917 latum
437 1850 706 1946 Carthaginem,
729 1853 848 1924 locum
871 1865 1009 1922 tantum
1030 1850 1268 1943 hominesque
1285 1869 1364 1913 mu·

303 1970 410 2045 tarat,
426 1959 636 2055 religionem
652 1962 798 2059 quidem
813 1963 1000 2058 pristinam
1014 1954 1269 2029 conservabat:
1281 1977 1363 2022 nam

303 2072 482 2165 propter⁴
513 2071 682 2141 eximiam
708 2069 1035 2169 pulchritudinem,
1063 2067 1169 2135 etiam
1201 2059 1365 2131 hostibus

303 2173 431 2272 digna,
449 2203 558 2275 quam
575 2183 795 2252 sanctissime
809 2181 987 2265 colerent,
1008 2174 1205 2246 videbatur.
1220 2170 1366 2267 Aliquot

303 2285 432 2356 seculis
454 2304 556 2385 post,
578 2295 616 2360 P.
641 2286 786 2388 Scipio⁵
806 2288 905 2361 bello
925 2287 1061 2358 Punico
1085 2286 1192 2354 tertio
1213 2278 1363 2352 Cartha·
1404 2330 1419 2349 .

303 2396 424 2489 ginem
447 2400 568 2492 cepit:
593 2422 664 2494 qua
688 2403 725 2469 in
748 2400 896 2469 victoria
918 2396 1060 2492 (videte
1082 2393 1238 2463 hominis
1255 2394 1367 2459 virtu·

304 2519 378 2573 tem
401 2518 438 2573 et
460 2504 703 2602 diligentiam,
728 2522 770 2578 ut
797 2524 833 2579 et
862 2505 1068 2578 domesticis
1094 2489 1366 2599 praeclarissime

304 2614 446 2684 virtutis
472 2615 644 2714 exemplis
671 2617 874 2715 gaudeatis,
905 2601 941 2686 et
967 2640 1012 2685 eo
1040 2613 1176 2706 majore
1200 2608 1286 2679 odio
1311 2606 1364 2676 di·

304 2746 411 2819 gnam
430 2725 533 2796 istius
550 2726 797 2799 incredibilem
815 2726 998 2797 audaciam
1011 2717 1221 2817 judicetis),
1238 2741 1368 2787 convo-

304 2834 390 2904 catis
408 2835 533 2906 Siculis
552 2837 739 2925 omnibus,
762 2836 862 2937 quod
888 2834 1084 2906 diutissime
1105 2829 1367 2927 saepissimeque

341 3063 367 3096 a.
378 3045 539 3119 cognatione.
547 3049 621 3113 Quod
631 3049 662 3098 ab
674 3050 759 3098 iisdem
772 3067 815 3098 an·
859 3049 1012 3115 superstitio,
1027 3058 1055 3095 ut
1064 3044 1194 3097 simulacro
1202 3078 1210 3104 ,
1219 3056 1321 3108 propter
1329 3059 1367 3090 sr-

306 3125 415 3175 ctoribus
425 3126 545 3190 originem
559 3127 688 3176 dueebttnt.
859 3127 975 3187 fibrium,
984 3128 1126 3191 religionem
1138 3124 1306 3172 attribuerent.
1321 3122 1370 3171 Pn‘·

343 3202 367 3250 3.
379 3202 427 3250 Suo
437 3205 544 3256 nonune.
558 3206 650 3253 Brllare
660 3207 758 3254 nomine
769 3224 814 3255 suo
858 3210 905 3257 mis
918 3211 1015 3274 quidem
1036 3206 1201 3272 temporibus,
1215 3217 1292 3254 status
1310 3203 1370 3251 ado·

306 3280 393 3328 civitas
413 3280 513 3345 dieitur,
533 3299 608 3347 quum
621 3284 713 3332 bellum
726 3296 815 3349 sponte
858 3288 940 3337 randae
955 3288 1124 3350 rubiginis,ut
1136 3284 1369 3340 aitJnrenalis,im·

306 3376 363 3418 sus,
378 3359 447 3407 nullo
461 3361 598 3427 impellente
615 3364 721 3429 populo,
736 3365 815 3412 nullo·
858 3372 957 3433 pensius
980 3366 1113 3417 colebatur.
1136 3370 1267 3430 Postquam
1289 3372 1369 3410 autem

307 3454 355 3503 que
363 3438 623 3508 adjuvante,suscipit.
633 3445 726 3508 Segesta
737 3461 815 3508 quon·
859 3449 969 3495 inventas
986 3461 1030 3509 per
1043 3456 1105 3493 artes
1124 3445 1251 3493 hominurn
1274 3440 1369 3489 exculta

307 3516 362 3563 darn
375 3516 433 3565 urbs
445 3529 531 3587 potens
548 3520 624 3568 fuerat
638 3532 661 3570 et
675 3523 815 3571 Elicuorum
859 3537 895 3574 est
904 3528 953 3573 vita
961 3558 967 3582 ,
976 3540 1025 3571 non
1037 3540 1122 3589 parum
1131 3526 1163 3572 ad
1171 3525 1210 3573 dei
1221 3523 1371 3572 sanctitatem
1474 3534 1480 3537 ·

307 3597 384 3660 gentis
394 3590 547 3661 capnt,sicnt
560 3600 712 3665 Thucydidis
721 3614 746 3650 et
755 3604 816 3651 Dio·
860 3603 979 3661 eontulit,
997 3603 1152 3651 simulacrum
1165 3604 1268 3666 eleganti
1281 3615 1371 3656 mann,

306 3674 695 3732 dorideclareutbistoriae.Note
704 3682 816 3729 suntbel·
862 3682 940 3747 qualis
957 3681 1049 3730 Phidiae
1066 3695 1108 3730 aut
1121 3682 1250 3730 Praxitelis
1262 3678 1371 3745 perpoli-

306 3752 816 3825 lieael’oenoruminSiciliamespeditiones,
861 3759 1372 3825 tumExoperisenimpulchritudinem·

307 3832 387 3892 unde,
400 3848 455 3898 post
468 3838 586 3888 Punicum
598 3839 690 3889 bellum
701 3840 816 3905 primurn,
860 3841 922 3887 otior
943 3839 1052 3904 efligies,
1073 3852 1099 3888 et
1120 3836 1280 3904 splendidiori
1300 3834 1372 3896 digne

307 3909 373 3958 fuere
385 3915 462 3962 exacti
475 3932 539 3964 anno
560 3919 633 3968 Urbis
655 3921 725 3977 513,
746 3930 814 3982 post·
860 3919 1073 3969 culturidebatur.

308 4003 380 4049 quam
393 3990 465 4051 hujus
486 3995 570 4043 insnlae
594 4015 661 4062 pars,
679 3999 709 4045 iis
722 3998 772 4044 fere
785 3996 816 4043 ab
897 3986 1373 4062 5.Paleipio.AfricanusminorsPlulli

309 4063 377 4111 Urbe
388 4068 488 4117 condita
503 4075 631 4134 paruisset.
862 4076 952 4124 AEmilii
962 4075 1195 4140 filius,aScipionis
1205 4070 1315 4123 Africani
1323 4083 1374 4117 tm·

345 4145 371 4203 4.
389 4145 454 4193 Nam
462 4161 572 4212 propter.
593 4153 626 4199 Ee
646 4152 691 4200 suit
711 4162 817 4202 soterum
860 4156 920 4218 ioris
931 4155 1132 4222 filiosdoptatus.
