3148 4780
354 410 410 481 ιιι
435 407 653 477 venenu
676 358 788 479 scr.
815 410 993 495 11,1.1n.
1020 410 1062 477 v,
1168 407 1238 504 373

182 527 327 601 fructu⁴
343 530 534 626 quisquam
560 529 694 616 caruit,
712 543 754 600 ut
774 528 898 600 videre
917 530 1068 627 piratam
1093 543 1238 627 captum

181 663 257 715 non
283 637 428 709 liceret?
453 641 499 711 At
521 646 665 726 contra,
686 662 916 736 quacumque
943 639 1012 710 iter
1039 636 1142 728 fecit,
1169 639 1239 711 hoc

179 745 480 842 jucundissimum
500 746 743 844 spectaculum
773 744 942 818 omnihus
957 749 1161 819 vinctorum
1183 770 1240 821 ca·

182 869 405 953 ptorumque
422 855 578 929 hostium
598 854 791 951 praebebat.
809 861 935 953 ltaque
963 851 1023 926 ei⁵
1043 878 1239 929 concursus

182 962 346 1060 undique
371 960 524 1052 fiebant,
546 978 587 1034 ut
611 990 688 1036 non
709 963 820 1037 modo
839 989 885 1045 ex
909 964 966 1035 his
987 963 1146 1062 oppidis,
1169 987 1241 1061 qua

183 1070 428 1160 ducebantur,
454 1074 516 1153 sed
540 1075 647 1149 etiam
671 1098 717 1150 ex
741 1072 922 1163 finitimis,
952 1072 1091 1145 visendi
1114 1096 1241 1161 causa,

183 1183 427 1256 convenirent.
468 1187 550 1281 Ipse
582 1199 702 1257 antem
741 1180 969 1281 triumphus⁶
1004 1180 1239 1279 quamobrem

182 1295 345 1362 omnium
373 1291 640 1390 triumphorum
669 1295 889 1391 gratissimus
920 1291 1058 1390 populo
1088 1314 1240 1362 romano

182 1397 269 1487 fuit,
283 1415 393 1498 atque
406 1402 707 1496 jucundissimus?
724 1404 818 1492 Quia
832 1400 921 1475 nihil
933 1417 987 1473 est
999 1403 1148 1477 victoria
1163 1400 1242 1473 dul·

182 1509 281 1597 cius;
299 1509 441 1580 nullum
453 1525 506 1582 est
517 1526 638 1582 autem
652 1515 897 1584 testimonium
916 1515 1073 1583 victoriae
1086 1512 1240 1598 certius,

183 1646 309 1719 quam,
333 1647 428 1719 quos
445 1648 536 1723 saepe
554 1626 739 1713 metueris,
755 1648 817 1696 eos
836 1638 873 1696 te
888 1625 1026 1697 vinctos
1041 1625 1087 1697 ad
1104 1625 1241 1724 suppli·

183 1731 279 1802 cium
297 1731 381 1809 duci
399 1732 531 1806 videre.
895 1796 898 1799 .

232 1847 310 1913 Hoc
323 1855 364 1917 tu
374 1842 612 1940 quamobrem
623 1868 699 1921 non
711 1841 848 1915 fecisti?
863 1841 1098 1941 quamobrem
1111 1845 1160 1916 ita
1173 1845 1240 1915 ista

183 1951 297 2048 pirata
314 1951 448 2024 celatus
466 1966 535 2041 est,
557 1956 659 2050 quasi
688 1976 772 2025 eum
799 1950 982 2050 adspicere
1009 1951 1109 2024 nefas
1128 1954 1242 2024 esset?

183 2058 420 2155 quamobrem
437 2062 654 2160 supplicium
671 2086 748 2133 non
760 2062 962 2160 sumpsisti?
978 2086 1088 2157 quam
1098 2059 1147 2132 ob
1159 2086 1241 2132 cau-⁴

184 2191 260 2241 sam
290 2167 475 2243 hominem
499 2169 709 2243 reservasti?
734 2175 894 2266 Ecquem
915 2167 1044 2240 audisti
1067 2169 1105 2238 in
1125 2170 1242 2242 Sicilia
1265 2234 1268 2239 .

183 2291 290 2348 antea
302 2295 446 2377 captum
460 2280 730 2377 archipiratam,
750 2280 814 2375 qui
827 2302 903 2349 non
921 2278 1038 2349 securi
1052 2301 1242 2375 percussus

184 2386 249 2456 sit?
264 2411 378 2457 unum
393 2389 482 2460 cedo
496 2403 678 2461 auctorem
690 2391 743 2459 tui
756 2385 840 2458 facti
850 2412 860 2474 ;
872 2387 979 2458 unius
992 2385 1113 2485 profer
1126 2410 1243 2459 exem.

185 2495 297 2592 plum.
322 2499 453 2569 Vivum
482 2511 523 2568 tu
548 2498 796 2596 archipiratam
824 2496 1008 2585 servabas,
1034 2518 1144 2592 quem
1176 2520 1244 2595 per

185 2606 429 2703 triumphum,
447 2606 574 2696 credo,
594 2631 701 2704 quem
717 2620 800 2677 ante
817 2618 985 2677 currum⁷
1007 2621 1112 2685 tuum
1130 2605 1242 2680 duces
1339 2640 1342 2645 ·

72 2762 77 2769 -
186 2734 254 2782 res.
276 2716 403 2811 Neque
425 2719 521 2787 enim
545 2715 742 2814 quidquam
764 2729 839 2785 erat
854 2715 929 2810 jam
953 2715 1154 2811 reliquum,
1173 2717 1243 2788 nisi

187 2833 243 2910 ut,
261 2821 369 2894 classe
381 2825 508 2922 populi
524 2827 664 2898 romani
679 2823 917 2922 pulcherrima
928 2825 1073 2911 amissa,
1095 2823 1241 2919 provin·

188 2930 315 3027 ciaque
331 2931 495 3024 lacerata,
510 2934 714 3032 triumphus
730 2932 862 3004 navalis
875 2929 940 3002 tibi
954 2930 1220 3002 decerneretur.

189 3078 298 3128 diuinas
310 3079 402 3129 efflei·
413 3082 497 3143 urbes,
515 3084 605 3147 quibus
617 3099 643 3132 ra
653 3083 693 3148 pi·
736 3106 772 3119 -υ
789 3077 956 3130 nunninae.
975 3078 1128 3144 Subintellig.
1153 3079 1245 3131 hostes.

188 3168 247 3207 ntra
258 3160 388 3208 tuebantur
396 3193 406 3219 ,
415 3162 564 3225 brumaque
575 3162 695 3227 ipsamet·
772 3160 798 3209 6.
816 3160 873 3223 Ipse
893 3168 975 3205 autem
988 3156 1130 3222 vinculus·
1144 3158 1243 3213 Trium·

189 3255 242 3289 cem
259 3238 350 3287 cilicis
362 3237 389 3286 ri
405 3239 485 3304 cepit3
498 3237 563 3287 unde
575 3240 694 3287 Ιιιιιιίοιιι
736 3238 822 3303 pluvit
830 3236 935 3287 exbcllo
942 3238 1047 3303 piratico
1055 3238 1170 3287 Servilius
1180 3255 1246 3289 anno

80 3360 88 3370 .
110 3378 116 3385 ,
189 3317 374 3383 cognominatus
394 3328 438 3365 est.
458 3318 549 3365 Pinus
568 3317 694 3365 lenocinia
737 3319 803 3382 678,
817 3335 860 3367 sex
877 3318 1084 3384 mulspostqusm
1095 3317 1173 3367 lnam
1186 3334 1247 3367 con·

61 3422 93 3469 .'
189 3396 380 3459 redlntegrantes
392 3395 522 3461 Pompeius
532 3395 605 3455 vicit,
615 3394 694 3454 fudit,
738 3397 1101 3461 sut,1.0uavio,Q.Aurelio
1110 3399 1182 3448 Cotta
1189 3413 1250 3446 con·

190 3475 318 3526 exstinxit.
738 3475 838 3524 aclibus.

226 3551 696 3618 t.lstofractn.8nbsud.vict0rioe,1sts
777 3573 801 3616 7.
824 3556 890 3603 Auta
912 3570 1016 3605 currum.
1037 3552 1250 3619 'triumphantium

192 3632 357 3683 delectatione.
368 3633 408 3680 ste
419 3634 495 3683 eom.
507 3633 699 3698 Nepinllunro·
741 3648 816 3681 more.
829 3635 892 3683 Nam
904 3632 971 3698 apud
989 3635 1113 3682 Romanos
1134 3631 1160 3680 id
1174 3634 1251 3681 mori·

191 3729 236 3771 ne,
250 3729 304 3778 cap.
320 3728 348 3760 ιι
359 3726 366 3760 :
376 3710 640 3760 uvenicbctsntemnd
650 3714 698 3760 En·
742 3713 801 3772 luit,
814 3714 898 3777 utqui
909 3711 1084 3776 triumphantes
1098 3710 1189 3759 Urbem
1201 3711 1252 3759 ini·

192 3807 286 3840 menen:
299 3802 428 3855 utrumqne
438 3806 513 3853 genna
521 3790 664 3852 hominum,
673 3802 700 3840 ct
742 3801 808 3849 rent,
820 3792 915 3839 vinctos
928 3789 1035 3839 hostium
1046 3789 1184 3838 (lacerante
1194 3806 1251 3838 cnr·

85 3892 88 3899 ⁴
194 3870 237 3932 qui
250 3880 350 3935 propter
359 3869 568 3937 odium,ftucturu
581 3870 659 3928 oculis
668 3886 700 3918 ex
742 3885 796 3917 nun
807 3885 877 3917 suum
890 3867 1023 3929 ducerent,
1035 3883 1125 3932 eosqm
1133 3884 1208 3932 quum
1222 3867 1253 3918 ds

195 3947 247 4008 ejus
261 3964 413 4015 “rumpere
424 3949 542 3998 vellentu.
744 3948 800 3997 loro
819 3947 846 3995 in
868 3946 1018 4012 capitolium
1039 3962 1135 3995 cursum
1156 3945 1253 3995 flectere

232 4026 255 4073 5.
270 4027 430 4090 Itaqueci.1d
440 4040 489 4087 est,
501 4026 532 4076 ad
544 4043 639 4077 enm*
644 4029 699 4091 Qua
743 4028 890 4094 inciperent,
900 4027 958 4076 duci
964 4027 991 4076 in
998 4043 1117 4077 carcerem
1127 4029 1253 4092 securique

197 4100 352 4155 ducebantur.
378 4105 486 4157 Subcnd.
510 4106 588 4161 vincti
609 4104 699 4165 hostes.
746 4107 944 4171 leririjubertnt.
