3186 4772
355 384 423 467 342
528 328 530 331 Ι
675 384 724 453 M.
750 387 789 452 Τ.
815 383 1097 453 CICERONIS

352 518 456 587 rioris
476 514 632 587 Africani
655 519 695 585 ln
713 541 753 587 rc
778 516 936 613 gerenda
960 514 1196 600 celeritatem,
1226 514 1419 610 nequead

352 624 481 719 hujus,
500 630 564 723 qui
578 640 705 725 postea
719 623 806 712 fuit,
820 626 998 723 singulare
1012 624 1223 711 consilium,
1238 649 1359 721 neque
1370 624 1421 694 ad

352 736 465 807 Paulli
484 738 661 807 rationem
691 761 732 806 ac
755 735 1001 836 disciplinam,
1026 758 1146 832 neque
1173 732 1218 803 ad
1246 736 1286 803 C.
1312 735 1419 803 Marii

350 845 423 917 vim
449 860 558 941 atque
582 848 772 933 virtutem3
809 846 872 917 sed
899 845 996 918 aliud
1027 846 1163 941 gonus⁴
1191 843 1418 938 imperatoris

316 1006 323 1021 .
349 978 435 1025 sane
448 954 637 1050 diligenter
650 955 882 1025 retinendum
894 968 931 1024 et
949 950 1254 1036 conservandum,
1273 975 1418 1047 quaes0,

351 1065 569 1161 cognoscite.

400 1175 577 1244 Itinerum
594 1174 751 1269 primum
767 1172 946 1259 laborem,
963 1174 1028 1267 qui
1042 1170 1099 1242 vel
1112 1171 1289 1240 maximus
1307 1183 1361 1239 est
1377 1172 1415 1240 in

353 1306 391 1351 re
415 1281 573 1369 militari,
589 1281 742 1374 judices,
760 1296 796 1352 et
813 1284 851 1351 in
871 1282 987 1351 Sicilia
1004 1283 1158 1351 maxime
1178 1283 1417 1365 necessarius,

352 1391 521 1487 accipite,
536 1415 646 1487 quam
661 1389 800 1462 facilem
820 1390 888 1462 sibi
911 1396 979 1463 iste
1003 1407 1038 1462 et
1054 1388 1257 1485 jucundum
1276 1390 1415 1461 ratione

353 1500 576 1596 consilioque
591 1500 796 1572 reddiderit.
813 1507 971 1573 Primum
995 1500 1219 1599 temporibus
1235 1500 1415 1588 hibernis,

353 1607 398 1678 ad
425 1610 708 1704 magnitudinem
733 1610 922 1709 frigorum,
943 1626 981 1683 et
1003 1612 1045 1681 ad
1065 1625 1320 1707 tempestatum
1342 1611 1414 1679 rim

352 1715 978 1816 acssumiuum⁵,p1aeclarumsibi
1000 1721 1070 1791 hoc
1094 1718 1293 1791 remedium
1315 1744 1414 1790 com·

352 1843 502 1923 pararat.
523 1827 658 1898 Urbem
685 1835 873 1924 Syracusas
897 1830 1070 1925 elegerat,
1095 1831 1199 1924 cujus
1224 1829 1284 1899 hic
1307 1833 1413 1913 situs,

354 1950 463 2032 atque
477 1934 551 2005 haec
568 1950 696 2005 natura
719 1962 794 2007 esse
812 1937 882 2008 loci
905 1938 1052 2035 caelique
1070 1937 1214 2026 dicitur,
1236 1953 1277 2008 ut
1295 1939 1414 2009 nullus

352 2070 527 2144 umquam
552 2044 628 2117 dies
651 2060 725 2115 tam
745 2070 874 2142 magna
899 2048 1181 2143 turbulentaque
1207 2062 1414 2145 tempestate

351 2154 479 2244 fuerit,
506 2157 595 2253 quin
617 2156 739 2254 aliquo
768 2152 955 2255 tempore⁶
973 2158 1050 2250 ejus
1067 2156 1139 2228 diei
1155 2157 1268 2228 solem
1295 2157 1414 2228 homi·

352 2370 458 2435 pretium
470 2381 519 2427 est,
528 2385 601 2431 quarn
613 2380 668 2433 apte
679 2381 702 2415 et
712 2382 862 2419 vereuoten-
905 2382 1008 2419 rarorum
1022 2371 1191 2421 venenuo·
1201 2386 1256 2419 uum
1265 2370 1347 2418 Graev.
1359 2369 1415 2419 cod.

353 2460 393 2495 tur
416 2447 518 2510 singulis
537 2448 615 2493 verbis
636 2448 798 2511 optimorum,
818 2451 861 2513 qui
905 2453 966 2512 Reg.
976 2466 1058 2496 sumus
1072 2449 1181 2512 sequuti,
1194 2448 1237 2512 qui
1248 2464 1344 2496 sensum
1351 2465 1416 2512 egre·

353 2522 453 2573 luerunt
474 2526 500 2571 in
523 2524 665 2587 republioa,
689 2528 861 2589 imperatorum
906 2531 970 2595 mum
980 2539 1004 2575 et
1014 2527 1113 2574 minime
1123 2526 1251 2574 obscurum
1264 2528 1414 2589 suppeditat.

353 2619 434 2655 mores
441 2614 468 2650 et
478 2603 589 2666 ingenia,
599 2614 624 2650 et
641 2604 749 2655 festivam
757 2618 863 2653 summo-
942 2607 966 2653 5.
976 2606 1157 2674 Aestisnn‘num.
1166 2609 1230 2667 Quae
1239 2620 1326 2669 nempe
1335 2605 1417 2653 biber

353 2700 407 2732 rntu
417 2684 589 2746 imperatorum
602 2698 658 2730 enin
671 2685 759 2741 Yerre,
772 2696 862 2737 morta·
905 2701 940 2745 no
960 2696 1070 2748 tempore
1091 2686 1264 2741 intumescunt,
1277 2695 1303 2731 et
1323 2685 1417 2744 majore

351 2761 413 2811 lium
426 2765 536 2810 omnium
550 2762 715 2826 nequissimo,
736 2779 862 2826 comparo·
907 2779 961 2811 rum
971 2763 1080 2826 periculo
1093 2764 1333 2825 trajiciuntur.Vetus
1344 2760 1416 2821 liber,

353 2844 455 2891 tionem.
476 2843 507 2905 Q.
527 2841 615 2889 Fabius
635 2841 770 2899 Maximus,
790 2842 863 2905 gestia
905 2844 1156 2891 interfueramus
1175 2842 1339 2889 maximumn.
1352 2840 1415 2891 Edd.

353 2923 461 2986 quinque
475 2920 639 2969 consulatibus
647 2920 760 2978 illustris,
769 2921 811 2967 aed
819 2937 862 2984 pa·
906 2920 989 2969 Lamb.
999 2923 1067 2969 Man.
1076 2922 1107 2971 nl.
1118 2933 1208 2985 -atque
1219 2920 1332 2968 imbrium
1338 2943 1361 2969 ι.

354 3001 439 3049 tieutia
451 3001 581 3057 illustrior,
592 3016 644 3062 qun
655 2999 775 3047 tumidum
786 2998 863 3047 ricto·
942 3002 966 3047 6.
995 3001 1059 3062 Quin
1073 3000 1157 3065 aliquo
1180 3012 1295 3062 tempure.
1314 3000 1344 3047 ld
1362 3010 1416 3059 est,

353 3082 388 3127 ria
395 3079 517 3128 Cannensi
524 3077 685 3126 Hannibalem
692 3078 861 3139 etinveuiliter
905 3077 966 3139 quin
977 3079 1090 3127 homines
1106 3078 1217 3125 viderent
1237 3077 1313 3126 solem
1331 3078 1413 3141 aliquo

352 3156 861 3213 exsultantemmollivit;uudeilliCuncta·
905 3157 1115 3221 ternpore‚aliqua
1123 3157 1283 3219 hora,aliqun
1291 3166 1414 3204 momentu

352 3236 414 3284 toris
421 3250 558 3298 cognomen
565 3234 861 3283 mairomontem
906 3238 957 3297 ejus
971 3236 1027 3286 diei.
1046 3239 1152 3294 Seneca,
1172 3235 1272 3286 comt
1290 3236 1321 3283 ed
1334 3236 1412 3283 Maro.

352 3322 440 3377 utpute
452 3312 583 3360 notissimis
594 3312 655 3375 quid
667 3314 755 3361 attinet
765 3313 862 3363 dloere?
907 3331 961 3378 esp.
980 3332 1020 3376 17,
1039 3326 1156 3363 memorat
1169 3315 1241 3362 etiam
1265 3314 1413 3377 tepidissima

387 3399 414 3448 4.
428 3391 477 3438 Sed
487 3390 559 3438 aliied
566 3406 654 3455 genus.
669 3393 723 3440 Hoc
735 3407 811 3454 genus
818 3394 863 3440 im·
905 3394 1006 3442 hiberna
1025 3397 1230 3457 Syncuaanorusa
1243 3427 1251 3452 ,
1266 3404 1290 3439 et
1311 3390 1410 3453 firmat,

352 3470 481 3537 paraturis,
496 3481 545 3517 tam
560 3469 689 3532 diligenter
701 3471 861 3530 retinendum,
905 3473 973 3535 quod
980 3472 1023 3518 bic
1035 3473 1070 3519 ait
1079 3473 1178 3532 Cicero,
1188 3473 1300 3520 «nullum
1317 3469 1351 3517 ibi
1361 3486 1415 3518 esse

352 3564 381 3601 ut
394 3567 445 3598 nou
462 3549 555 3597 diutim
568 3551 705 3611 ignoretur,
725 3549 806 3597 statim
819 3550 861 3597 de·
906 3550 968 3596 diem
978 3550 1030 3597 aina
1043 3551 1180 3599 interventu
1192 3551 1277 3609 solies.
1285 3550 1415 3610 Hunccine

353 3632 439 3681 scribit
460 3639 550 3678 oratur.
568 3626 671 3674 Variam
688 3627 737 3675 boc
757 3629 783 3676 in
804 3629 861 3677 loco
904 3626 1073 3677 urbislantlem
1082 3645 1138 3677 cnm
1147 3628 1236 3677 Rhodo
1243 3630 1338 3677 Plinius
1345 3640 1415 3676 nom·

352 3710 428 3759 codd,
449 3708 582 3757 Lambinus
592 3705 666 3754 babet
674 3728 687 3747 u
694 3705 739 3753 aed
750 3707 783 3753 ed
794 3707 862 3755 aliud
904 3706 1019 3754 munient.
1030 3708 1144 3768 «Rhodi,
1152 3710 1244 3771 inquit,
1254 3719 1280 3756 et
1288 3710 1415 3773 Syracusis

353 3805 428 3852 genus
441 3790 614 3852 imperatorum
629 3801 679 3834 ease
693 3785 861 3843 referendum,
905 3802 1037 3851 numquam
1046 3800 1112 3838 tanta
1121 3789 1204 3838 nubile
1215 3788 1353 3847 ubduei,ut
1362 3803 1414 3834 non

351 3884 467 3930 saneque,
488 3880 555 3917 ete.»
566 3867 662 3931 Vulgo,
675 3867 735 3914 used
752 3864 861 3913 adalind
904 3865 986 3928 aliqua
1005 3868 1066 3916 hora
1084 3869 1122 3915 sol
1140 3879 1282 3915 cernatur».
1298 3866 1351 3915 Lib.
1373 3867 1412 3923 11,

350 3961 407 4008 gen.
422 3948 627 4009 imperatorum».
636 3948 732 3993 Erneat.
745 3941 861 4002 correxit,
904 3959 958 4007 cap.
969 3948 1012 4008 62,
1020 3958 1079 3995 tom.
1091 3948 1103 3993 1
1110 3982 1118 4005 ,
1139 3962 1195 4011 pag.
1207 3948 1267 4005 365,
1279 3945 1335 3992 edit.
1347 3954 1413 3991 nost.

352 4044 364 4065 a
372 4022 406 4069 ati
415 4023 481 4070 aliud
492 4039 567 4084 genus
580 4025 749 4086 imperatorem
762 4043 790 4082 a,
801 4021 820 4066 i·
834 4036 858 4069 e.
904 4031 929 4069 et
941 4022 976 4070 ibi
986 4025 1037 4071 vid.
1048 4036 1102 4073 not.
1113 4024 1180 4073 illud
1191 4026 1256 4073 idem
1266 4024 1297 4072 tle
1308 4022 1414 4071 Alexan»

349 4105 379 4151 in
389 4098 438 4149 alio
449 4114 535 4162 genere
552 4100 650 4148 virtutis
663 4100 770 4147 nobilem
780 4099 858 4161 impe-
903 4099 954 4147 dn'a
969 4102 1054 4150 seta‘bit
1065 4104 1221 4164 Ammianus,
1235 4104 1278 4152 lib.
1291 4084 1376 4160 xiiii,
