3186 4772
303 330 374 399 302
618 329 666 397 M.
692 331 731 396 Τ.
758 330 1047 398 CICERONIS

299 450 430 523 deinde
443 449 515 520 cito
527 447 625 517 venit
636 450 674 517 in
689 463 865 536 mentem,
879 472 954 519 non
967 472 1044 519 esse
1052 446 1240 519 vitandum
1255 450 1363 523 nobis

299 562 400 632 illum
415 571 635 631 conventum
648 570 686 627 et
698 557 830 629 locum.

345 675 452 742 Lxll.
479 673 605 766 ltaque
631 668 669 737 in
693 671 828 738 curiam
851 670 1024 738 venimus.
1048 665 1258 739 Honorifice
1275 694 1362 742 sane

297 781 547 875 consurgitur:
570 800 638 848 nos
656 791 783 872 rogatu
804 779 1029 873 magistratus
1049 776 1256 848 assedimus.
1274 780 1363 851 Inci-

297 894 393 990 pitis
408 890 526 985 loqui,
545 888 609 983 qui
630 901 667 957 et
687 890 918 973 auctoritate,
937 900 974 957 et
994 900 1117 973 aetate,
1142 901 1193 972 et,
1212 903 1254 957 ut
1273 887 1362 959 mihi

296 1004 413 1071 visum
431 1011 504 1083 est,
524 1021 594 1066 usu
611 1020 733 1066 rerum
755 994 1005 1075 antecedebat,
1025 993 1210 1067 Diodorus
1229 1000 1363 1068 Timar·

297 1109 441 1192 chides;
467 1106 571 1200 cujus
596 1108 714 1175 omnis
743 1108 858 1177 oratio
881 1105 975 1177 hanc
994 1105 1121 1176 habuit
1142 1107 1258 1203 primo
1276 1130 1359 1177 sen·

296 1219 461 1289 tentiam:
474 1219 665 1301 Senatum,
676 1216 926 1312 populumque
937 1219 1197 1311 Syracusanum
1208 1215 1360 1287 moleste

295 1328 521 1426 graviterque
542 1323 654 1412 ferre,
672 1323 773 1421 quod
791 1350 882 1422 ego,
899 1349 1014 1422 quum
1033 1329 1073 1396 in
1092 1326 1217 1397 ceteris
1234 1326 1359 1397 Siciliae

277 1435 498 1510 'civitatibus
516 1449 681 1506 senatum
699 1436 953 1534 populumque
971 1434 1191 1523 docuissem,
1210 1435 1297 1533 quid
1309 1437 1361 1509 eis

297 1548 475 1651 utilitatie,
499 1545 588 1644 quid
607 1545 752 1616 salutis¹
778 1544 965 1634 afferrem,
984 1561 1020 1616 et
1039 1570 1155 1643 quum
1174 1544 1220 1617 ab
1242 1547 1361 1617 omni-

295 1658 365 1729 bus
378 1656 562 1745 mandata,
577 1657 730 1753 legatos,
748 1656 885 1744 literas,
903 1658 1180 1752 testimoniaque
1195 1656 1362 1753 sumpsis-

295 1792 390 1855 sem,
407 1769 445 1835 in
459 1766 519 1837 illa
532 1768 672 1839 civitate
687 1764 777 1836 nihil
791 1764 971 1859 ejusmodi
983 1764 1147 1835 facerem.
1164 1766 1359 1862 Respondi,

295 1900 416 1972 neque
445 1879 567 1945 Romae
591 1876 629 1945 in
657 1888 839 1946 conventu
865 1874 1092 1960 Siculorum,
1116 1899 1232 1971 quum
1256 1900 1277 1946 a
1300 1902 1359 1948 me

295 1986 466 2057 auxilium
488 1987 673 2056 communi
696 1987 862 2055 omnium
881 1983 1100 2082 legationum
1122 1985 1271 2055 consilio
1293 2011 1357 2082 pe·

295 2094 449 2182 tebatur,
467 2118 646 2191 causaque
669 2095 781 2165 totius
805 2093 851 2164 ad
870 2098 928 2165 me
945 2094 1096 2165 Siciliae²
1119 2093 1358 2185 deferebatur,

295 2205 431 2303 legatos
451 2209 756 2302 Syracusanorum
773 2202 933 2291 affuisse3
949 2228 1068 2300 neque
1082 2228 1141 2275 me
1158 2205 1357 2301 postulare,

294 2330 336 2385 ut
360 2314 562 2412 quidquam
587 2328 714 2385 contra
741 2318 781 2385 C.
809 2319 959 2385 Verrem
986 2313 1238 2407 decerneretur
1256 2318 1296 2386 in
1317 2341 1360 2388 ea

294 2425 411 2509 curia,
432 2425 470 2491 in
488 2445 562 2517 qua
577 2423 775 2501 inauratam
794 2427 832 2494 (l
851 2426 973 2494 Verris
992 2437 1145 2494 statuam
1163 2423 1331 2496 viderem.

342 2529 452 2622 Quod
473 2544 708 2627 posteaquam
732 2530 824 2619 dixi,
847 2546 969 2603 tantus
990 2547 1044 2604 est
1070 2533 1224 2629 gemitus
1241 2531 1356 2606 sactus

293 2641 467 2739 adspectu
481 2653 604 2710 statuae
621 2653 656 2710 et
672 2642 1029 2729 commemoratione,
1044 2656 1084 2712 ut
1097 2639 1187 2712 illud
1202 2645 1240 2712 in
1257 2643 1357 2714 curia

294 2752 451 2850 positum
478 2763 758 2822 monumentum
778 2750 973 2840 scelerum,
998 2776 1072 2821 non
1093 2749 1357 2845 beneficiorum

293 2863 486 2934 videretur.
515 2865 607 2931 Tum
634 2885 701 2959 pro
728 2885 765 2931 sc
793 2863 970 2958 quisque,
999 2877 1177 2958 quantum
1204 2860 1357 2935 dicendo

294 2969 462 3070 assequi³
486 2985 647 3069 poterat,
673 2970 803 3041 docere
829 2995 887 3041 me
913 2972 1024 3069 coepit
1047 2995 1109 3055 ea,
1132 2996 1213 3069 quae
1234 2973 1356 3069 paullo

295 3098 378 3154 ante
397 3082 698 3152 commemoravi:
718 3081 903 3180 spoliatam
922 3080 1068 3168 urbem,
1093 3079 1175 3153 sana
1196 3082 1356 3180 direpta3

294 3217 336 3261 ex
354 3189 507 3261 Heraclii
525 3188 741 3279 hereditate,
757 3216 867 3290 quarn
887 3193 1088 3290 palaestritis
1103 3196 1354 3277 concessisset,

329 3407 409 3455 ml.
425 3420 448 3454 r.
469 3404 536 3467 Quid
550 3404 643 3455 mutis.
657 3405 726 3454 Salus
737 3406 802 3454 enirn
845 3416 904 3455 tom.
915 3407 1058 3467 etDerjard.
1073 3407 1263 3471 intelliguntliic
1274 3418 1356 3455 orato·

294 3474 428 3554 provincia
450 3494 514 3548 erat,
533 3494 560 3531 ut
580 3485 624 3547 qui
640 3499 691 3532 earn
710 3486 802 3533 tamdiu
845 3498 894 3534 rem
901 3483 1032 3548 significari
1039 3485 1151 3548 voluisse,
1158 3486 1355 3549 qmntumlatino

294 3565 387 3616 crudeli
400 3579 535 3626 venenoque
545 3563 648 3627 imperio
658 3574 779 3622 vexasset,
787 3581 802 3612 ι
844 3566 913 3629 loqui
925 3574 1052 3628 potentin
1067 3581 1118 3613 non
1134 3568 1199 3615 enim
1212 3565 1299 3631 populi
1313 3581 1355 3613 ro·

296 3657 380 3695 senatu
393 3642 558 3699 damnaretur3
570 3653 599 3690 ut
607 3644 649 3706 qui
660 3641 742 3691 locum
750 3644 803 3705 ejus
845 3645 910 3692 mni
923 3644 1102 3709 magistratibus
1112 3646 1160 3694 alla
1172 3663 1201 3695 ac
1215 3647 1292 3694 latino
1306 3662 1355 3694 aer·

296 3736 380 3788 postea
392 3722 536 3788 implerent,
553 3721 664 3787 exemplo
679 3724 731 3784 eim
740 3722 802 3771 edo·
845 3739 918 3772 mone
932 3723 1015 3787 lingua
1028 3726 1065 3773 uti
1074 3723 1172 3774 licebat.
1186 3726 1262 3789 Quod
1272 3725 1355 3774 forsan

296 3805 342 3861 cti,
355 3818 406 3851 non
418 3803 450 3848 ita
460 3817 473 3848 a
483 3802 576 3862 justitia
589 3801 748 3850 discederent.
846 3803 917 3851 altius
922 3804 1026 3868 petitum
1033 3804 1205 3865 videtur3nam
1214 3816 1279 3853 certe
1285 3805 1356 3852 locus

333 3896 356 3928 a.
373 3879 454 3926 Totius
471 3880 507 3928 ad
518 3897 556 3928 me
572 3880 671 3930 Siciliae.
690 3880 800 3929 Lambin.
845 3880 887 3929 ille
900 3881 1012 3932 facillime
1023 3883 1125 3948 intelllgi
1133 3894 1228 3950 ponet,
1241 3884 1290 3932 hoc
1299 3898 1355 3930 teu·

295 3973 328 4004 ex
336 3958 382 4004 Ms
396 3956 604 4020 totimprovincioe
615 3960 652 4008 ad
661 3976 708 4008 me.
846 3976 886 4020 ru,
900 3974 1018 4025 quantum
1036 3962 1116 4013 verbis
1133 3962 1223 4013 scetem
1243 3960 1355 4025 pretoria

331 4036 357 4082 3.
372 4035 495 4094 Quantam
507 4037 610 4084 dicendo
624 4036 728 4102 assequi.
740 4038 803 4083 llot·
846 4056 941 4103 aequare
954 4051 1061 4106 posunt.
