3016 4774
351 447 540 517 ORATIO
564 450 667 519 PRO
691 449 977 521 A.cAE011tA.
1128 446 1200 549 539

130 566 269 655 ditum,
296 590 402 652 ouuu
420 570 460 640 A.
482 571 628 643 Cucurs
648 594 881 659 rossenrrur,
901 572 1041 643 necne?
1060 571 1201 670 Ecquid

130 693 169 750 te
183 680 275 750 ratio
292 679 397 775 juris,
414 679 545 776 ecquid
563 683 839 755 interdictorum
852 681 1125 772 dissimilitudo,
1141 708 1201 755 ec-

131 786 224 884 quid
241 792 432 860 auctoritas
447 789 627 884 msjorum
638 802 667 836 ¹¹
691 793 922 865 commovet?
940 793 977 864 Si
993 806 1086 864 esset
1100 792 1201 864 addi-

131 910 232 988 tum,
246 896 292 970 de
308 924 352 970 eo
370 900 482 996 queri
499 916 706 999 oporteret,
721 901 884 974 additum
900 928 977 974 non
992 916 1064 975 est:
1081 917 1202 975 tamon

130 1006 338 1105 oportebit?
351 1012 470 1107 Atque
485 1034 552 1109 ego
570 1016 607 1083 iu
616 1012 687 1085 boc
701 1014 879 1085 Caecinam
892 1038 969 1084 non
983 1012 1139 1086 defendo
1150 1024 1199 1086 ¹²:

128 1118 291 1217 possedit
318 1121 414 1192 enim
433 1123 593 1213 Caecina,
611 1138 906 1222 recuperatoree3
931 1138 969 1194 et
988 1122 1041 1212 id,
1061 1124 1202 1196 tametsi

128 1242 230 1299 extra
246 1254 389 1302 causam
403 1245 475 1318 est,
491 1256 698 1330 percurram
714 1249 833 1307 tamen
851 1232 971 1323 brevi,
987 1248 1121 1305 utnon
1136 1236 1203 1305 mi·

118 1362 200 1410 ⁴nus
217 1337 407 1413 bominem
427 1343 566 1439 ipsum,
583 1368 694 1441 quam
710 1344 771 1440 jus
792 1368 987 1416 commune
1011 1343 1201 1417 defensum
1296 1371 1299 1375 ’

127 1449 259 1520 velitis.

179 1560 401 1628 Caesenniam
413 1557 614 1656 possedisse
626 1575 777 1659 propter
789 1560 1056 1636 usumfructum
1069 1558 1112 1650 ¹³,
1124 1588 1201 1635 non

127 1688 249 1762 neges.
280 1668 353 1757 Qui
378 1668 530 1741 colonus
551 1668 680 1742 habuit
701 1669 923 1742 conductum
945 1669 992 1742 de
1017 1674 1202 1745 Caeseunia

128 1774 304 1865 fundum,
326 1802 440 1876 quum
455 1778 553 1852 idem
570 1805 616 1852 ex
632 1779 758 1853 eadem
776 1779 1019 1852 conductione
1039 1780 1200 1853 fueritin

125 1885 258 1991 fundo,
267 1887 420 1961 dubium
430 1889 533 1979 est¹⁴,
541 1892 680 1989 quin,si
688 1892 873 1964 Cesennia
889 1904 967 1962 tum
983 1891 1200 1989 possidebat,

128 2022 244 2093 quum
259 2013 336 2071 erat
351 2000 503 2073 colonus
520 1999 709 2089 infundo,
727 2016 809 2098 post
827 2002 905 2096 ejus
921 2015 1075 2072 mortem
1094 2001 1200 2075 beree

129 2107 259 2181 eodem
275 2108 358 2203 jure
383 2109 606 2208 possederit?
625 2108 766 2182 Deinde
792 2113 870 2208 ipse
892 2110 1047 2203 Caecina,
1084 2134 1200 2206 quum

127 2220 296 2292 circuiret
320 2220 468 2318 praedia,
489 2222 589 2293 venit
610 2222 647 2292 in
670 2224 779 2292 istum
803 2218 980 2307 fundum3
1002 2216 1199 2301 rationese

126 2331 260 2402 colono
277 2333 441 2430 accepit:
463 2332 605 2404 suntin
625 2356 705 2403 eam
726 2355 804 2401 rem
826 2330 1042 2401 testimonia.
1070 2316 1199 2403 Postea

127 2465 207 2533 cur,
228 2440 370 2531 AEbuti,
400 2441 446 2515 de
464 2446 535 2515 isto
559 2444 680 2542 potius
703 2439 836 2530 fundo,
860 2439 1035 2537 quamde
1061 2441 1148 2531 alio,
1171 2443 1201 2512 si

165 2598 207 2633 ιι.
224 2582 367 2631 Auctoritas
384 2584 514 2650 majom
528 2586 640 2635 Greritss
682 2584 723 2634 ric.
737 2585 796 2633 Non
808 2583 913 2649 opinor,
926 2593 977 2632 tm
990 2585 1039 2632 fuit
1051 2586 1138 2635 Cicero
1151 2586 1201 2634 im·

126 2662 293 2726 etprodentie
305 2665 433 2724 mojorem.
682 2665 791 2730 peritus,
814 2675 844 2711 ut
863 2663 933 2728 qood
951 2664 1115 2728 equiseimum
1136 2675 1199 2713 esset

166 2756 207 2790 ss.
221 2744 250 2789 Ire
265 2740 312 2789 boe
326 2742 448 2791 Casium
460 2759 510 2791 nort
523 2740 638 2809 desudo
683 2760 737 2793 non
750 2743 863 2792 videret:
885 2742 942 2801 sed,
961 2755 989 2791 ut
1009 2743 1034 2790 in
1054 2743 1209 2792 Cluentisus'

128 2822 157 2867 lu
170 2819 216 2868 bec
232 2837 258 2869 re
270 2837 322 2869 uon
336 2824 461 2872 constituo
473 2823 640 2872 defensionem
683 2833 794 2883 testetur,
812 2836 891 2870 ceos·
909 2821 991 2868 servit.
1013 2822 1051 2868 De
1067 2822 1122 2882 jure
1139 2838 1199 2871 vero

125 2901 241 2949 Carina
258 2926 294 2938 -
318 2902 425 2951 Tametsi
445 2916 519 2951 extra
539 2918 640 2951 eausam
685 2902 807 2967 Ulpisuus
824 2901 859 2948 sic
872 2899 959 2946 scribit
973 2898 1000 2945 iu
1017 2899 1036 2947 1.
1051 2899 1139 2963 siquis
1149 2900 1197 2948 do-

128 2990 171 3028 est.
184 2982 220 3026 Ar
232 2989 336 3042 eoum,
352 2982 378 3029 in
391 2980 440 3029 boe
451 2998 542 3031 summ
554 2982 642 3044 judicii
684 2997 765 3040 mum,
789 2982 822 3028 D.
845 2977 943 3026 locetis
966 2977 1015 3023 «Si
1037 2978 1198 3039 emersurus,

127 3073 247 3122 morsque
267 3069 318 3107 tots
335 3060 462 3109 consistit:
484 3062 641 3125 quemodrro·
683 3059 777 3122 iuquit,
788 3055 1198 3121 loosveritfundumiequiuqm·

128 3136 188 3184 dum
201 3137 241 3185 vel
255 3137 342 3186 leviter
353 3155 450 3187 cenem
464 3140 568 3188 intuenti
584 3155 641 3204 per·
686 3137 772 3194 aiore,
794 3148 819 3185 et
842 3136 985 3197 decesserit,
1008 3137 1123 3186 heredem
1145 3140 1199 3199 eius

129 3217 240 3281 spicuam
257 3229 302 3266 est.
317 3220 398 3268 Hor-r.
405 3219 470 3267 Vide
482 3219 514 3266 sd
530 3234 584 3281 esp.
597 3218 639 3264 31.
682 3231 736 3264 non
749 3218 842 3280 reneri,
853 3229 882 3267 nt
892 3218 941 3266 frui
952 3219 1197 3282 procuret-moe

127 3295 641 3346 -Jrscemmrmecommuneinreuum
684 3298 813 3362 perspicue
831 3314 915 3346 verum
934 3309 987 3346 est:
1010 3307 1039 3346 ut
1059 3297 1136 3346 cuivis
1158 3297 1198 3349 vd

129 3375 197 3440 quod
213 3375 245 3423 sd
262 3392 348 3424 omnes
362 3377 468 3441 pertinet
482 3375 591 3436 ejusdem
606 3378 641 3423 oi·
684 3376 840 3427 mediocriter
858 3377 956 3426 erudito
975 3377 1033 3427 lieet
1051 3377 1196 3441 intelligere.

127 3454 217 3503 vitetis.
227 3454 312 3505 lisois
327 3453 422 3524 νόμιμον
436 3466 509 3505 voest
522 3457 641 3505 Aristote·
684 3456 838 3505 Juetinisrrus
852 3455 898 3504 seb
911 3456 974 3505 titul.
990 3458 1020 3511 'le
1032 3473 1114 3504 rerum
1125 3455 1197 3503 diris.

126 3534 168 3587 les.
183 3536 250 3583 Pus.
263 3562 298 3572 -
310 3534 376 3584 Edit.
394 3538 474 3595 1480,
493 3550 565 3584 arem
574 3551 639 3583 eom·
681 3535 770 3583 «iicet
782 3535 976 3585 usufructuariae
993 3535 1095 3582 naturis
1112 3534 1198 3580 frueti-

127 3629 224 3661 munem
237 3614 477 3663 defensemveiitis».
681 3611 862 3672 bus,uoudum
871 3623 952 3662 tsroeu
963 3614 1102 3677 perceptis,
1114 3611 1197 3660 deese·

163 3693 205 3742 13.
228 3692 379 3741 Ceremiam
393 3694 528 3757 possedisse
535 3704 639 3759 propter
680 3694 754 3741 serit:
768 3693 800 3740 sd
812 3693 912 3741 ber-edes
925 3694 978 3754 ejus
989 3709 1041 3741 nou
1056 3692 1196 3757 punissent,

126 3769 348 3833 usumfructum.....
365 3773 410 3837 qui
428 3774 527 3821 colonus
551 3772 639 3822 habuit
680 3771 833 3820 seddouriuo
840 3771 1197 3837 proprietatisecquiruntrrrs.

126 3852 286 3910 conductum,
299 3862 348 3901 eto.
363 3855 423 3900 iioec
435 3852 569 3900 elucidsbit
575 3854 636 3900 lixo.
680 3854 763 3914 Quum
777 3864 855 3901 sutem
868 3852 901 3899 its
913 3851 1042 3916 perspicue
1056 3850 1144 3898 Cicero
1156 3868 1198 3900 oe·

128 3931 215 3979 xxlv
224 3931 254 3979 sd
265 3931 353 3980 calcem
363 3932 436 3994 bujrre
448 3933 575 3980 orationis.
678 3930 826 3991 Impietas,
844 3929 957 3995 quidest
978 3929 1047 3993 quod
1065 3930 1199 3979 Lambinus

164 4018 204 4066 rt.
219 4009 323 4058 Dubium
340 4013 497 4072 estbislim,
510 4012 636 4061 «dubium
679 4010 778 4070 scribit,
796 4026 848 4059 nou
860 4025 912 4058 esse
928 4008 1059 4070 credibile,
1077 4009 1147 4058 iure
1163 4012 1198 4058 its

128 4103 158 4134 ne
170 4100 214 4137 eet.
226 4090 349 4149 Veneti»,
369 4092 490 4141 «dubium
503 4098 635 4141 croisette.
679 4106 758 4143 σωκ
783 4090 904 4150 servisse,
929 4100 959 4137 ut
984 4088 1196 4153 impudentissime

128 4167 225 4227 Cim.
235 4195 270 4208 -
283 4169 356 4217 Heres
368 4169 635 4239 eodemjurepossede·
678 4172 840 4221 mutuus?
849 4171 964 4221 Potestne
973 4167 1109 4236 quidqu
1121 4183 1194 4235 repu-
