3016 4774
1472 276 1474 313 1

323 350 329 361 ’
359 374 428 474 592
671 374 953 445 nxcnnsns
981 374 1105 443 xvir.
1371 392 1376 397 ·
1472 322 1474 477 I

355 502 536 586 loquuntur
552 497 670 586 saepius
685 498 720 561 in
733 497 802 587 lege
816 522 845 580 1,
861 496 946 561 deri
965 513 998 561 et
1017 496 1049 560 vi
1067 512 1209 577 armata,
1230 519 1345 584 quam
1364 521 1438 589 pro-
1472 482 1474 599 ζ

352 608 437 670 xime
452 605 641 669 citavimus:
659 620 691 669 et
705 605 853 668 Donatus
871 604 1103 692 interpretatur
1114 600 1204 693 apud
1222 604 1436 685 Terentium,
1472 638 1474 693 3

353 727 391 795 pt
411 709 535 774 nemini
555 709 621 789 jam
647 710 826 774 obscurum
853 710 905 775 sit.
931 708 1129 773 Adverbiunr
1157 725 1276 774 autem
1297 736 1432 800 ponar,
1472 726 1474 845 ἰ

354 817 445 907 quod
460 819 515 883 hic
534 817 677 901 addidit,
697 820 815 882 merito
828 834 959 883 censeat
975 817 1049 903 quis
1068 817 1110 882 ad
1124 817 1214 882 illam
1232 820 1431 901 formulam,
1472 852 1474 909 ς

352 946 487 1014 «parum
503 925 625 989 cavisse
637 923 806 1007 ridetur»,
819 947 919 1012 quam
932 923 1066 1013 exponit
1078 925 1214 1006 Festus,
1228 948 1313 989 eum
1328 950 1432 1016 respe-
1472 942 1474 1037 Ι

353 1033 447 1097 aisse.
461 1031 496 1095 P.
508 1031 631 1094 Fran.
1472 1102 1473 1105 Ἴ

397 1136 484 1219 Quia
496 1136 606 1200 multoe
618 1132 777 1199 editiones
790 1133 960 1214 «injuriam
968 1133 1123 1198 delictum
1131 1156 1238 1219 essm,
1248 1137 1429 1203 Lambinus
1472 1116 1474 1187 ἶ

321 1242 329 1257 ‘
352 1241 444 1332 legit,
465 1239 546 1306 «sed
571 1241 721 1323 injuriam
747 1255 892 1322 tantuna,
916 1239 974 1328 qui
991 1239 1278 1329 prohibitus-sit».
1305 1244 1428 1309 Erfnrt
1462 1318 1474 1353 r

351 1347 485 1430 «injuris
502 1345 656 1410 delictum
675 1366 745 1409 esse
756 1374 781 1408 ι.
797 1344 908 1411 Gom.
1161 1415 1165 1427 ⁸
1472 1388 1474 1405 .

396 1455 481 1517 Cum
500 1452 566 1516 hoe
589 1451 647 1515 MS
671 1449 828 1515 mendose
844 1451 924 1516 aiter
944 1452 1090 1534 Francii,
1115 1468 1149 1517 et
1165 1451 1244 1518 edit.
1261 1459 1378 1544 1472,
1394 1455 1427 1520 de
1463 1446 1474 1495 ³

351 1557 470 1645 quibus
492 1556 527 1618 in
544 1554 583 1618 V.
605 1555 640 1618 L.
658 1569 691 1618 et
705 1570 845 1643 utraque
860 1572 954 1620 vetus
971 1556 1102 1621 Veneta.
1127 1557 1367 1625 [allemandus
1384 1563 1427 1625 in·
1472 1614 1474 1617 .

351 1661 482 1751 geniose
499 1659 647 1747 reposuit
673 1661 728 1724 «in
749 1660 823 1741 jure
844 1684 960 1750 parum
977 1661 1139 1728 delectum
1155 1686 1265 1748 esse»,
1295 1667 1427 1757 Nauge-
1472 1654 1474 1737 ἶ

350 1769 437 1831 rium
453 1781 487 1830 et
503 1766 601 1831 Fabri
625 1783 739 1832 notam
762 1784 937 1856 aequuum,
962 1767 1062 1857 idque
1088 1767 1219 1834 firmans
1248 1771 1426 1836 Graevianis
1473 1768 1474 1823 ἶ

351 1873 505 1962 exemplis
519 1871 561 1936 ad
578 1871 659 1936 iilud
679 1873 845 1962 superius,
866 1873 1069 1963 «ingressum
1094 1873 1194 1940 modo
1217 1875 1424 1968 delegeris»,
1473 1950 1474 1961 χ

351 1978 442 2067 quod
455 1979 526 2069 ipse
541 1994 650 2045 tamen
669 2001 738 2045 non
753 1994 928 2069 receperat.
945 1980 1072 2047 Ganar.
1473 1982 1474 2005 ³

348 2168 1417 2196 mmmfflffltssmmmmmmmmffl

522 2388 982 2513 EXCURSUS
1029 2395 1257 2514 XVIII

434 2627 498 2695 an
523 2624 802 2695 orsrrortmr
824 2627 917 2697 rao
940 2630 1138 2719 enetos,
1158 2634 1255 2703 cir.
1279 2660 1340 2732 η.

393 2985 430 3050 V
425 2994 515 3048 estroe
527 2979 712 3064 defensionis
724 3004 786 3045 esse
800 2982 914 3049 dicitis.
928 2985 1057 3052 Nostroe
1068 2988 1255 3079 defensabor}
1268 2996 1378 3065 Aldus
1388 3019 1418 3066 et

348 3113 463 3157 omnes
479 3088 552 3153 libri
568 3103 710 3169 veteres;
730 3086 819 3176 quod
834 3090 892 3176 qui
909 3093 1137 3183 corrigendum
1154 3102 1299 3188 putavit,
1314 3104 1417 3171 balln-

348 3195 474 3260 cinatus
496 3209 554 3257 est.
571 3191 734 3282 Significat
749 3194 836 3258 enim
850 3195 962 3262 Cicero
978 3222 1070 3265 suam
1084 3226 1211 3269 causam
1228 3209 1265 3271 C.
1273 3210 1417 3299 Aquinio

346 3299 517 3391 probatam
532 3320 616 3379 esse;
633 3297 756 3362 idcireo
776 3297 855 3363 dicit
873 3324 909 3366 :a
920 3302 1072 3393 Magnam
1090 3310 1219 3375 anobis
1237 3313 1330 3379 initis
1346 3342 1416 3406 gra·

348 3407 442 3487 tiam,
469 3426 571 3491 quum
594 3425 723 3467 causam
745 3421 890 3470 nostram
913 3424 1003 3475 tanto
1025 3413 1095 3478 viro
1115 3416 1248 3505 probari
1272 3418 1382 3488 dicitis
1394 3455 1415 3487 ι.

347 3516 495 3579 Horrorr.

394 3618 501 3706 Quum
510 3636 580 3679 eum
592 3628 751 3679 auctorem
766 3631 882 3683 vestroe
890 3618 1088 3709 defensionis.
1106 3627 1198 3691 Hanc
1207 3651 1299 3694 nunc
1309 3655 1418 3699 veram

346 3726 444 3806 hujus
458 3712 521 3787 lodi
532 3720 725 3810 scripturam
742 3744 811 3786 esse
823 3724 972 3810 arbitror,
989 3732 1135 3817 quamvis
1146 3734 1225 3797 oiIm
1236 3736 1333 3801 aliter
1345 3762 1418 3805 sen-

347 3834 461 3915 serim,
475 3846 508 3894 et
523 3830 736 3893 Hottomanni
755 3833 946 3898 sententiam
965 3836 1141 3924 probarim.
1155 3841 1318 3907 Dicebant
1331 3850 1418 3914 enim

282 4016 285 4021 ,
348 3936 539 4016 adversarii,
558 3958 607 4017 se,
624 3937 816 4001 auctoritate
833 3938 1011 4028 C.Aquillii
1029 3946 1147 4028 fretos,
1163 3946 1227 4028 ita,
1249 3966 1288 4013 ut
1307 3951 1421 4020 defen·

347 4040 483 4121 debant,
495 4040 621 4104 AEbutii
635 4066 763 4107 causam
777 4041 965 4129 defendere,
981 4071 1123 4139 eumque
1136 4075 1202 4117 suae
1216 4053 1420 4128 defensionis
