3200 4768
295 416 361 487 186
674 419 953 489 EXCURSUS

288 538 376 602 hoc?
402 537 474 601 Una
501 537 610 601 civitas
633 559 672 601 ex
697 561 765 601 uno
788 562 887 628 agro,
914 538 1016 626 plebis
1041 559 1183 602 romana
1208 538 1348 604 PROPE

258 624 520 707 ‘MENsTuUA
542 641 710 706 CIBARIA
732 645 875 731 praetoris
898 642 1033 731 imperio
1058 642 1180 707 donare
1201 645 1349 732 Apronio

289 749 458 836 cogiturlu
490 747 541 811 Sic
564 748 699 812 Tullius.
723 748 826 812 Porro
849 772 990 813 romanae
1010 749 1113 837 plebis
1137 749 1271 814 nomine
1293 769 1349 814 aut

288 852 493 940 intelligenda
510 853 599 940 plebs
617 854 785 932 universa,
801 870 857 918 aut
879 854 930 917 illa
947 856 1053 918 solum
1073 854 1256 943 plebecula,
1278 878 1349 942 qun

287 957 443 1022 frumenti
460 959 682 1047 largitionibus
701 959 855 1023 alebatur.
870 959 963 1023 Plebs
978 960 1126 1023 universa
1143 961 1233 1024 nullo
1249 960 1348 1025 modo

287 1064 420 1152 intelligi
434 1080 550 1153 potest.
568 1066 607 1128 In
626 1066 714 1129 Urbe
732 1065 818 1129 enim
837 1066 1003 1147 omnium,
1019 1088 1098 1152 quas
1116 1067 1165 1130 sol
1176 1067 1348 1153 aspiceret,

289 1170 426 1233 maxime
443 1169 604 1256 frequenti
628 1171 699 1258 quis
719 1194 786 1234 non
809 1171 898 1234 facile
916 1170 1074 1234 concedat
1090 1172 1146 1235 illo
1164 1194 1232 1234 oevo
1251 1172 1349 1234 l'uisse

288 1276 426 1363 amplius
448 1275 682 1365 quadringenta
704 1277 801 1341 millia
822 1277 994 1341 hominurn
1013 1276 1054 1342 de
1073 1276 1191 1365 plebe?

333 1382 418 1445 Huic
438 1398 534 1446 tantae
551 1381 751 1447 multitudini
769 1382 907 1447 ducenta
923 1384 1022 1447 millia
1043 1382 1244 1447 medimnum
1261 1403 1352 1445 merr-

289 1503 378 1549 strua
393 1489 446 1550 vix
463 1491 538 1552 antis
559 1489 628 1552 lore
646 1488 806 1553 subducta
825 1490 950 1552 ratione
966 1491 1220 1578 comperiemus,
1239 1504 1276 1551 ut
1289 1488 1352 1550 sin·

290 1592 373 1680 gulis
385 1592 605 1658 tribuerentur
620 1610 745 1659 tantum
760 1595 858 1657 modii
876 1596 976 1675 tarni,
994 1618 1051 1658 seu
1063 1593 1351 1665 semi-medimnus.

293 1697 360 1778 Qui
375 1721 531 1764 numerus
551 1701 705 1764 frumenti
724 1701 765 1764 ab
786 1701 837 1763 his
859 1702 989 1788 triginta
1005 1701 1109 1764 tribus
1128 1700 1269 1764 millibus
1287 1722 1355 1762 me·

277 1800 440 1865 ⁴dimnum
462 1804 553 1868 abest
572 1822 637 1868 tam
658 1806 771 1892 longe,
793 1819 832 1866 ut
853 1805 943 1869 nullo
964 1803 1065 1868 modo
1085 1821 1149 1868 tam
1171 1802 1354 1891 impudenti

292 1907 463 1972 mendacio
482 1909 577 1972 fucus
594 1908 662 1972 fieri
677 1908 842 1988 judicibus
855 1909 1006 1996 potuerit.
1026 1907 1238 1996 Intelligenda
1255 1908 1355 1995 igitur

292 2029 341 2078 est
357 2013 445 2102 apud
467 2014 655 2079 Ciceronem
678 2015 768 2103 plebs
788 2015 856 2096 illa,
875 2038 932 2080 seu
950 2016 1132 2103 plebecula,
1152 2014 1206 2078 cui
1224 2035 1354 2077 annona

291 2136 457 2183 menstrua
468 2119 587 2183 donata
597 2120 659 2183 luit
669 2122 738 2208 lege
750 2121 899 2185 Terentia
913 2144 952 2184 eo
961 2121 1119 2201 triennio,
1136 2142 1202 2207 quo
1216 2117 1353 2183 Siciliam

291 2226 408 2290 Verres
427 2225 671 2291 administravit.
691 2227 793 2292 Porro
814 2228 1030 2316 Agyrinenses
1048 2228 1194 2317 Apronio
1211 2224 1354 2316 XXXIII

294 2332 392 2395 millia
417 2331 618 2396 medimnum
637 2332 760 2397 donare
780 2333 883 2397 coacti
902 2349 985 2397 sunt
999 2332 1126 2421 «plebis
1149 2356 1231 2397 rom.
1253 2354 1356 2421 prope

292 2454 458 2501 menstrua
477 2439 612 2519 cibaria,
629 2439 737 2525 inquit
753 2442 902 2520 Cicero»,
927 2437 984 2502 sed
1009 2438 1073 2502 hnc
1093 2439 1230 2503 verbum
1253 2460 1357 2524 prope

293 2564 397 2629 quum
414 2540 523 2621 addit,
542 2542 681 2605 oratorie
695 2543 859 2607 imminuit
872 2543 1006 2606 modum
1023 2542 1178 2627 frumenti
1192 2540 1280 2628 quod
1296 2541 1355 2603 do·

294 2648 432 2715 nabetur
446 2662 666 2724 menstruum,
685 2665 722 2711 ut
736 2650 866 2713 furtum
879 2649 988 2712 Verris
1001 2664 1092 2712 tanto
1110 2647 1210 2734 magis
1224 2660 1355 2734 arrgeat,

294 2776 361 2840 qno
383 2753 518 2842 propius
538 2751 580 2817 ad
602 2754 693 2817 illum
715 2754 864 2817 ciborum
885 2769 1126 2817 menstruorum
1148 2748 1283 2814 modum
1306 2772 1358 2813 ac·

293 2856 395 2921 cedat.
413 2861 489 2922 Haec
507 2876 572 2939 est,
590 2860 624 2920 ni
642 2857 744 2937 fallor,
763 2880 854 2920 mens
873 2858 1067 2937 Contereni,
1084 2878 1181 2943 quern
1198 2854 1355 2932 Groerius,

273 2965 369 3052 'quia
393 2987 461 3028 non
483 2987 553 3028 eam
574 2979 767 3052 assequutus
790 2978 859 3041 est,
882 2965 964 3028 male
986 2961 1204 3051 reprehendit.
1226 2959 1278 3025 Ad
1301 2960 1356 3024 lib.

297 3085 370 3134 tert.
388 3071 502 3134 Aecus.
519 3092 588 3157 cap.
606 3069 657 3133 30.
713 3076 716 3081 “

339 3176 529 3239 Ciceronem
549 3175 649 3263 igitur
666 3174 823 3238 habemus
844 3168 1011 3239 auctorem
1028 3174 1160 3264 triginta
1183 3173 1244 3236 tria
1261 3169 1359 3234 millia

297 3276 500 3342 medimnum
518 3277 636 3361 donata
654 3278 753 3342 luisse
768 3301 911 3344 romanae
924 3279 1098 3370 plebeculas
1110 3278 1179 3365 lege
1191 3276 1359 3339 Terentia:

297 3400 394 3471 atque
409 3383 462 3449 illa
471 3407 570 3472 prope
586 3385 660 3449 satis
674 3385 772 3450 fuisse
784 3385 825 3450 ad
838 3387 948 3450 cibum
961 3385 1063 3473 plebis
1076 3397 1299 3445 menstruum:
1315 3381 1359 3444 ita,

299 3507 337 3555 ut
352 3491 378 3554 si
395 3490 436 3555 ad
451 3490 503 3555 illa
518 3492 680 3573 XXXIII,
697 3493 820 3581 aliquot
839 3494 975 3556 millium
996 3486 1198 3552 medimnum
1220 3487 1359 3551 accessio

208 3614 211 3625 ·
297 3597 368 3679 liat,
386 3621 560 3662 numerum
579 3598 783 3664 medimnum
801 3595 922 3664 alendae
938 3594 1023 3682 plebi
1040 3584 1263 3657 necessarium
1273 3593 1363 3656 habi·

298 3706 363 3769 turi
380 3706 493 3772 simus.
511 3706 579 3770 Hac
595 3705 694 3794 igitur
712 3706 803 3794 quasi
821 3703 889 3766 lace
906 3701 1101 3790 praelucente
1116 3699 1362 3790 progrediamur

299 3812 493 3891 conjecturis
510 3835 608 3900 quam
624 3811 758 3876 minime
772 3806 958 3874 audacibus.
1349 3898 1353 3907 ι

342 3919 513 3983 Imminuit
524 3937 633 3984 orator
649 3919 786 3984 modurn
799 3914 953 3978 frumenti
968 3915 1009 3978 ad
1023 3914 1145 3979 crimen
1159 3908 1360 3999 augendum,

301 4045 360 4084 nos
393 4026 741 4111 eum‘arnplificemus,
767 4038 798 4084 et
823 4020 1041 4109 producamus
1063 4020 1115 4084 vel
1137 4018 1178 4081 ad
1201 4019 1237 4081 L.
1264 4014 1362 4079 millia

302 4126 501 4192 medimnum
521 4130 590 4192 :ita
613 4144 649 4191 ut
665 4126 706 4190 ad
724 4126 815 4192 illum
836 4128 1082 4191 Ciceronianum
1107 4144 1281 4190 numerum
1307 4120 1362 4187 liat
