3116 4774
521 361 906 431 ARGUMENTUM.
989 380 992 387 “
1177 356 1248 441 463

216 483 381 545 definiendo
397 480 603 560 explicavimus
613 522 622 553 ,
632 482 681 559 jus
694 480 778 539 civile
793 478 989 549 laudamus,
1006 477 1097 538 umba
1110 477 1245 557 ambigua

217 582 398 642 distinximus
408 606 429 636 ι.

256 683 291 737 In
311 674 431 735 exordio
446 675 548 736 Cicero
561 671 715 735 AEbutium
728 671 911 751 perstringit,
934 670 986 750 qui
1000 684 1032 729 ut
1045 671 1140 731 audax
1158 673 1247 733 suerit

218 776 247 835 in
260 771 454 833 convocandis
463 769 632 830 hominibus
643 783 672 828 et
685 770 847 848 armandis,
859 770 900 830 sic
916 767 1070 847 impudens
1082 767 1249 845 injudicio,

217 891 281 949 cap.
292 893 316 929 1.
328 870 419 931 Simul
428 868 542 947 judices
555 866 624 946 (qui
640 865 691 926 ubi
707 865 743 926 de
757 868 939 946 possessione
950 863 1118 925 certabatur
1132 885 1244 940 recape-

218 984 327 1028 ratores
344 968 483 1047 appellari
500 965 649 1042 solebant)
662 980 781 1037 monet,
795 987 832 1025 ne
846 964 1026 1045 impudentia
1039 961 1151 1023 AEbutii
1166 963 1248 1022 deci·

218 1067 345 1145 piantur,
358 1063 562 1123 ut‘constituta
575 1064 637 1141 jam
653 1083 699 1135 re,
713 1063 785 1142 quid
799 1063 845 1140 agi
859 1062 1007 1141 potuerit,
1022 1071 1073 1118 aut
1085 1058 1158 1137 quid
1172 1079 1244 1136 pos-

218 1165 273 1236 sit,
293 1183 352 1221 non
367 1162 439 1240 quid
454 1176 550 1220 actum
564 1162 613 1228 sit,
640 1174 788 1238 quaerant,
808 1159 933 1237 ideoque
954 1159 1083 1236 iniquam
1098 1154 1249 1233 judicandi

218 1279 328 1319 moram
343 1278 377 1317 ac
390 1258 558 1336 religionem
570 1256 626 1316 sibi
646 1257 728 1335 injici
741 1257 900 1337 patiantur,
916 1256 979 1314 1-3.

256 1358 392 1435 Sequitur
405 1354 533 1415 narratio
548 1355 591 1413 rei
606 1367 708 1432 gestes,
723 1356 791 1424 4-8.

257 1459 323 1512 Jam
338 1452 586 1511 confirmationem
600 1448 768 1528 aggreditur
788 1451 890 1510 Cicero
902 1451 958 1524 sic,
979 1465 1012 1510 ut
1030 1453 1135 1513 doceat
1156 1457 1248 1515 Casci-

219 1569 285 1609 nam
296 1570 355 1608 non
370 1549 465 1606 minus
480 1566 497 1606 a
512 1546 634 1606 stultitia
654 1545 764 1606 AEbutii
778 1545 942 1620 sublevari,
958 1567 1045 1626 quum
1062 1550 1123 1628 ejus
1136 1551 1250 1630 impro-

219 1645 308 1705 bitate
319 1644 395 1704 laedi.
411 1640 583 1722 Improbum
597 1643 705 1714 fuisse,
719 1641 798 1721 quod
809 1643 922 1725 §coactu
938 1648 1112 1726 armatisque
1122 1648 1250 1707 homini-

218 1741 340 1801 busvim
352 1739 607 1810 lecerit3stultum‚
618 1738 698 1817 quod
711 1739 741 1798 id
751 1760 783 1799 se
795 1739 895 1799 secisse
906 1741 1113 1817 contemnent,
1126 1758 1155 1803 et
1163 1759 1249 1805 testes

219 1838 281 1916 ejus
295 1839 337 1897 rei
351 1836 522 1905 adduxerim
543 1854 633 1912 quare
647 1854 679 1892 se
692 1835 753 1912 ejus
766 1835 946 1895 consessione
960 1851 989 1896 et
1005 1839 1173 1900 testimoniis
1184 1862 1250 1901 nsu-

221 1956 303 2007 mm,
318 1955 346 2010 9,
358 1931 495 2007 ostendit,
510 1933 654 2009 simulque
670 1945 754 1992 testes
770 1933 865 2012 ipsos,
878 1933 909 1991 in
922 1933 1024 2012 primis
1037 1935 1248 1997 Fidiculanium

221 2032 365 2092 Falculam
380 2028 563 2109 perstringit,
584 2049 627 2087 ro.
641 2032 758 2089 Certum
773 2030 863 2107 igitur
875 2050 937 2089 esse
947 2031 1125 2092 demonstrat
1134 2035 1193 2092 vim
1209 2037 1249 2094 la-

218 2144 293 2191 ctam
309 2149 370 2189 esse
382 2127 419 2188 ab
434 2126 570 2198 AEbutio,
583 2146 642 2185 non
657 2127 734 2185 enirn
747 2127 825 2185 illam
837 2128 1034 2187 defensionem
1048 2131 1144 2190 valere
1158 2154 1166 2190 :
1182 2136 1248 2190 Non

219 2229 325 2300 dejeci,
349 2230 403 2285 sed
415 2225 529 2296 obstiti,
547 2246 590 2285 11.
605 2229 709 2301 Itaque
720 2224 839 2283 Caecinae
859 2225 1003 2285 actionem
1014 2246 1051 2285 ex
1064 2229 1198 2305 pretoria
1208 2230 1249 2288 in-

221 2324 342 2385 terdicto
363 2339 546 2402 competere3
560 2323 590 2381 in
610 2342 669 2400 quo
687 2320 823 2381 delensor
837 2321 949 2381 AEbutii
964 2328 997 2383 C.
1016 2324 1081 2385 Piso
1098 2327 1249 2400 refutatur,

220 2424 271 2501 qui
290 2423 320 2481 in
337 2422 392 2481 hac
406 2441 492 2481 causa
511 2420 621 2479 nullam
640 2438 701 2480 esse
723 2440 759 2478 ex
780 2421 913 2498 praetoria
931 2421 1085 2481 interdicto
1106 2425 1249 2483 actionem

220 2519 424 2590 contenderat,
438 2524 541 2584 sa-rt..

258 2623 323 2677 lam
335 2614 447 2677 accedit
459 2613 497 2673 nd
506 2612 589 2673 aliud
600 2613 760 2673 defensoris
766 2614 876 2675 AEbutii
886 2629 1100 2694 argumentum,
1115 2638 1175 2696 quo
1188 2620 1248 2679 vim

220 2714 341 2774 &cinae
359 2712 463 2772 factam
480 2732 542 2771 osse
556 2725 722 2790 negaverat.
745 2712 780 2771 ld
798 2715 887 2790 igitur
907 2714 1011 2772 Cicero
1031 2715 1139 2773 refutat
1159 2718 1249 2794 expli·

221 2810 315 2869 cando
327 2850 336 2878 ‚
346 2809 418 2887 quid
433 2811 581 2868 communi
594 2830 649 2868 usn
662 2808 776 2868 dicatur
786 2811 846 2868 vim
862 2811 973 2881 lacere,
988 2809 1077 2886 idque
1094 2824 1154 2868 tum
1169 2830 1250 2872 more

221 2906 380 2984 majorum,
394 2918 455 2968 tunt
465 2907 555 2985 ipsius
569 2906 681 2966 AEbutii
688 2907 801 2986 judicio
815 2906 982 2979 confirmat,
999 2906 1250 2979 15·17.Praeterea

221 3024 312 3083 quum
327 3004 460 3063 voluntas
481 3018 510 3063 et
525 3004 677 3064 consilium
693 3018 723 3062 et
744 3004 885 3065 sententia
904 3002 1052 3062 interdicti
1064 3004 1251 3083 intelligatur,

221 3114 273 3161 ant
286 3100 495 3178 impudentiam
508 3119 666 3172 summam,
690 3113 740 3158 aut
753 3099 904 3158 stultitiam
924 3099 1098 3176 singularem
1117 3119 1200 3174 esse,
1220 3104 1251 3161 in

67 3212 73 3223 ¹
160 3256 165 3263 ,
222 3196 380 3256 verborum
394 3215 494 3254 errore
509 3197 634 3269 versari,
649 3209 679 3253 et
690 3215 777 3254 sensu
793 3193 950 3255 verborum
965 3198 1100 3273 praetoris
1117 3199 1250 3276 cognito,

221 3294 334 3370 singula
345 3289 433 3352 verba
447 3289 593 3349 subtiliter
605 3291 786 3368 exquirendo
797 3291 827 3349 in
842 3290 947 3370 frigida
960 3305 990 3351 et
997 3292 1096 3370 jejuna
1107 3295 1251 3354 calumnia

222 3390 400 3460 delitescere,
419 3386 520 3445 til-aa.
539 3385 621 3446 Nihil
639 3386 728 3463 igitur
742 3387 815 3446 illud
828 3387 941 3447 Pisonis
954 3406 1017 3446 esse
1031 3408 1038 3447 ε
1053 3409 1110 3446 nen
1124 3392 1217 3462 dejeci
1227 3395 1255 3449 si

223 3508 280 3545 uon
288 3489 342 3544 sivi
350 3487 492 3555 accedere,
504 3483 552 3541 23.
563 3487 601 3543 Et
613 3483 681 3561 quia
691 3484 758 3544 Piso
765 3485 878 3544 dixerat
886 3484 1031 3544 interdum
1039 3484 1252 3562 jurisconsultis

185 3606 189 3612 ’
222 3604 283 3645 non
294 3602 356 3641 esse
369 3579 645 3659 obtemperandum,
658 3579 732 3657 juris
746 3580 838 3640 civilis
850 3582 1007 3640 auctoritas
1019 3602 1036 3641 a
1047 3582 1186 3641 Cicerone
1198 3582 1253 3642 de-

223 3680 369 3751 fenditur,
386 3687 439 3747 at,
455 3697 535 3755 seqq.
549 3678 676 3736 Mrtltum
687 3695 758 3735 vero
772 3679 875 3756 populi
888 3679 1000 3737 romani
1013 3680 1150 3737 interesse
1163 3678 1252 3739 doce-

224 3790 280 3851 tur,
288 3776 364 3854 juris
375 3775 545 3834 sententiam
560 3788 590 3833 et
605 3774 771 3852 aequitatem
789 3775 946 3853 plurimum
962 3774 1072 3845 valere,
1084 3793 1143 3832 non
1161 3775 1253 3835 verbo

223 3886 253 3933 et
273 3874 357 3933 litera
374 3870 514 3950 torqueri.
543 3870 632 3943 Quod
648 3883 743 3931 autem
758 3869 915 3931 adversarii
934 3870 1032 3929 dicant
1048 3873 1081 3928 C.
1094 3873 1253 3950 Aquillium

222 3973 324 4029 tetum
335 3982 484 4027 auctorem
496 3986 557 4026 esse
566 3965 752 4039 defensionis,
761 3986 820 4045 qua
833 3965 936 4025 Cicero
949 3984 1005 4045 pro
1019 3965 1131 4025 Caecina
1143 3981 1251 4041 utatur,

225 4067 254 4121 in
267 4084 302 4123 eo
315 4078 437 4143 propter
449 4083 589 4123 summam
600 4064 725 4123 hominis
736 4064 905 4143 dignitatem
919 4084 1051 4142 umgnam
1062 4085 1079 4124 a
1089 4068 1252 4145 engratiam
1270 4086 1275 4091 ”
