3054 4772
352 433 423 505 628
689 427 1082 496 ARGUMENTUM.

390 553 489 613 ultima
509 559 594 628 parte
616 549 803 608 Fonteianam
828 546 865 605 ab
885 546 969 604 initio
993 546 1122 604 mutilam
1146 545 1327 617 adhesisse,
1351 563 1432 608 vetat

389 646 537 725 inscriptio
564 646 733 725 paginarum
757 664 823 723 quae
847 643 935 703 etiam
957 643 987 701 in
1012 644 1172 720 fragmento
1194 644 1349 703 orationis
1373 667 1429 724 pm

388 747 491 803 Flacco
501 762 558 818 pro
572 744 688 799 Fonteio
701 753 753 799 est
775 744 821 799 lle
840 753 935 798 tamen
953 739 1037 797 nimis
1057 739 1207 798 doleamus
1228 739 1288 798 bac
1309 740 1430 800 librarii

387 838 521 900 socordia
541 839 648 899 facturn
669 856 744 909 esse,
764 848 797 894 ut
818 836 928 913 majore
950 835 1088 894 orationis
1109 855 1165 913 pro
1185 836 1315 895 Fonteio
1340 853 1429 916 pane

386 952 534 996 eareamm
548 952 634 1012 wem
651 953 709 1011 qna
723 934 783 991 frui
798 933 844 991 bis
863 933 1038 991 membranis
1049 931 1256 1010 superstitibus
1270 937 1427 1012 potuisse-

384 1054 465 1106 mus,
480 1033 538 1091 hoc
551 1031 674 1109 amplius
686 1030 767 1104 dico,
781 1031 825 1089 illi
839 1032 934 1090 errori
947 1030 1066 1102 deberi,
1077 1029 1158 1107 quod
1170 1031 1276 1107 ingens
1291 1031 1325 1089 in
1342 1034 1422 1091 Flac

384 1134 466 1190 ciana
479 1131 582 1187 lacuna
596 1129 729 1206 supplete
740 1130 786 1186 sit.
801 1127 927 1200 Scilicet,
940 1140 973 1187 ut
986 1128 1058 1186 nihil
1071 1140 1139 1186 ante
1151 1146 1215 1205 cap.
1226 1148 1246 1205 9
1262 1127 1418 1188 desidere-

384 1242 441 1301 tur,
461 1226 553 1285 tribus
577 1225 608 1282 in
629 1226 701 1284 locis
723 1224 816 1283 codex
835 1225 897 1296 ille,
913 1246 948 1283 ex
966 1244 1026 1303 quo
1050 1225 1105 1284 ista
1127 1225 1236 1297 oratio,
1257 1227 1366 1304 Poggii
1386 1242 1420 1285 nt

383 1325 518 1405 equidem
541 1321 668 1381 arbitror
685 1342 764 1392 reso,
787 1322 960 1399 transcripta
980 1322 1053 1392 fuit,
1072 1320 1231 1400 grandibus
1247 1321 1419 1382 fundabatur

382 1424 512 1483 lacunis:
525 1439 648 1499 quarum
658 1420 752 1496 prima
767 1431 833 1477 ante
843 1418 898 1477 hos
906 1438 1016 1497 paucos
1027 1438 1133 1491 annos,
1149 1417 1415 1479 Mediolanensium

382 1541 439 1599 ope
454 1517 703 1589 membranarum,
722 1535 781 1573 non
803 1514 919 1595 expleta
933 1515 1050 1594 quidem
1066 1531 1123 1588 est,
1144 1515 1194 1575 sed
1210 1529 1308 1575 tamen
1323 1532 1412 1577 nota·

381 1618 433 1675 bili
454 1613 617 1673 accessione
639 1612 732 1670 levior
750 1613 840 1671 sacta:
863 1613 953 1671 altera
973 1614 1002 1671 in
1019 1612 1146 1671 editione
1164 1614 1365 1672 Cratandrina
1381 1637 1416 1674 ex

380 1711 480 1769 codice
496 1708 671 1768 Germanico
683 1709 817 1787 suppleta
835 1709 903 1767 luit:
922 1709 1005 1766 tertia
1018 1710 1049 1766 in
1065 1710 1149 1787 longe
1165 1709 1277 1786 majore
1289 1730 1415 1770 numeru

380 1807 522 1866 librorum
545 1805 825 1882 manuscriptorum,
848 1805 898 1881 (pri
919 1823 1020 1863 omnes
1038 1804 1227 1863 recentissimi
1243 1819 1328 1878 sunt,
1347 1828 1416 1866 con-

379 1903 509 1981 spicitur.
524 1902 642 1980 Quippe
657 1901 687 1958 in
704 1899 802 1957 decem
814 1900 1237 1976 Lagomarsinianis,.l²alatinis
1249 1921 1316 1974 sex,
1330 1903 1414 1962 libris

378 2004 409 2061 S.
417 1999 546 2058 Victoris
564 2010 593 2056 et
606 1996 741 2070 Gruteri,
757 2015 791 2054 ac
808 1997 968 2054 Franciano
983 1998 1095 2075 primo,
1119 1998 1221 2075 capitis
1236 2016 1275 2055 ao
1290 1997 1414 2059 dimidia

380 2117 465 2177 pars,
484 2117 501 2155 e
519 2094 616 2154 verbis
631 2095 707 2169 llbfis
717 2095 901 2170 persolvisse,
922 2105 984 2150 tum
1000 2095 1096 2172 capita
1110 2113 1144 2151 ar
1160 2107 1190 2152 et
1207 2114 1261 2164 aa,
1282 2095 1413 2174 deniqne

379 2194 482 2273 capitis
503 2195 541 2251 23
559 2193 652 2272 prima
665 2190 807 2249 vocabula
825 2204 936 2268 septem
951 2189 1103 2248 deliciunt:
1120 2206 1137 2248 a
1156 2211 1214 2269 qua
1232 2192 1338 2251 lacuna
1362 2215 1411 2253 sex

379 2289 646 2368 Lagomarsininni,
662 2286 722 2346 duo
734 2287 873 2373 Palatini,
886 2287 1062 2346 Francianus
1075 2287 1237 2359 secundus,
1255 2304 1287 2348 et
1300 2289 1411 2349 editio·

377 2408 428 2446 nes
442 2387 568 2464 anuquae
583 2386 724 2443 immunes
737 2397 823 2455 sunt3
845 2403 904 2442 non
916 2383 995 2461 quod
1013 2405 1050 2442 ex
1067 2385 1222 2463 integriore
1244 2387 1347 2446 codice
1362 2403 1410 2447 to·
1482 2442 1483 2469 ἢ

378 2485 435 2542 tius
455 2482 595 2540 orationis
614 2480 808 2551 manaverint,
824 2480 875 2538 sed
890 2482 980 2559 quia,
998 2482 1123 2540 inventis
1137 2482 1313 2543 membranis
1324 2486 1409 2544 Vati·
1482 2476 1483 2537 l

378 2581 471 2646 cauis,
486 2596 588 2635 eorum
600 2576 757 2655 archetypa
769 2575 837 2635 inde
851 2580 984 2656 suppletu
1000 2560 1124 2637 luerunt.
1145 2584 1244 2651 Quum
1264 2583 1342 2640 enim
1359 2583 1408 2641 isti

374 2675 485 2735 libriin
500 2673 618 2752 reliquis
632 2692 698 2751 quae
710 2674 872 2750 fragmento
880 2676 1022 2734 Vaticano
1037 2677 1235 2749 eontinentur,
1247 2658 1407 2755 plurimum

378 2773 416 2833 ab
436 2774 488 2831 illo
504 2770 685 2850 discrepent,
705 2774 734 2829 in
755 2772 811 2830 buc
829 2785 913 2850 parte
934 2775 1041 2833 nullam
1059 2775 1190 2834 lectionis
1206 2775 1407 2836 diversitatem

378 2869 531 2938 exhibent,
546 2867 700 2927 foedissima
714 2881 810 2927 autem
825 2869 887 2946 ejus
901 2869 1006 2928 menda
1021 2884 1236 2947 repraesentant
1249 2878 1323 2946 Quae
1336 2877 1407 2951 qui·

377 2968 444 3026 dem
458 2986 505 3024 res
520 2966 597 3037 lacit,
610 2977 641 3023 ut
656 2982 710 3040 ego
724 2984 841 3042 quoque
855 2964 892 3023 de
904 2967 1022 3024 Henrici
1034 2967 1174 3044 Stephani
1189 2969 1245 3027 lide
1256 2968 1406 3042 dubitem,

379 3066 430 3142 qui
449 3064 479 3120 in
493 3062 549 3121 hac
564 3073 661 3139 parte,
676 3061 750 3118 sicut
769 3061 831 3118 aliis
852 3061 936 3133 loeis,
951 3061 987 3119 ad
1003 3061 1132 3121 codicem
1151 3076 1309 3141 provocat,
1323 3067 1405 3143 quod

379 3170 475 3217 autem
495 3177 530 3216 ex
554 3158 605 3214 illo
625 3156 738 3233 profert
754 3156 826 3214 nibil
851 3157 929 3214 aliud
952 3172 996 3215 est
1016 3178 1103 3235 mam
1124 3159 1204 3236 quod
1225 3161 1405 3238 Naugerius,

377 3274 462 3333 quem
476 3254 506 3311 iu
520 3253 576 3310 bac
590 3253 721 3310 oratione
735 3252 941 3329 integrioribus
953 3253 1035 3313 libris
1050 3254 1217 3315 destitutum
1235 3257 1322 3315 fuisse
1337 3278 1404 3316 eer-

377 3349 518 3407 tissimum
533 3360 592 3416 est,
607 3347 715 3405 infelici
736 3348 902 3424 conjectura
924 3349 1083 3409 invenerat.
1099 3350 1175 3410 Illud
1195 3352 1279 3410 etiam
1296 3351 1403 3412 obser-

377 3461 446 3508 vatu
464 3445 581 3523 dignum
597 3459 658 3514 est,
673 3445 751 3523 quod
766 3445 823 3505 hoe
837 3448 903 3505 loco
917 3461 1005 3525 atque
1024 3450 1075 3508 illo
1095 3452 1145 3527 qui
1163 3451 1193 3508 in
1212 3452 1403 3512 Cratandrina

378 3544 590 3621 redintegratus
604 3541 666 3612 fuit,
681 3541 758 3601 idem
772 3563 908 3602 versuum
922 3564 1059 3604 numerus
1073 3546 1234 3618 exciderat,
1247 3551 1406 3627 repositus·

379 3662 436 3721 que
450 3641 523 3699 luit:
538 3657 605 3697 nam
621 3658 685 3716 quae
699 3650 830 3698 extremo
842 3660 904 3718 rap.
923 3642 959 3698 32
979 3641 1076 3702 addita
1091 3644 1209 3703 luerunt
1223 3645 1253 3702 in
1275 3646 1405 3722 margine

380 3737 546 3797 exstabant:
563 3754 626 3813 quae
642 3747 736 3793 autem
753 3735 829 3794 inter
842 3749 993 3815 utramque
1008 3738 1139 3799 lacunam
1156 3741 1298 3817 leguntur,
1310 3741 1406 3819 tripli-

380 3854 443 3892 cem
469 3833 694 3910 uniuscujusque
714 3850 852 3889 umanum
872 3850 1024 3892 numerum
1044 3836 1182 3911 implent:
1204 3837 1312 3895 scilicet
1334 3836 1405 3896 ltine

377 3912 638 4007 consequitur,'aut
655 3947 691 3985 ex
704 3928 936 4007 quinquemione
949 3928 1010 3988 duo
1029 3946 1158 3991 extrema
1173 3934 1309 3992 foliorum
1322 3937 1406 4013 paria

377 4021 473 4082 ablata
484 4026 586 4098 fuisse,
600 4023 692 4083 tribus
704 4024 807 4083 mediis
819 4025 1035 4104 superstitibus,
1049 4041 1099 4086 aut
1109 4041 1262 4107 utramque
1270 4030 1405 4090 lacunam

377 4120 496 4180 interitu
509 4121 613 4197 integri
634 4123 831 4198 quaternionis
848 4124 1052 4201 antiquissime
1068 4124 1321 4205 grandissimoeque
1334 4132 1406 4187 stri·
