3142 4774
304 416 348 488 58
616 420 663 485 M.
690 419 727 487 T.
754 416 1036 497 CICERONIS

301 539 408 610 aliam
435 540 612 608 civitatem
640 533 863 608 occurrere³.
890 541 982 607 Sunt
1005 558 1132 606 omnes
1160 534 1265 606 Sicuii
1288 560 1362 606 non

301 646 574 733 contemnendi,
596 651 624 717 si
645 670 710 744 per
734 661 878 717 nostros
905 646 1131 742 magistratus
1154 644 1278 731 liceat;
1302 646 1363 717 sed

299 760 463 831 homines
489 774 526 831 et
551 760 633 830 satis
656 756 787 841 fortes,
812 772 849 827 et
869 756 953 827 satis
973 756 1104 854 planet
1127 752 1222 851 frugi
1243 780 1286 826 ac
1305 781 1362 826 so·

300 870 398 941 brii:
425 883 462 940 et
493 872 531 938 in
556 868 682 965 primis
706 866 781 937 haec
805 868 946 953 civitas,
976 864 1021 936 de
1046 889 1118 961 qua
1140 865 1290 962 loquor,
1309 867 1365 960 ju·

298 978 403 1051 dices.
422 986 549 1076 Itaque
567 977 706 1047 homini
726 982 763 1047 in
781 978 909 1075 primis
927 973 1196 1072 improbissimo
1214 1002 1362 1074 respon-

297 1089 386 1161 dent
408 1091 663 1187 Agyrinenses,
690 1111 768 1158 sese
791 1088 961 1158 decumas
980 1089 1035 1173 ei,
1054 1085 1362 1183 quemadmodum

297 1197 494 1285 deberent,
516 1196 680 1284 daturae,
699 1197 859 1281 lucrum,
882 1218 996 1294 quum
1022 1194 1082 1268 iiie
1104 1194 1255 1294 magno⁵
1275 1222 1363 1294 prae-

297 1311 420 1381 sertim
443 1309 607 1394 emisset,
634 1332 709 1378 non
739 1305 935 1378 addituros.
966 1307 1150 1405 Apronius
1173 1309 1361 1377 certiorem

296 1417 381 1491 facit
396 1420 525 1507 mmm,
544 1418 625 1514 cuja
642 1440 700 1490 res
719 1414 834 1505 erat⁶,
857 1416 946 1515 quid
965 1418 1017 1487 rei
1035 1426 1137 1488 esset.

345 1532 506 1600 XXVIII.
524 1530 670 1617 Statim,
685 1543 871 1624 tamquam
888 1527 1090 1620 conjuratio
1109 1526 1227 1623 aliqua
1243 1528 1362 1624 Agyrii

296 1653 422 1709 contra
443 1638 705 1735 rempublicam
727 1622 836 1725 facta,
857 1648 920 1707 aut
941 1628 1079 1734 legatus
1100 1636 1261 1733 praetoris
1282 1636 1363 1735 pul·

296 1763 395 1819 satus
409 1763 522 1834 esset,
535 1749 584 1819 ita
597 1751 729 1846 Agyrio
743 1751 988 1843 magistram,
1008 1762 1044 1817 et
1056 1748 1328 1844 quinqueprimi
1337 1758 1362 1831 ¹,

297 1857 414 1931 accitu
430 1856 530 1928 istius
544 1873 749 1928 evocantur.
768 1858 929 1928 Veniunt
946 1860 1147 1953 Syracusas,
1163 1859 1295 1927 Praesto
1310 1870 1364 1927 est

297 1968 481 2065 Apronius
494 1969 589 2054 tait,
612 1956 674 2038 eos
697 1970 811 2065 ipsos,
832 1969 895 2064 qui
916 1969 1114 2055 venissent,
1138 1982 1263 2038 contra
1285 1967 1361 2037 edi·

298 2066 395 2149 ctum
421 2079 584 2176 praetoris
605 2072 742 2149 fecisse.
770 2075 1009 2168 Quaerebant,
1033 2078 1144 2176 quid?
1167 2077 1362 2176 responde-

297 2186 379 2271 bat,
398 2210 436 2259 se
454 2187 499 2259 ad
518 2199 813 2288 recuperatores²
830 2212 906 2259 esse
924 2184 1118 2258 dicturum.
1135 2188 1223 2276 Iste,
1240 2190 1364 2285 aequis·

297 2302 410 2369 simus
435 2298 566 2384 homo,
590 2292 840 2370 formidinem³
867 2299 962 2375 iliam
985 2322 1085 2368 suam
1109 2299 1248 2369 miseris
1267 2300 1364 2396 Agy·
1469 2390 1472 2395 4

296 2405 504 2481 rinensibus
530 2406 745 2501 injiciebat:
776 2422 1048 2505 recuperatores
1073 2432 1111 2479 se
1138 2404 1185 2479 de
1213 2404 1363 2487 cohorte

298 2539 362 2586 sua
379 2513 548 2585 daturum
568 2516 783 2590 minabatur.
803 2518 1060 2615 Agyrinenses,
1077 2518 1143 2587 viri
1161 2515 1363 2601 fortissimi,

294 2626 471 2721 judicium
501 2650 539 2697 se
569 2651 736 2726 passuros
764 2652 841 2698 esse
868 2612 1045 2698 dicebant.
1080 2625 1272 2724 Ingerebat
1296 2627 1363 2696 iste

325 2854 356 2901 ,3.
374 2855 513 2903 Occurrere.
522 2856 625 2913 Hotom,
635 2865 717 2904 censet
728 2854 809 2918 legen·
852 2878 888 2887 -
901 2852 952 2901 Cur
965 2866 1022 2900 vero
1036 2867 1087 2900 non
1100 2848 1188 2900 eodem
1200 2848 1295 2900 dicetur
1308 2869 1363 2901 een·

298 2926 356 2973 darn
371 2941 544 2985 «monuere»,
561 2938 604 2974 aut
618 2927 747 2990 rimigeta
760 2939 809 2973 rer·
852 2945 896 2993 su,
910 2946 962 2994 qno
973 2931 1047 2979 «satir
1057 2931 1150 2980 multat
1160 2954 1173 2974 ι
1190 2948 1241 3002 qap
1261 2932 1287 2980 iu
1301 2934 1359 2981 mv.

296 3013 384 3064 vetur,
405 3004 492 3052 eodem
509 3020 581 3052 sensu
593 3021 644 3053 esee
655 3021 705 3070 quo
717 3006 809 3057 Groecir
854 3032 865 3053 ι
875 3027 927 3059 non
940 3012 998 3060 eatis
1009 3033 1037 3070 ι,
1051 3013 1067 3060 i.
1082 3029 1105 3062 e.
1118 3013 1238 3062 minime?

299 3083 438 3149 καταντᾷν,
461 3084 480 3130 i.
504 3100 526 3131 e.
547 3083 671 3134 devenire.
693 3085 809 3134 Defendit
889 3092 913 3140 5.
924 3092 1002 3154 Quum
1012 3091 1126 3160 illemag.
1135 3095 1218 3157 Quum
1227 3092 1362 3156 presertim

298 3162 379 3209 Grae.
392 3174 422 3209 ex
441 3164 489 3210 hoo
507 3165 674 3212 antoniano:
699 3184 710 3206 ι
722 3180 808 3214 occur·
850 3171 899 3232 jam
914 3186 959 3235 pro
973 3172 1082 3222 decumis
1095 3188 1181 3237 magur
1202 3170 1313 3235 pecunie
1326 3172 1363 3216 vis

298 3256 351 3288 rere
370 3241 402 3289 ad
420 3240 620 3300 radiarentur»,
641 3244 659 3291 i.
679 3261 700 3292 e.
719 3256 808 3308 prato
848 3258 915 3298 'eant
927 3248 1069 3314 pendenda.

298 3334 350 3368 erre
375 3319 406 3368 ad
428 3321 605 3370 vadimonium.
630 3323 677 3372 sed
711 3326 809 3389 reponit
889 3331 913 3377 6.
926 3329 1037 3394 erares
1053 3326 1362 3388 erat.Verreirt,adquem

297 3400 449 3461 Derjardirn,
460 3401 527 3465 qaod
538 3401 633 3452 dicam
640 3416 766 3452 occanere
777 3404 809 3452 ad
854 3424 885 3455 ex
893 3424 920 3455 e·
931 3424 957 3455 re
970 3406 1063 3454 finctus
1074 3404 1257 3471 perveniebant.

299 3479 482 3539 vadimonium,
502 3497 554 3530 non
575 3480 633 3530 ideo
655 3483 723 3546 sequi
740 3493 807 3531 recte
884 3486 1004 3534 mut
1023 3500 1045 3534 1.
1061 3484 1252 3549 quinqueprimi.
1268 3485 1308 3533 Sic
1321 3501 1364 3548 ap-

298 3560 348 3607 dioi
360 3574 509 3608 «occurrere
522 3561 672 3610 civitaten».
686 3564 810 3627 Itaqueirr
849 3565 1003 3630 pellabantur
1021 3565 1065 3627 qui
1080 3566 1217 3629 principem
1234 3566 1260 3612 iu
1278 3574 1363 3612 senatu

296 3641 400 3689 uorem.
410 3641 575 3701 conjecturem
587 3641 697 3700 inclinet,
710 3642 754 3690 sed
763 3644 806 3691 ad·
849 3644 1070 3701 urbiseuaelocum
1082 3644 1217 3707 habebant,
1226 3652 1251 3693 et
1257 3658 1363 3709 quorum

297 3718 347 3767 dita
364 3721 436 3769 etiam
456 3736 533 3785 praep.
550 3721 593 3768 ad.
606 3722 686 3783 Quam
704 3723 806 3770 omnino
849 3734 900 3773 erat
913 3725 1016 3772 mxima
1036 3725 1151 3789 dignitas.
1167 3725 1206 3773 Sic
1219 3740 1266 3789 pro
1287 3724 1361 3772 Rosc.

298 3796 434 3848 addendam
443 3800 581 3859 eruntne!
594 3810 686 3850 eerrttr
697 3801 804 3866 νώμα.
850 3805 907 3851 Am.
918 3817 971 3866 cap.
987 3816 1003 3866 9
1022 3803 1053 3851 de
1065 3803 1237 3869 deeemprimis
1249 3803 1364 3851 diximus.

300 3878 381 3926 unet.
403 3900 414 3920 ι
423 3879 526 3928 obruere
534 3900 547 3921 υ
558 3881 669 3942 conjicit.
890 3898 913 3929 a.
926 3881 971 3928 Ad
980 3894 1170 3946 recuperatores.
1183 3882 1213 3933 Id
1227 3892 1263 3929 est
1271 3917 1278 3937 ,
1287 3896 1363 3945 quum

333 3963 356 4009 t.
371 3956 490 4018 Displicet
498 3960 610 4007 Emettio
629 3957 809 4022 ‹pune-,rix
852 3971 925 4008 staret
938 3978 1019 4009 eoram
1037 3960 1264 4025 recuperatoribus,
1281 3977 1323 4007 sen
1337 3961 1362 4008 iu

297 4034 451 4080 consentiens
464 4036 537 4083 verbo
558 4039 659 4085 mura
679 4036 727 4082 Sed
747 4035 809 4083 sorte
853 4039 948 4101 judicio
962 4051 1052 4105 praesto
1065 4052 1136 4089 esset.

296 4110 810 4177 ipmumuapottmuetendumdfft.
894 4119 917 4165 3.
938 4119 1107 4167 Fomidr'rrem.
1133 4122 1189 4182 Quo
1213 4130 1363 4183 recuperato·
