<?xml version="1.0" encoding="UTF-8"?>
<!DOCTYPE html PUBLIC "-//W3C//DTD XHTML 1.0 Transitional//EN"
    "http://www.w3.org/TR/xhtml1/DTD/xhtml1-transitional.dtd">
<html xmlns="http://www.w3.org/1999/xhtml" xml:lang="en" lang="en">
 <head>
  <title>
</title>
<meta http-equiv="Content-Type" content="text/html;charset=utf-8" />
  <meta name='ocr-system' content='tesseract 3.04.00' />
  <meta name='ocr-capabilities' content='ocr_page ocr_carea ocr_par ocr_line ocrx_word'/>
</head>
<body>
  <div class='ocr_page' id='page_1' title='image "./mtciceronisquae00bouigoog_0016.png"; bbox 0 0 3142 4774; ppageno 0'>
   <div class='ocr_carea' id='block_1_1' title="bbox 523 440 1277 511">
    <p class='ocr_par' dir='ltr' id='par_1_1' title="bbox 523 440 1277 511">
     <span class='ocr_line' id='line_1_1' title="bbox 523 440 1277 511; baseline 0.003 -2"><span class='ocrx_word' id='word_1_1' title='bbox 523 441 918 511; x_wconf 79' lang='lat' dir='ltr'><strong>ARGUMENTUM.</strong></span> <span class='ocrx_word' id='word_1_2' title='bbox 1223 440 1242 511; x_wconf 83' lang='lat'><strong><em>5</em></strong></span> <span class='ocrx_word' id='word_1_3' title='bbox 1275 440 1277 443; x_wconf 62' lang='grc'>’</span> 
     </span>
    </p>
   </div>
   <div class='ocr_carea' id='block_1_2' title="bbox 223 561 1243 930">
    <p class='ocr_par' dir='ltr' id='par_1_2' title="bbox 223 561 1243 930">
     <span class='ocr_line' id='line_1_2' title="bbox 225 561 1243 639; baseline 0 -16"><span class='ocrx_word' id='word_1_4' title='bbox 225 563 401 633; x_wconf 76' lang='lat' dir='ltr'>Plravnrinus</span> <span class='ocrx_word' id='word_1_5' title='bbox 418 561 449 618; x_wconf 92' lang='lat' dir='ltr'>in</span> <span class='ocrx_word' id='word_1_6' title='bbox 463 565 624 620; x_wconf 82' lang='lat' dir='ltr'>Commeat.</span> <span class='ocrx_word' id='word_1_7' title='bbox 637 568 688 621; x_wconf 88' lang='lat' dir='ltr'>Gr.</span> <span class='ocrx_word' id='word_1_8' title='bbox 701 562 814 639; x_wconf 76' lang='lat' dir='ltr'>linguae,</span> <span class='ocrx_word' id='word_1_9' title='bbox 825 563 998 621; x_wconf 80' lang='lat' dir='ltr'><strong>medimnum</strong></span> <span class='ocrx_word' id='word_1_10' title='bbox 1008 563 1125 623; x_wconf 88' lang='lat' dir='ltr'>atticum</span> <span class='ocrx_word' id='word_1_11' title='bbox 1137 564 1243 623; x_wconf 82' lang='lat' dir='ltr'>diserte</span> 
     </span>
     <span class='ocr_line' id='line_1_3' title="bbox 223 658 1243 738; baseline 0.001 -21"><span class='ocrx_word' id='word_1_12' title='bbox 223 674 332 737; x_wconf 83' lang='lat' dir='ltr'>septem</span> <span class='ocrx_word' id='word_1_13' title='bbox 348 658 513 716; x_wconf 88' lang='lat' dir='ltr'>modiorum</span> <span class='ocrx_word' id='word_1_14' title='bbox 531 658 613 729; x_wconf 75' lang='lat' dir='ltr'>lecit,</span> <span class='ocrx_word' id='word_1_15' title='bbox 629 658 673 715; x_wconf 88' lang='lat' dir='ltr'>uti</span> <span class='ocrx_word' id='word_1_16' title='bbox 684 669 713 714; x_wconf 90' lang='lat' dir='ltr'>et</span> <span class='ocrx_word' id='word_1_17' title='bbox 729 661 827 734; x_wconf 84' lang='lat' dir='ltr'><strong>Nepos</strong></span> <span class='ocrx_word' id='word_1_18' title='bbox 843 658 874 715; x_wconf 88' lang='lat' dir='ltr'>iu</span> <span class='ocrx_word' id='word_1_19' title='bbox 885 659 973 716; x_wconf 83' lang='lat' dir='ltr'>Attici</span> <span class='ocrx_word' id='word_1_20' title='bbox 982 660 1056 732; x_wconf 79' lang='lat' dir='ltr'>rita,</span> <span class='ocrx_word' id='word_1_21' title='bbox 1068 679 1131 738; x_wconf 86' lang='lat' dir='ltr'>rap.</span> <span class='ocrx_word' id='word_1_22' title='bbox 1146 680 1180 731; x_wconf 85' lang='lat' dir='ltr'>a,</span> <span class='ocrx_word' id='word_1_23' title='bbox 1198 660 1243 718; x_wconf 83' lang='lat' dir='ltr'>his</span> 
     </span>
     <span class='ocr_line' id='line_1_4' title="bbox 223 753 1242 835; baseline 0.001 -23"><span class='ocrx_word' id='word_1_24' title='bbox 223 754 319 813; x_wconf 85' lang='lat' dir='ltr'>verbis</span> <span class='ocrx_word' id='word_1_25' title='bbox 327 781 339 807; x_wconf 79' lang='grc' dir='ltr'>ι</span> <span class='ocrx_word' id='word_1_26' title='bbox 348 755 497 813; x_wconf 85' lang='lat' dir='ltr'>universos</span> <span class='ocrx_word' id='word_1_27' title='bbox 509 754 653 812; x_wconf 77' lang='lat' dir='ltr'>frumento</span> <span class='ocrx_word' id='word_1_28' title='bbox 662 753 909 826; x_wconf 74' lang='lat' dir='ltr'>donavitAtticus‚</span> <span class='ocrx_word' id='word_1_29' title='bbox 917 756 957 813; x_wconf 89' lang='lat' dir='ltr'>ita</span> <span class='ocrx_word' id='word_1_30' title='bbox 968 768 1000 813; x_wconf 90' lang='lat' dir='ltr'>ut</span> <span class='ocrx_word' id='word_1_31' title='bbox 1011 757 1127 834; x_wconf 86' lang='lat' dir='ltr'>singulis</span> <span class='ocrx_word' id='word_1_32' title='bbox 1132 770 1242 835; x_wconf 89' lang='lat' dir='ltr'>septem</span> 
     </span>
     <span class='ocr_line' id='line_1_5' title="bbox 225 848 1242 930; baseline 0.001 -21"><span class='ocrx_word' id='word_1_33' title='bbox 225 850 312 909; x_wconf 89' lang='lat' dir='ltr'>modii</span> <span class='ocrx_word' id='word_1_34' title='bbox 327 851 410 929; x_wconf 89' lang='lat' dir='ltr'>[nam</span> <span class='ocrx_word' id='word_1_35' title='bbox 422 851 464 908; x_wconf 88' lang='lat' dir='ltr'>sio</span> <span class='ocrx_word' id='word_1_36' title='bbox 477 848 585 909; x_wconf 89' lang='lat' dir='ltr'>babent</span> <span class='ocrx_word' id='word_1_37' title='bbox 595 869 631 908; x_wconf 85' lang='lat' dir='ltr'>ex</span> <span class='ocrx_word' id='word_1_38' title='bbox 642 849 843 927; x_wconf 77' lang='lat' dir='ltr'>manuscriptis</span> <span class='ocrx_word' id='word_1_39' title='bbox 854 851 972 927; x_wconf 73' lang='lat' dir='ltr'>optimae</span> <span class='ocrx_word' id='word_1_40' title='bbox 986 850 1140 930; x_wconf 75' lang='lat' dir='ltr'>editiones]</span> <span class='ocrx_word' id='word_1_41' title='bbox 1156 853 1242 910; x_wconf 85' lang='lat' dir='ltr'>tritici</span> 
     </span>
    </p>
   </div>
   <div class='ocr_carea' id='block_1_3' title="bbox 224 945 1277 4217">
    <p class='ocr_par' dir='ltr' id='par_1_3' title="bbox 224 945 1245 1603">
     <span class='ocr_line' id='line_1_6' title="bbox 226 945 1242 1025; baseline 0.004 -20"><span class='ocrx_word' id='word_1_42' title='bbox 226 946 374 1018; x_wconf 85' lang='lat' dir='ltr'>darentur,</span> <span class='ocrx_word' id='word_1_43' title='bbox 384 947 436 1023; x_wconf 86' lang='lat' dir='ltr'>qui</span> <span class='ocrx_word' id='word_1_44' title='bbox 454 946 558 1004; x_wconf 92' lang='lat' dir='ltr'>modus</span> <span class='ocrx_word' id='word_1_45' title='bbox 577 965 717 1003; x_wconf 73' lang='lat' dir='ltr'>mensure</span> <span class='ocrx_word' id='word_1_46' title='bbox 736 945 898 1009; x_wconf 80' lang='lat' dir='ltr'>medimnus</span> <span class='ocrx_word' id='word_1_47' title='bbox 913 946 1035 1005; x_wconf 81' lang='lat' dir='ltr'>Athenis</span> <span class='ocrx_word' id='word_1_48' title='bbox 1052 949 1242 1025; x_wconf 71' lang='lat' dir='ltr'>appelletur».</span> 
     </span>
     <span class='ocr_line' id='line_1_7' title="bbox 225 1041 1243 1115; baseline 0.003 -15"><span class='ocrx_word' id='word_1_49' title='bbox 225 1044 316 1115; x_wconf 87' lang='lat' dir='ltr'>Quini</span> <span class='ocrx_word' id='word_1_50' title='bbox 326 1043 416 1101; x_wconf 91' lang='lat' dir='ltr'>modii</span> <span class='ocrx_word' id='word_1_51' title='bbox 433 1043 533 1112; x_wconf 81' lang='lat' dir='ltr'>siculi,</span> <span class='ocrx_word' id='word_1_52' title='bbox 548 1042 723 1103; x_wconf 86' lang='lat' dir='ltr'>medimnum</span> <span class='ocrx_word' id='word_1_53' title='bbox 737 1041 874 1114; x_wconf 77' lang='lat' dir='ltr'>siculum3</span> <span class='ocrx_word' id='word_1_54' title='bbox 897 1043 1009 1101; x_wconf 89' lang='lat' dir='ltr'>romani</span> <span class='ocrx_word' id='word_1_55' title='bbox 1028 1044 1105 1113; x_wconf 87' lang='lat' dir='ltr'>seni,</span> <span class='ocrx_word' id='word_1_56' title='bbox 1123 1045 1243 1103; x_wconf 90' lang='lat' dir='ltr'>medim-</span> 
     </span>
     <span class='ocr_line' id='line_1_8' title="bbox 224 1137 1240 1210; baseline -0.001 -12"><span class='ocrx_word' id='word_1_57' title='bbox 224 1159 296 1207; x_wconf 85' lang='lat' dir='ltr'>num</span> <span class='ocrx_word' id='word_1_58' title='bbox 305 1158 458 1198; x_wconf 88' lang='lat' dir='ltr'>romanum</span> <span class='ocrx_word' id='word_1_59' title='bbox 469 1137 676 1210; x_wconf 83' lang='lat' dir='ltr'>conficiebant,</span> <span class='ocrx_word' id='word_1_60' title='bbox 691 1150 762 1206; x_wconf 81' lang='lat' dir='ltr'>teste</span> <span class='ocrx_word' id='word_1_61' title='bbox 779 1139 908 1199; x_wconf 85' lang='lat' dir='ltr'>Periaou.</span> <span class='ocrx_word' id='word_1_62' title='bbox 922 1137 959 1196; x_wconf 88' lang='lat' dir='ltr'>ad</span> <span class='ocrx_word' id='word_1_63' title='bbox 972 1139 1074 1197; x_wconf 82' lang='lat' dir='ltr'>AElian.</span> <span class='ocrx_word' id='word_1_64' title='bbox 1085 1142 1154 1203; x_wconf 85' lang='lat' dir='ltr'>Ver.</span> <span class='ocrx_word' id='word_1_65' title='bbox 1167 1142 1240 1200; x_wconf 85' lang='lat' dir='ltr'>Hist.</span> 
     </span>
     <span class='ocr_line' id='line_1_9' title="bbox 224 1234 1243 1315; baseline -0.001 -20"><span class='ocrx_word' id='word_1_66' title='bbox 224 1240 281 1304; x_wconf 80' lang='lat' dir='ltr'>Vl,</span> <span class='ocrx_word' id='word_1_67' title='bbox 297 1256 347 1308; x_wconf 79' lang='lat' dir='ltr'>aa,</span> <span class='ocrx_word' id='word_1_68' title='bbox 370 1237 399 1293; x_wconf 89' lang='lat' dir='ltr'>in</span> <span class='ocrx_word' id='word_1_69' title='bbox 414 1254 474 1313; x_wconf 87' lang='lat' dir='ltr'>quo</span> <span class='ocrx_word' id='word_1_70' title='bbox 489 1236 631 1303; x_wconf 71' lang='lat' dir='ltr'>consentit</span> <span class='ocrx_word' id='word_1_71' title='bbox 642 1254 709 1297; x_wconf 86' lang='lat' dir='ltr'>cum</span> <span class='ocrx_word' id='word_1_72' title='bbox 719 1236 802 1295; x_wconf 83' lang='lat' dir='ltr'>Viuo.</span> <span class='ocrx_word' id='word_1_73' title='bbox 816 1234 979 1298; x_wconf 70' lang='lat' dir='ltr'>Contende</span> <span class='ocrx_word' id='word_1_74' title='bbox 1000 1236 1134 1294; x_wconf 84' lang='lat' dir='ltr'>imment.</span> <span class='ocrx_word' id='word_1_75' title='bbox 1150 1237 1243 1315; x_wconf 81' lang='lat' dir='ltr'>largit.</span> 
     </span>
     <span class='ocr_line' id='line_1_10' title="bbox 224 1331 1245 1410; baseline -0.003 -18"><span class='ocrx_word' id='word_1_76' title='bbox 224 1353 287 1410; x_wconf 84' lang='lat' dir='ltr'>cap.</span> <span class='ocrx_word' id='word_1_77' title='bbox 305 1353 350 1390; x_wconf 79' lang='lat' dir='ltr'>to.</span> <span class='ocrx_word' id='word_1_78' title='bbox 363 1337 466 1410; x_wconf 88' lang='lat' dir='ltr'>Itaque</span> <span class='ocrx_word' id='word_1_79' title='bbox 484 1331 598 1401; x_wconf 85' lang='lat' dir='ltr'>modius</span> <span class='ocrx_word' id='word_1_80' title='bbox 611 1331 719 1393; x_wconf 84' lang='lat' dir='ltr'>siculus</span> <span class='ocrx_word' id='word_1_81' title='bbox 733 1344 814 1390; x_wconf 81' lang='lat' dir='ltr'>sexte</span> <span class='ocrx_word' id='word_1_82' title='bbox 824 1332 869 1389; x_wconf 88' lang='lat' dir='ltr'>sui</span> <span class='ocrx_word' id='word_1_83' title='bbox 881 1344 964 1410; x_wconf 89' lang='lat' dir='ltr'>parte</span> <span class='ocrx_word' id='word_1_84' title='bbox 977 1333 1110 1410; x_wconf 76' lang='lat' dir='ltr'><strong>capacior</strong></span> <span class='ocrx_word' id='word_1_85' title='bbox 1122 1346 1185 1390; x_wconf 88' lang='lat' dir='ltr'>erat</span> <span class='ocrx_word' id='word_1_86' title='bbox 1195 1354 1245 1394; x_wconf 90' lang='lat' dir='ltr'>ro-</span> 
     </span>
     <span class='ocr_line' id='line_1_11' title="bbox 224 1427 1242 1508; baseline 0.003 -22"><span class='ocrx_word' id='word_1_87' title='bbox 224 1448 319 1499; x_wconf 85' lang='lat' dir='ltr'>mano.</span> <span class='ocrx_word' id='word_1_88' title='bbox 333 1433 419 1487; x_wconf 85' lang='lat' dir='ltr'>Hunc</span> <span class='ocrx_word' id='word_1_89' title='bbox 429 1428 557 1500; x_wconf 87' lang='lat' dir='ltr'>Tullius,</span> <span class='ocrx_word' id='word_1_90' title='bbox 571 1448 630 1485; x_wconf 89' lang='lat' dir='ltr'>non</span> <span class='ocrx_word' id='word_1_91' title='bbox 641 1428 725 1491; x_wconf 89' lang='lat' dir='ltr'>illum</span> <span class='ocrx_word' id='word_1_92' title='bbox 736 1428 869 1505; x_wconf 88' lang='lat' dir='ltr'>iutelligit</span> <span class='ocrx_word' id='word_1_93' title='bbox 883 1427 932 1486; x_wconf 90' lang='lat' dir='ltr'>lib.</span> <span class='ocrx_word' id='word_1_94' title='bbox 945 1433 989 1489; x_wconf 93' lang='lat' dir='ltr'>lll</span> <span class='ocrx_word' id='word_1_95' title='bbox 1004 1430 1196 1508; x_wconf 77' lang='lat' dir='ltr'>invest-cap.</span> <span class='ocrx_word' id='word_1_96' title='bbox 1206 1439 1242 1499; x_wconf 72' lang='grc'>44</span> 
     </span>
     <span class='ocr_line' id='line_1_12' title="bbox 226 1524 1053 1603; baseline 0 -20"><span class='ocrx_word' id='word_1_97' title='bbox 226 1545 269 1603; x_wconf 82' lang='lat' dir='ltr'>sq.</span> <span class='ocrx_word' id='word_1_98' title='bbox 285 1540 314 1589; x_wconf 90' lang='lat' dir='ltr'>et</span> <span class='ocrx_word' id='word_1_99' title='bbox 328 1526 442 1602; x_wconf 89' lang='lat' dir='ltr'>quoties</span> <span class='ocrx_word' id='word_1_100' title='bbox 454 1544 505 1582; x_wconf 83' lang='lat' dir='ltr'>sex</span> <span class='ocrx_word' id='word_1_101' title='bbox 520 1524 561 1581; x_wconf 87' lang='lat' dir='ltr'>ait</span> <span class='ocrx_word' id='word_1_102' title='bbox 575 1524 689 1590; x_wconf 87' lang='lat' dir='ltr'>modios</span> <span class='ocrx_word' id='word_1_103' title='bbox 701 1524 731 1581; x_wconf 90' lang='lat' dir='ltr'>iu</span> <span class='ocrx_word' id='word_1_104' title='bbox 744 1524 888 1582; x_wconf 89' lang='lat' dir='ltr'>medimno</span> <span class='ocrx_word' id='word_1_105' title='bbox 904 1526 1053 1584; x_wconf 80' lang='lat' dir='ltr'>contineri.</span> 
     </span>
    </p>

    <p class='ocr_par' dir='ltr' id='par_1_4' title="bbox 227 1619 1252 3901">
     <span class='ocr_line' id='line_1_13' title="bbox 267 1619 1244 1702; baseline 0.003 -24"><span class='ocrx_word' id='word_1_106' title='bbox 267 1621 397 1692; x_wconf 73' lang='lat' dir='ltr'>modim,</span> <span class='ocrx_word' id='word_1_107' title='bbox 409 1619 596 1685; x_wconf 85' lang='lat' dir='ltr'>seumodium</span> <span class='ocrx_word' id='word_1_108' title='bbox 607 1620 756 1687; x_wconf 89' lang='lat' dir='ltr'>inneutrn,</span> <span class='ocrx_word' id='word_1_109' title='bbox 766 1640 831 1679; x_wconf 86' lang='lat' dir='ltr'>nem</span> <span class='ocrx_word' id='word_1_110' title='bbox 841 1633 995 1699; x_wconf 87' lang='lat' dir='ltr'>utrumque</span> <span class='ocrx_word' id='word_1_111' title='bbox 1003 1622 1089 1683; x_wconf 85' lang='lat' dir='ltr'>etiam</span> <span class='ocrx_word' id='word_1_112' title='bbox 1101 1624 1244 1702; x_wconf 84' lang='lat' dir='ltr'>reperitur</span> 
     </span>
     <span class='ocr_line' id='line_1_14' title="bbox 229 1714 1244 1792; baseline 0.002 -18"><span class='ocrx_word' id='word_1_113' title='bbox 229 1716 305 1792; x_wconf 81' lang='lat' dir='ltr'>apud</span> <span class='ocrx_word' id='word_1_114' title='bbox 319 1718 488 1781; x_wconf 80' lang='lat' dir='ltr'>Ciceronem</span> <span class='ocrx_word' id='word_1_115' title='bbox 499 1728 527 1772; x_wconf 91' lang='lat' dir='ltr'>et</span> <span class='ocrx_word' id='word_1_116' title='bbox 540 1714 628 1783; x_wconf 82' lang='lat' dir='ltr'>alios,</span> <span class='ocrx_word' id='word_1_117' title='bbox 642 1734 760 1772; x_wconf 85' lang='lat' dir='ltr'>romana</span> <span class='ocrx_word' id='word_1_118' title='bbox 779 1729 841 1773; x_wconf 89' lang='lat' dir='ltr'>erat</span> <span class='ocrx_word' id='word_1_119' title='bbox 857 1736 991 1776; x_wconf 86' lang='lat' dir='ltr'>mensura</span> <span class='ocrx_word' id='word_1_120' title='bbox 1007 1731 1068 1781; x_wconf 93' lang='lat' dir='ltr'>tum</span> <span class='ocrx_word' id='word_1_121' title='bbox 1082 1719 1244 1789; x_wconf 77' lang='lat' dir='ltr'>aridorum,</span> 
     </span>
     <span class='ocr_line' id='line_1_15' title="bbox 230 1811 1245 1890; baseline 0.002 -19"><span class='ocrx_word' id='word_1_122' title='bbox 230 1827 290 1879; x_wconf 87' lang='lat' dir='ltr'>tum</span> <span class='ocrx_word' id='word_1_123' title='bbox 310 1812 503 1890; x_wconf 87' lang='lat' dir='ltr'>liquidorum,</span> <span class='ocrx_word' id='word_1_124' title='bbox 525 1823 638 1890; x_wconf 81' lang='lat' dir='ltr'>partem</span> <span class='ocrx_word' id='word_1_125' title='bbox 657 1811 804 1889; x_wconf 83' lang='lat' dir='ltr'>amphorae</span> <span class='ocrx_word' id='word_1_126' title='bbox 824 1814 936 1873; x_wconf 82' lang='lat' dir='ltr'>tertiam</span> <span class='ocrx_word' id='word_1_127' title='bbox 954 1815 1112 1875; x_wconf 83' lang='lat' dir='ltr'>continens.</span> <span class='ocrx_word' id='word_1_128' title='bbox 1135 1820 1169 1874; x_wconf 91' lang='lat' dir='ltr'>Iu</span> <span class='ocrx_word' id='word_1_129' title='bbox 1188 1816 1245 1873; x_wconf 90' lang='lat' dir='ltr'>hoe</span> 
     </span>
     <span class='ocr_line' id='line_1_16' title="bbox 229 1908 1245 1988; baseline 0.004 -23"><span class='ocrx_word' id='word_1_130' title='bbox 229 1909 314 1977; x_wconf 76' lang='lat' dir='ltr'>etism</span> <span class='ocrx_word' id='word_1_131' title='bbox 331 1908 423 1967; x_wconf 87' lang='lat' dir='ltr'>verbo</span> <span class='ocrx_word' id='word_1_132' title='bbox 443 1912 515 1968; x_wconf 88' lang='lat' dir='ltr'>mire</span> <span class='ocrx_word' id='word_1_133' title='bbox 534 1923 684 1985; x_wconf 87' lang='lat' dir='ltr'>argutatur</span> <span class='ocrx_word' id='word_1_134' title='bbox 702 1909 843 1981; x_wconf 83' lang='lat' dir='ltr'>Isidorus,</span> <span class='ocrx_word' id='word_1_135' title='bbox 861 1911 942 1988; x_wconf 79' lang='lat' dir='ltr'>Orig.</span> <span class='ocrx_word' id='word_1_136' title='bbox 957 1914 1037 1984; x_wconf 84' lang='lat' dir='ltr'>xlv,</span> <span class='ocrx_word' id='word_1_137' title='bbox 1055 1912 1101 1969; x_wconf 78' lang='lat'>25.</span> <span class='ocrx_word' id='word_1_138' title='bbox 1122 1911 1245 1970; x_wconf 86' lang='lat' dir='ltr'>Modum</span> 
     </span>
     <span class='ocr_line' id='line_1_17' title="bbox 228 2005 1244 2083; baseline 0.005 -21"><span class='ocrx_word' id='word_1_139' title='bbox 228 2005 316 2063; x_wconf 89' lang='lat' dir='ltr'>modii</span> <span class='ocrx_word' id='word_1_140' title='bbox 334 2026 393 2063; x_wconf 89' lang='lat' dir='ltr'>non</span> <span class='ocrx_word' id='word_1_141' title='bbox 407 2026 496 2064; x_wconf 91' lang='lat' dir='ltr'>unum</span> <span class='ocrx_word' id='word_1_142' title='bbox 506 2005 614 2083; x_wconf 89' lang='lat' dir='ltr'>ubique</span> <span class='ocrx_word' id='word_1_143' title='bbox 628 2007 714 2064; x_wconf 86' lang='lat' dir='ltr'>luisse</span> <span class='ocrx_word' id='word_1_144' title='bbox 728 2006 817 2063; x_wconf 91' lang='lat' dir='ltr'>modo</span> <span class='ocrx_word' id='word_1_145' title='bbox 831 2006 1099 2075; x_wconf 78' lang='lat' dir='ltr'>demonstravimus.</span> <span class='ocrx_word' id='word_1_146' title='bbox 1112 2008 1244 2067; x_wconf 83' lang='lat' dir='ltr'>Medium</span> 
     </span>
     <span class='ocr_line' id='line_1_18' title="bbox 227 2103 1246 2182; baseline 0.002 -21"><span class='ocrx_word' id='word_1_147' title='bbox 227 2122 378 2161; x_wconf 86' lang='lat' dir='ltr'>romanum</span> <span class='ocrx_word' id='word_1_148' title='bbox 390 2123 450 2163; x_wconf 89' lang='lat' dir='ltr'>non</span> <span class='ocrx_word' id='word_1_149' title='bbox 464 2104 609 2182; x_wconf 81' lang='lat' dir='ltr'>disparem</span> <span class='ocrx_word' id='word_1_150' title='bbox 620 2104 690 2162; x_wconf 81' lang='lat' dir='ltr'>lecit</span> <span class='ocrx_word' id='word_1_151' title='bbox 701 2103 834 2174; x_wconf 73' lang='lat' dir='ltr'>Budaeus,</span> <span class='ocrx_word' id='word_1_152' title='bbox 844 2105 872 2161; x_wconf 92' lang='lat' dir='ltr'>ei</span> <span class='ocrx_word' id='word_1_153' title='bbox 882 2124 1023 2162; x_wconf 73' lang='lat' dir='ltr'>mensurae</span> <span class='ocrx_word' id='word_1_154' title='bbox 1033 2125 1120 2182; x_wconf 84' lang='lat' dir='ltr'>quem</span> <span class='ocrx_word' id='word_1_155' title='bbox 1130 2118 1246 2165; x_wconf 87' lang='lat' dir='ltr'>nostrs-</span> 
     </span>
     <span class='ocr_line' id='line_1_19' title="bbox 228 2199 1245 2275; baseline 0.002 -16"><span class='ocrx_word' id='word_1_156' title='bbox 228 2212 284 2271; x_wconf 83' lang='lat' dir='ltr'>tes,</span> <span class='ocrx_word' id='word_1_157' title='bbox 302 2199 411 2275; x_wconf 86' lang='lat' dir='ltr'>inquit,</span> <span class='ocrx_word' id='word_1_158' title='bbox 421 2200 440 2256; x_wconf 91' lang='lat' dir='ltr'>i.</span> <span class='ocrx_word' id='word_1_159' title='bbox 452 2221 477 2258; x_wconf 92' lang='lat' dir='ltr'>e.</span> <span class='ocrx_word' id='word_1_160' title='bbox 491 2200 676 2271; x_wconf 85' lang='lat' dir='ltr'>Parisienses‚</span> <span class='ocrx_word' id='word_1_161' title='bbox 690 2212 812 2270; x_wconf 88' lang='lat' dir='ltr'>vocant,</span> <span class='ocrx_word' id='word_1_162' title='bbox 829 2220 868 2256; x_wconf 84' lang='lat' dir='ltr'>un</span> <span class='ocrx_word' id='word_1_163' title='bbox 885 2199 1023 2257; x_wconf 79' lang='lat' dir='ltr'>boisseau.</span> <span class='ocrx_word' id='word_1_164' title='bbox 1044 2200 1101 2259; x_wconf 84' lang='lat' dir='ltr'>Sed</span> <span class='ocrx_word' id='word_1_165' title='bbox 1113 2201 1245 2274; x_wconf 85' lang='lat' dir='ltr'>buicdo·</span> 
     </span>
     <span class='ocr_line' id='line_1_20' title="bbox 228 2295 1246 2373; baseline 0.002 -20"><span class='ocrx_word' id='word_1_166' title='bbox 228 2295 346 2359; x_wconf 82' lang='lat' dir='ltr'>ctissimi</span> <span class='ocrx_word' id='word_1_167' title='bbox 363 2296 419 2353; x_wconf 82' lang='lat' dir='ltr'>viri</span> <span class='ocrx_word' id='word_1_168' title='bbox 436 2298 581 2354; x_wconf 72' lang='lat' dir='ltr'>sententie</span> <span class='ocrx_word' id='word_1_169' title='bbox 595 2308 738 2373; x_wconf 80' lang='lat' dir='ltr'>repugnat</span> <span class='ocrx_word' id='word_1_170' title='bbox 752 2296 815 2372; x_wconf 87' lang='lat' dir='ltr'>ipsa</span> <span class='ocrx_word' id='word_1_171' title='bbox 836 2295 950 2355; x_wconf 83' lang='lat' dir='ltr'>veritas.</span> <span class='ocrx_word' id='word_1_172' title='bbox 973 2300 1046 2355; x_wconf 85' lang='lat' dir='ltr'>Nam</span> <span class='ocrx_word' id='word_1_173' title='bbox 1066 2296 1178 2357; x_wconf 90' lang='lat' dir='ltr'>modius</span> <span class='ocrx_word' id='word_1_174' title='bbox 1197 2318 1246 2355; x_wconf 92' lang='lat' dir='ltr'>ro-</span> 
     </span>
     <span class='ocr_line' id='line_1_21' title="bbox 229 2392 1247 2470; baseline -0.001 -17"><span class='ocrx_word' id='word_1_175' title='bbox 229 2412 340 2465; x_wconf 78' lang='lat' dir='ltr'>manus,</span> <span class='ocrx_word' id='word_1_176' title='bbox 352 2405 426 2453; x_wconf 86' lang='lat' dir='ltr'>teste</span> <span class='ocrx_word' id='word_1_177' title='bbox 435 2394 540 2463; x_wconf 85' lang='lat' dir='ltr'>Plinio,</span> <span class='ocrx_word' id='word_1_178' title='bbox 549 2413 625 2449; x_wconf 86' lang='lat' dir='ltr'>nune</span> <span class='ocrx_word' id='word_1_179' title='bbox 636 2393 763 2459; x_wconf 82' lang='lat' dir='ltr'>vicenas,</span> <span class='ocrx_word' id='word_1_180' title='bbox 776 2411 854 2449; x_wconf 90' lang='lat' dir='ltr'>nune</span> <span class='ocrx_word' id='word_1_181' title='bbox 866 2392 980 2450; x_wconf 83' lang='lat' dir='ltr'>vicenas</span> <span class='ocrx_word' id='word_1_182' title='bbox 993 2392 1104 2470; x_wconf 70' lang='lat' dir='ltr'>quinas,</span> <span class='ocrx_word' id='word_1_183' title='bbox 1114 2406 1144 2451; x_wconf 90' lang='lat' dir='ltr'>et</span> <span class='ocrx_word' id='word_1_184' title='bbox 1155 2414 1247 2466; x_wconf 84' lang='lat' dir='ltr'>senas,</span> 
     </span>
     <span class='ocr_line' id='line_1_22' title="bbox 230 2487 1248 2568; baseline 0.002 -21"><span class='ocrx_word' id='word_1_185' title='bbox 230 2487 318 2551; x_wconf 84' lang='lat' dir='ltr'>libras</span> <span class='ocrx_word' id='word_1_186' title='bbox 333 2489 449 2566; x_wconf 91' lang='lat' dir='ltr'>pendit,</span> <span class='ocrx_word' id='word_1_187' title='bbox 466 2509 520 2568; x_wconf 89' lang='lat' dir='ltr'>pro</span> <span class='ocrx_word' id='word_1_188' title='bbox 534 2490 621 2548; x_wconf 86' lang='lat' dir='ltr'>tritici</span> <span class='ocrx_word' id='word_1_189' title='bbox 634 2503 754 2548; x_wconf 84' lang='lat' dir='ltr'>natura:</span> <span class='ocrx_word' id='word_1_190' title='bbox 771 2491 811 2547; x_wconf 84' lang='lat' dir='ltr'>its</span> <span class='ocrx_word' id='word_1_191' title='bbox 825 2502 857 2546; x_wconf 94' lang='lat' dir='ltr'>ut</span> <span class='ocrx_word' id='word_1_192' title='bbox 870 2501 947 2547; x_wconf 90' lang='lat' dir='ltr'>recte</span> <span class='ocrx_word' id='word_1_193' title='bbox 960 2502 1084 2556; x_wconf 84' lang='lat' dir='ltr'>statuere</span> <span class='ocrx_word' id='word_1_194' title='bbox 1098 2490 1248 2549; x_wconf 86' lang='lat' dir='ltr'>videamur</span> 
     </span>
     <span class='ocr_line' id='line_1_23' title="bbox 231 2582 1247 2656; baseline 0 -12"><span class='ocrx_word' id='word_1_195' title='bbox 231 2598 326 2644; x_wconf 87' lang='lat' dir='ltr'>ternas</span> <span class='ocrx_word' id='word_1_196' title='bbox 341 2596 371 2642; x_wconf 91' lang='lat' dir='ltr'>et</span> <span class='ocrx_word' id='word_1_197' title='bbox 384 2586 498 2645; x_wconf 86' lang='lat' dir='ltr'>vicenas</span> <span class='ocrx_word' id='word_1_198' title='bbox 511 2582 599 2644; x_wconf 85' lang='lat' dir='ltr'>libras</span> <span class='ocrx_word' id='word_1_199' title='bbox 610 2586 640 2643; x_wconf 90' lang='lat' dir='ltr'>in</span> <span class='ocrx_word' id='word_1_200' title='bbox 651 2584 780 2643; x_wconf 89' lang='lat' dir='ltr'>modium</span> <span class='ocrx_word' id='word_1_201' title='bbox 793 2584 1043 2651; x_wconf 61' lang='lat' dir='ltr'>fanneadlibrae</span> <span class='ocrx_word' id='word_1_202' title='bbox 1056 2587 1112 2656; x_wconf 78' lang='lat' dir='ltr'>illae</span> <span class='ocrx_word' id='word_1_203' title='bbox 1123 2606 1247 2645; x_wconf 80' lang='lat' dir='ltr'>ronssnae</span> 
     </span>
     <span class='ocr_line' id='line_1_24' title="bbox 229 2684 1250 2762; baseline 0.002 -22"><span class='ocrx_word' id='word_1_204' title='bbox 229 2697 313 2753; x_wconf 84' lang='lat' dir='ltr'>snut,</span> <span class='ocrx_word' id='word_1_205' title='bbox 326 2684 476 2743; x_wconf 88' lang='lat' dir='ltr'>unciarum</span> <span class='ocrx_word' id='word_1_206' title='bbox 489 2684 661 2757; x_wconf 82' lang='lat' dir='ltr'>duodecim3</span> <span class='ocrx_word' id='word_1_207' title='bbox 678 2705 799 2762; x_wconf 88' lang='lat' dir='ltr'>quarum</span> <span class='ocrx_word' id='word_1_208' title='bbox 813 2685 1022 2762; x_wconf 58' lang='lat' dir='ltr'>singulaevnoua</span> <span class='ocrx_word' id='word_1_209' title='bbox 1033 2686 1077 2747; x_wconf 85' lang='lat' dir='ltr'>sui</span> <span class='ocrx_word' id='word_1_210' title='bbox 1088 2698 1169 2762; x_wconf 89' lang='lat' dir='ltr'>parte</span> <span class='ocrx_word' id='word_1_211' title='bbox 1182 2700 1250 2744; x_wconf 91' lang='lat' dir='ltr'>sunt</span> 
     </span>
     <span class='ocr_line' id='line_1_25' title="bbox 230 2779 1248 2858; baseline 0.002 -21"><span class='ocrx_word' id='word_1_212' title='bbox 230 2781 321 2838; x_wconf 89' lang='lat' dir='ltr'>unciis</span> <span class='ocrx_word' id='word_1_213' title='bbox 333 2782 508 2845; x_wconf 80' lang='lat' dir='ltr'>nostratibus</span> <span class='ocrx_word' id='word_1_214' title='bbox 519 2783 641 2840; x_wconf 86' lang='lat' dir='ltr'>leviores</span> <span class='ocrx_word' id='word_1_215' title='bbox 654 2803 661 2837; x_wconf 74' lang='grc' dir='ltr'><strong><em>ε</em></strong></span> <span class='ocrx_word' id='word_1_216' title='bbox 678 2794 764 2858; x_wconf 87' lang='lat' dir='ltr'>atque</span> <span class='ocrx_word' id='word_1_217' title='bbox 775 2781 832 2840; x_wconf 89' lang='lat' dir='ltr'>illae</span> <span class='ocrx_word' id='word_1_218' title='bbox 843 2779 998 2838; x_wconf 76' lang='lat' dir='ltr'>duodecim</span> <span class='ocrx_word' id='word_1_219' title='bbox 1012 2781 1248 2858; x_wconf 83' lang='lat' dir='ltr'>respondentem</span> 
     </span>
     <span class='ocr_line' id='line_1_26' title="bbox 230 2877 1247 2956; baseline -0.002 -17"><span class='ocrx_word' id='word_1_220' title='bbox 230 2890 261 2939; x_wconf 79' lang='lat' dir='ltr'>et</span> <span class='ocrx_word' id='word_1_221' title='bbox 279 2878 379 2956; x_wconf 82' lang='lat' dir='ltr'>viginti</span> <span class='ocrx_word' id='word_1_222' title='bbox 393 2880 546 2938; x_wconf 81' lang='lat' dir='ltr'>semunciis</span> <span class='ocrx_word' id='word_1_223' title='bbox 562 2877 750 2938; x_wconf 81' lang='lat' dir='ltr'>nostratibus.</span> <span class='ocrx_word' id='word_1_224' title='bbox 767 2884 869 2956; x_wconf 88' lang='lat' dir='ltr'>ltaque</span> <span class='ocrx_word' id='word_1_225' title='bbox 884 2888 976 2937; x_wconf 85' lang='lat' dir='ltr'>terme</span> <span class='ocrx_word' id='word_1_226' title='bbox 992 2889 1022 2934; x_wconf 88' lang='lat' dir='ltr'>et</span> <span class='ocrx_word' id='word_1_227' title='bbox 1040 2878 1148 2939; x_wconf 80' lang='lat' dir='ltr'>vicenae</span> <span class='ocrx_word' id='word_1_228' title='bbox 1166 2879 1247 2937; x_wconf 76' lang='lat' dir='ltr'>libras</span> 
     </span>
     <span class='ocr_line' id='line_1_27' title="bbox 234 2973 1249 3053; baseline 0 -20"><span class='ocrx_word' id='word_1_229' title='bbox 234 2993 370 3047; x_wconf 77' lang='lat' dir='ltr'>romanas,</span> <span class='ocrx_word' id='word_1_230' title='bbox 385 2996 457 3053; x_wconf 87' lang='lat' dir='ltr'>quas</span> <span class='ocrx_word' id='word_1_231' title='bbox 470 2976 569 3035; x_wconf 88' lang='lat' dir='ltr'>modio</span> <span class='ocrx_word' id='word_1_232' title='bbox 587 2995 707 3034; x_wconf 85' lang='lat' dir='ltr'>mmano</span> <span class='ocrx_word' id='word_1_233' title='bbox 722 2973 940 3051; x_wconf 75' lang='lat' dir='ltr'>assignavimus,</span> <span class='ocrx_word' id='word_1_234' title='bbox 962 2974 1120 3036; x_wconf 83' lang='lat' dir='ltr'>conficiunt</span> <span class='ocrx_word' id='word_1_235' title='bbox 1131 2994 1249 3033; x_wconf 86' lang='lat' dir='ltr'>semun-</span> 
     </span>
     <span class='ocr_line' id='line_1_28' title="bbox 233 3069 1249 3150; baseline 0.004 -24"><span class='ocrx_word' id='word_1_236' title='bbox 233 3070 512 3144; x_wconf 61' lang='lat' dir='ltr'>eiasnostratestdi,</span> <span class='ocrx_word' id='word_1_237' title='bbox 524 3094 575 3132; x_wconf 87' lang='lat' dir='ltr'>seu</span> <span class='ocrx_word' id='word_1_238' title='bbox 585 3072 674 3131; x_wconf 88' lang='lat' dir='ltr'>libras</span> <span class='ocrx_word' id='word_1_239' title='bbox 681 3071 852 3150; x_wconf 87' lang='lat' dir='ltr'>parisienses</span> <span class='ocrx_word' id='word_1_240' title='bbox 859 3069 1038 3146; x_wconf 85' lang='lat' dir='ltr'>quindecim,</span> <span class='ocrx_word' id='word_1_241' title='bbox 1050 3084 1080 3127; x_wconf 88' lang='lat' dir='ltr'>et</span> <span class='ocrx_word' id='word_1_242' title='bbox 1091 3073 1249 3130; x_wconf 87' lang='lat' dir='ltr'>semuncias</span> 
     </span>
     <span class='ocr_line' id='line_1_29' title="bbox 234 3166 1247 3249; baseline 0.003 -25"><span class='ocrx_word' id='word_1_243' title='bbox 234 3181 302 3228; x_wconf 88' lang='lat' dir='ltr'>tres.</span> <span class='ocrx_word' id='word_1_244' title='bbox 318 3166 433 3227; x_wconf 82' lang='lat' dir='ltr'>Medius</span> <span class='ocrx_word' id='word_1_245' title='bbox 448 3171 612 3246; x_wconf 84' lang='lat' dir='ltr'>parisiensis</span> <span class='ocrx_word' id='word_1_246' title='bbox 625 3169 726 3249; x_wconf 91' lang='lat' dir='ltr'>pendit</span> <span class='ocrx_word' id='word_1_247' title='bbox 739 3169 827 3227; x_wconf 88' lang='lat' dir='ltr'>tritici</span> <span class='ocrx_word' id='word_1_248' title='bbox 843 3166 930 3225; x_wconf 86' lang='lat' dir='ltr'>libras</span> <span class='ocrx_word' id='word_1_249' title='bbox 949 3168 1120 3245; x_wconf 87' lang='lat' dir='ltr'>parisienses</span> <span class='ocrx_word' id='word_1_250' title='bbox 1139 3169 1247 3244; x_wconf 79' lang='lat' dir='ltr'>viginti,</span> 
     </span>
     <span class='ocr_line' id='line_1_30' title="bbox 233 3258 1247 3342; baseline -0.003 -17"><span class='ocrx_word' id='word_1_251' title='bbox 233 3264 325 3341; x_wconf 81' lang='lat' dir='ltr'>Igitur</span> <span class='ocrx_word' id='word_1_252' title='bbox 342 3277 444 3342; x_wconf 85' lang='lat' dir='ltr'>quarta</span> <span class='ocrx_word' id='word_1_253' title='bbox 460 3277 544 3342; x_wconf 88' lang='lat' dir='ltr'>parte</span> <span class='ocrx_word' id='word_1_254' title='bbox 556 3266 615 3323; x_wconf 87' lang='lat' dir='ltr'>lere</span> <span class='ocrx_word' id='word_1_255' title='bbox 629 3258 761 3342; x_wconf 80' lang='lat' dir='ltr'>capacior</span> <span class='ocrx_word' id='word_1_256' title='bbox 773 3278 817 3323; x_wconf 88' lang='lat' dir='ltr'>est</span> <span class='ocrx_word' id='word_1_257' title='bbox 826 3282 948 3322; x_wconf 85' lang='lat' dir='ltr'>romano</span> <span class='ocrx_word' id='word_1_258' title='bbox 962 3263 1060 3321; x_wconf 93' lang='lat' dir='ltr'>modio</span> <span class='ocrx_word' id='word_1_259' title='bbox 1074 3264 1247 3342; x_wconf 86' lang='lat' dir='ltr'>parisiensis.</span> 
     </span>
     <span class='ocr_line' id='line_1_31' title="bbox 233 3358 1252 3436; baseline 0.004 -20"><span class='ocrx_word' id='word_1_260' title='bbox 233 3359 286 3421; x_wconf 87' lang='lat' dir='ltr'>Vir</span> <span class='ocrx_word' id='word_1_261' title='bbox 309 3360 520 3423; x_wconf 82' lang='lat' dir='ltr'>eruditissimus</span> <span class='ocrx_word' id='word_1_262' title='bbox 545 3358 675 3418; x_wconf 90' lang='lat' dir='ltr'>modium</span> <span class='ocrx_word' id='word_1_263' title='bbox 694 3360 834 3432; x_wconf 86' lang='lat' dir='ltr'>siculum,</span> <span class='ocrx_word' id='word_1_264' title='bbox 857 3361 909 3436; x_wconf 90' lang='lat' dir='ltr'>qui</span> <span class='ocrx_word' id='word_1_265' title='bbox 931 3359 1031 3417; x_wconf 94' lang='lat' dir='ltr'>modio</span> <span class='ocrx_word' id='word_1_266' title='bbox 1052 3380 1171 3418; x_wconf 88' lang='lat' dir='ltr'>romono</span> <span class='ocrx_word' id='word_1_267' title='bbox 1188 3376 1252 3420; x_wconf 91' lang='lat' dir='ltr'>erat</span> 
     </span>
     <span class='ocr_line' id='line_1_32' title="bbox 231 3457 1250 3535; baseline 0.001 -21"><span class='ocrx_word' id='word_1_268' title='bbox 231 3457 377 3533; x_wconf 83' lang='lat' dir='ltr'>capacior,</span> <span class='ocrx_word' id='word_1_269' title='bbox 392 3472 424 3516; x_wconf 90' lang='lat' dir='ltr'>ut</span> <span class='ocrx_word' id='word_1_270' title='bbox 438 3458 582 3527; x_wconf 82' lang='lat' dir='ltr'>diximus,</span> <span class='ocrx_word' id='word_1_271' title='bbox 598 3475 663 3519; x_wconf 88' lang='lat' dir='ltr'>cum</span> <span class='ocrx_word' id='word_1_272' title='bbox 680 3469 810 3523; x_wconf 76' lang='lat' dir='ltr'>nostrate</span> <span class='ocrx_word' id='word_1_273' title='bbox 825 3464 1018 3534; x_wconf 76' lang='lat' dir='ltr'>comparasset</span> <span class='ocrx_word' id='word_1_274' title='bbox 1037 3457 1141 3535; x_wconf 84' lang='lat' dir='ltr'>aptius.</span> <span class='ocrx_word' id='word_1_275' title='bbox 1154 3463 1250 3531; x_wconf 90' lang='lat' dir='ltr'>Quum</span> 
     </span>
     <span class='ocr_line' id='line_1_33' title="bbox 233 3540 1252 3630; baseline 0.004 -22"><span class='ocrx_word' id='word_1_276' title='bbox 233 3553 309 3617; x_wconf 82' lang='lat' dir='ltr'>anim</span> <span class='ocrx_word' id='word_1_277' title='bbox 324 3553 405 3630; x_wconf 85' lang='lat' dir='ltr'>quini</span> <span class='ocrx_word' id='word_1_278' title='bbox 422 3552 515 3614; x_wconf 87' lang='lat' dir='ltr'>modii</span> <span class='ocrx_word' id='word_1_279' title='bbox 526 3553 608 3612; x_wconf 86' lang='lat' dir='ltr'>siculi</span> <span class='ocrx_word' id='word_1_280' title='bbox 626 3570 709 3616; x_wconf 76' lang='lat' dir='ltr'>smus</span> <span class='ocrx_word' id='word_1_281' title='bbox 726 3572 859 3610; x_wconf 83' lang='lat' dir='ltr'>romanos</span> <span class='ocrx_word' id='word_1_282' title='bbox 874 3540 1042 3624; x_wconf 82' lang='lat' dir='ltr'>redderent,</span> <span class='ocrx_word' id='word_1_283' title='bbox 1066 3553 1181 3613; x_wconf 87' lang='lat' dir='ltr'>modius</span> <span class='ocrx_word' id='word_1_284' title='bbox 1204 3555 1252 3612; x_wconf 89' lang='lat' dir='ltr'>ille</span> 
     </span>
     <span class='ocr_line' id='line_1_34' title="bbox 234 3647 1252 3727; baseline 0.002 -22"><span class='ocrx_word' id='word_1_285' title='bbox 234 3647 360 3725; x_wconf 84' lang='lat' dir='ltr'>pendere</span> <span class='ocrx_word' id='word_1_286' title='bbox 382 3648 507 3709; x_wconf 86' lang='lat' dir='ltr'>debebat</span> <span class='ocrx_word' id='word_1_287' title='bbox 528 3647 621 3712; x_wconf 85' lang='lat' dir='ltr'>libras</span> <span class='ocrx_word' id='word_1_288' title='bbox 638 3660 779 3707; x_wconf 84' lang='lat' dir='ltr'>nostrates</span> <span class='ocrx_word' id='word_1_289' title='bbox 797 3647 885 3708; x_wconf 89' lang='lat' dir='ltr'>denas</span> <span class='ocrx_word' id='word_1_290' title='bbox 900 3661 929 3707; x_wconf 92' lang='lat' dir='ltr'>et</span> <span class='ocrx_word' id='word_1_291' title='bbox 950 3660 1086 3721; x_wconf 88' lang='lat' dir='ltr'>octonas,</span> <span class='ocrx_word' id='word_1_292' title='bbox 1113 3663 1252 3727; x_wconf 82' lang='lat' dir='ltr'>praeterea</span> 
     </span>
     <span class='ocr_line' id='line_1_35' title="bbox 235 3745 1252 3823; baseline 0.002 -21"><span class='ocrx_word' id='word_1_293' title='bbox 235 3746 333 3803; x_wconf 79' lang='lat' dir='ltr'>tracias</span> <span class='ocrx_word' id='word_1_294' title='bbox 356 3747 415 3804; x_wconf 87' lang='lat' dir='ltr'>lere</span> <span class='ocrx_word' id='word_1_295' title='bbox 436 3760 510 3816; x_wconf 89' lang='lat' dir='ltr'>tres;</span> <span class='ocrx_word' id='word_1_296' title='bbox 533 3759 621 3823; x_wconf 88' lang='lat' dir='ltr'>atque</span> <span class='ocrx_word' id='word_1_297' title='bbox 641 3745 677 3803; x_wconf 87' lang='lat' dir='ltr'>ad</span> <span class='ocrx_word' id='word_1_298' title='bbox 700 3745 862 3822; x_wconf 87' lang='lat' dir='ltr'>parisiensis</span> <span class='ocrx_word' id='word_1_299' title='bbox 881 3745 970 3804; x_wconf 89' lang='lat' dir='ltr'>modii</span> <span class='ocrx_word' id='word_1_300' title='bbox 987 3745 1103 3823; x_wconf 82' lang='lat' dir='ltr'>pondus</span> <span class='ocrx_word' id='word_1_301' title='bbox 1121 3746 1252 3822; x_wconf 83' lang='lat' dir='ltr'>proxime</span> 
     </span>
     <span class='ocr_line' id='line_1_36' title="bbox 235 3841 396 3901; baseline 0.012 -3"><span class='ocrx_word' id='word_1_302' title='bbox 235 3841 396 3901; x_wconf 85' lang='lat' dir='ltr'>accedebat.</span> 
     </span>
    </p>

    <p class='ocr_par' dir='ltr' id='par_1_5' title="bbox 235 3937 1277 4217">
     <span class='ocr_line' id='line_1_37' title="bbox 274 3937 1253 4016; baseline 0.001 -20"><span class='ocrx_word' id='word_1_303' title='bbox 274 3944 393 4010; x_wconf 82' lang='lat' dir='ltr'>Quaeres</span> <span class='ocrx_word' id='word_1_304' title='bbox 406 3952 543 4016; x_wconf 81' lang='lat' dir='ltr'>quantum</span> <span class='ocrx_word' id='word_1_305' title='bbox 555 3938 689 3996; x_wconf 80' lang='lat' dir='ltr'>frumenti</span> <span class='ocrx_word' id='word_1_306' title='bbox 704 3956 741 3994; x_wconf 87' lang='lat' dir='ltr'>ex</span> <span class='ocrx_word' id='word_1_307' title='bbox 752 3937 849 3996; x_wconf 84' lang='lat' dir='ltr'>Sicilia</span> <span class='ocrx_word' id='word_1_308' title='bbox 859 3939 981 3995; x_wconf 82' lang='lat' dir='ltr'>Romam</span> <span class='ocrx_word' id='word_1_309' title='bbox 997 3939 1148 4013; x_wconf 88' lang='lat' dir='ltr'>quotannis</span> <span class='ocrx_word' id='word_1_310' title='bbox 1165 3940 1195 3996; x_wconf 90' lang='lat' dir='ltr'>in</span> <span class='ocrx_word' id='word_1_311' title='bbox 1210 3942 1253 3997; x_wconf 91' lang='lat' dir='ltr'>ci-</span> 
     </span>
     <span class='ocr_line' id='line_1_38' title="bbox 235 4032 1277 4113; baseline 0.003 -23"><span class='ocrx_word' id='word_1_312' title='bbox 235 4034 314 4092; x_wconf 79' lang='lat' dir='ltr'>lrarie</span> <span class='ocrx_word' id='word_1_313' title='bbox 325 4035 427 4113; x_wconf 87' lang='lat' dir='ltr'>populi</span> <span class='ocrx_word' id='word_1_314' title='bbox 438 4036 549 4093; x_wconf 85' lang='lat' dir='ltr'>romani</span> <span class='ocrx_word' id='word_1_315' title='bbox 558 4046 810 4111; x_wconf 84' lang='lat' dir='ltr'>transportaretur.</span> <span class='ocrx_word' id='word_1_316' title='bbox 821 4032 937 4111; x_wconf 79' lang='lat' dir='ltr'>Duplici</span> <span class='ocrx_word' id='word_1_317' title='bbox 951 4034 1067 4091; x_wconf 84' lang='lat' dir='ltr'>uosuiue</span> <span class='ocrx_word' id='word_1_318' title='bbox 1079 4034 1252 4094; x_wconf 79' lang='lat' dir='ltr'>frumentum</span> <span class='ocrx_word' id='word_1_319' title='bbox 1274 4098 1277 4103; x_wconf 20' lang='grc' dir='ltr'><strong>Δ</strong></span> 
     </span>
     <span class='ocr_line' id='line_1_39' title="bbox 238 4129 1253 4217; baseline 0.002 -28"><span class='ocrx_word' id='word_1_320' title='bbox 238 4130 381 4210; x_wconf 85' lang='lat' dir='ltr'>pendebat</span> <span class='ocrx_word' id='word_1_321' title='bbox 403 4132 501 4193; x_wconf 85' lang='lat' dir='ltr'>Sicilia</span> <span class='ocrx_word' id='word_1_322' title='bbox 519 4129 632 4208; x_wconf 84' lang='lat' dir='ltr'>reipub.</span> <span class='ocrx_word' id='word_1_323' title='bbox 646 4136 844 4191; x_wconf 86' lang='lat' dir='ltr'>Decumauum</span> <span class='ocrx_word' id='word_1_324' title='bbox 859 4130 1031 4208; x_wconf 74' lang='lat' dir='ltr'>gratuitum,</span> <span class='ocrx_word' id='word_1_325' title='bbox 1052 4133 1253 4217; x_wconf 77' lang='lat' dir='ltr'>seuveotigs13</span> 
     </span>
    </p>
   </div>
   <div class='ocr_carea' id='block_1_4' title="bbox 0 0 1588 4774">
    <p class='ocr_par' dir='ltr' id='par_1_6' title="bbox 0 0 1588 4774">
     <span class='ocr_line' id='line_1_40' title="bbox 0 0 1588 4774; baseline 0 0"><span class='ocrx_word' id='word_1_326' title='bbox 0 0 1588 4774; x_wconf 95' lang='lat' dir='ltr'> </span> 
     </span>
    </p>
   </div>
  </div>
 </body>
</html>
