3176 4770
377 416 429 488 IN
454 418 671 487 VERREM
696 418 806 485 ACT.
829 420 887 504 ll,
913 421 1009 489 LIB.
1031 422 1102 490 ΙΙΙ.
1208 447 1274 521 ¹⁰9

213 543 357 637 praemia
369 541 545 627 civitates,
555 540 591 608 vi
601 552 712 635 atque
723 540 891 637 imperio,
904 543 1083 637 virgarum
1096 567 1137 614 ac
1148 550 1276 616 mortis
1328 540 1334 551 ’

214 665 334 736 metu,
354 673 429 719 non
448 647 559 718 modo
583 650 746 745 Apronio
770 662 880 745 atque
902 652 980 745 ejus
1000 652 1195 742 similibus,
1214 680 1278 727 ve-

213 786 296 833 rum
325 761 431 831 etiam
459 758 622 829 Veneriis
650 756 784 830 servis³
811 759 897 831 dare
922 766 1097 835 coactasl.
1111 765 1219 852 Quod
1247 768 1278 837 si

215 875 298 968 quis
317 871 496 941 sociorum
519 867 759 940 incommodis
778 872 899 941 miuus
918 887 1102 961 movetur3
1122 876 1276 971 siquem

216 995 398 1053 aratorum
420 978 532 1077 sugae,
550 978 787 1067 calamitates,
806 980 949 1063 exsilia,
972 980 1166 1077 suspendia
1182 981 1279 1055 deui-
1309 988 1316 1009 '

216 1117 289 1189 que
309 1116 385 1162 uon
411 1103 647 1187 permovent:
665 1113 741 1160 non
767 1108 915 1186 possum
934 1088 1116 1179 dubitare,
1140 1094 1230 1188 quin
1250 1098 1279 1163 is

215 1218 355 1287 tamen,
381 1225 496 1298 quum
525 1213 698 1270 vastatam
724 1200 899 1286 Siciliam,
924 1200 1070 1270 relictos
1094 1225 1216 1297 agros,
1234 1227 1279 1272 ex

214 1300 398 1383 civitatum
429 1311 560 1397 literis,
584 1323 620 1380 et
646 1309 798 1406 epistola
825 1315 864 1380 L.
892 1310 1025 1381 Metelli
1050 1315 1280 1407 cognoverit,

216 1436 367 1507 statuat,
392 1419 472 1492 fieri
496 1446 573 1491 non
597 1442 723 1517 posse,
747 1434 787 1489 ut
808 1418 854 1490 de
873 1421 941 1519 isto
960 1446 1034 1491 non
1058 1423 1280 1493 severissime

215 1533 406 1628 judicetur.
423 1531 499 1602 Erit
518 1532 625 1601 etiam
642 1528 789 1625 aliquis,
806 1531 869 1625 qui
886 1529 960 1601 haec
975 1534 1096 1601 omnia
1110 1531 1280 1602 dissimu-

216 1642 290 1712 lare
307 1665 349 1711 ac
365 1639 547 1737 negligere
563 1639 697 1735 possit?
714 1639 828 1709 Attuli
841 1643 1075 1737 sponsiones⁴
1096 1645 1175 1739 ipso
1192 1668 1280 1740 prte-

217 1765 318 1822 sente
334 1748 443 1821 factas
458 1749 505 1821 de
521 1747 755 1821 decumarum
774 1751 965 1837 societate,
985 1750 1031 1822 ab
1054 1754 1134 1849 ipso
1155 1754 1280 1852 prohi-

218 1859 311 1930 bitas
335 1857 524 1955 judicari:
554 1856 644 1954 quid
678 1873 752 1946 est,
785 1859 886 1956 quod
920 1857 1057 1958 possit⁵
1088 1867 1281 1961 quisquam

218 1968 440 2041 manifestius
457 1966 555 2040 hoe⁶
572 1967 773 2040 desiderare
784 1968 890 2041 iNou
907 1968 1058 2060 dubito,
1074 1973 1163 2068 quin
1177 1971 1281 2044 vobis

217 2077 465 2166 satisfecerim,
491 2076 642 2174 judices.
675 2081 932 2150 Verumtamen
962 2080 1172 2178 progrediar
1200 2082 1282 2150 lon-

217 2193 296 2285 gius
317 2218 326 2260 ι
349 2215 425 2260 uon
445 2187 652 2259 mehercule
678 2213 753 2285 quo
780 2192 892 2285 magis
918 2188 991 2259 hoc
1014 2189 1117 2261 vobis
1135 2215 1281 2287 persua-

218 2300 355 2382 deatur,
376 2322 486 2396 quam
500 2299 574 2393 jam
591 2322 801 2396 persuasum
817 2323 894 2369 esse
909 2296 1075 2387 confid0;
1094 2298 1154 2370 sed
1170 2315 1210 2370 ut
1223 2300 1282 2371 ille

217 2408 410 2509 aliquando
439 2407 673 2506 impudentiae
702 2433 774 2479 suae
802 2407 913 2480 finem
939 2406 1064 2496 faciat,
1087 2409 1282 2508 aliquando

218 2521 375 2609 desinat,
391 2544 433 2592 ea
450 2546 488 2591 se
505 2535 632 2618 putare
651 2544 755 2617 posse
775 2543 893 2591 emere
905 2530 931 2605 ⁷,
950 2544 1030 2616 quae
1047 2523 1124 2617 ipse
1140 2547 1284 2619 semper

218 2631 347 2703 habuit
366 2631 526 2716 venalia,
550 2628 681 2715 fidem,
705 2629 981 2724 jusjurandum,
1000 2632 1205 2715 veritatem,
1226 2629 1282 2700 of·
1341 2658 1344 2671 ·

219 2740 361 2825 ficium,
383 2741 616 2838 religionem
639 2738 805 2810 desinant
822 2740 928 2809 amici
945 2739 1023 2832 ejus
1045 2763 1086 2808 ea
1104 2739 1283 2824 dictitare,

220 2876 300 2946 quse
314 2848 550 2939 detrimento,
563 2848 729 2936 maculae,
742 2848 903 2933 invidiae,
918 2845 1072 2916 inlamioe
1085 2845 1190 2919 nobis
1204 2873 1283 2918 om-

221 2959 330 3030 nibus
343 2984 419 3030 esse
438 2962 589 3057 possint.
608 2965 652 3030 At
667 2960 731 3065 qui
744 2960 849 3030 amici
859 2952 900 3025 ⁸?
920 2961 952 3027 Ο
967 2959 1156 3045 miserum,
1173 2974 1283 3054 atque

222 3069 458 3154 invidiosum,
476 3067 730 3165 offensumque
749 3091 947 3168 paucorum
967 3068 1073 3164 culpa
1095 3081 1204 3163 atque
1226 3071 1282 3137 in·

258 3289 281 3336 3.
298 3285 406 3333 Veneriis
419 3283 499 3333 servii.
514 3284 553 3331 Ex
563 3282 652 3347 quibus
669 3285 729 3331 Ver·
809 3301 832 3343 7.
846 3287 916 3333 Posse
923 3300 1010 3333 emere.
1021 3287 1043 3330 A
1057 3283 1136 3333 volsis.
1152 3286 1226 3333 Posse
1239 3302 1283 3333 vos

221 3383 259 3414 res
268 3380 360 3415 novum
373 3378 448 3428 geum
461 3362 646 3428 publicanorum
659 3362 728 3408 insti·
772 3366 803 3413 ab
812 3367 864 3426 ejus
875 3366 979 3430 pecunia
990 3366 1123 3431 eorrumpi.

221 3456 313 3504 tuerat,
337 3455 362 3493 et
383 3460 447 3507 qnos
468 3459 528 3497 sno.
548 3441 730 3505 liberorumque
809 3446 833 3494 8.
847 3444 938 3509 Aequi
956 3444 1047 3491 amici?
1058 3447 1113 3492 Hoc
1127 3460 1183 3492 enm
1198 3445 1284 3495 dolore

113 3560 117 3567 .
220 3540 319 3573 suornm
332 3523 441 3587 periculo
452 3522 540 3570 divites
551 3521 730 3570 iaciebatl'ide
774 3526 916 3588 pronuntiat
927 3534 952 3571 et
960 3522 1216 3587 indignatione‚quo‹t
1225 3526 1286 3573 Ver·

221 3620 293 3667 supra
305 3620 359 3668 osp.
373 3603 409 3651 38
421 3613 447 3651 et
462 3609 502 3657 to.
776 3603 808 3650 ris
817 3603 903 3662 amici,
915 3603 957 3667 qni
968 3619 996 3650 ea
1009 3602 1133 3659 dictitant,
1145 3613 1173 3649 ut
1188 3606 1285 3650 nniver-

257 3691 283 3738 4.
292 3682 371 3731 Ansti
376 3680 524 3746 sponsiones.
534 3680 622 3729 Rubrii
628 3690 652 3728 et
662 3682 732 3727 Scan·
776 3697 830 3730 snm
847 3682 963 3731 ordinem.
968 3683 1116 3730 sutorium
1126 3681 1151 3727 in
1168 3681 1285 3731 invidistis

107 3732 128 3791 i·
221 3762 287 3821 diiii,
299 3762 389 3826 quibus
398 3760 671 3825 eognisiudisumntm
677 3762 729 3821 jem
775 3760 912 3815 adducant,
925 3771 1048 3810 senatores
1060 3761 1107 3823 ipsi
1120 3760 1181 3816 sint;
1196 3762 1238 3809 sed
1248 3779 1287 3813 or.

112 3838 118 3851 '
221 3857 293 3888 nenio
315 3840 393 3902 iudet
416 3840 516 3904 poterit.
530 3864 566 3876 —
582 3838 726 3887 Prohibitus.
774 3840 838 3887 dinis
850 3840 1068 3895 muculae‚ntnrox
1078 3838 1285 3903 declararentur,

116 3924 124 3951 ‘-
221 3923 287 3983 Quas
297 3920 402 3982 judicari
415 3919 503 3967 noluit.
515 3918 638 3982 vitup.
651 3920 693 3979 57.
773 3935 848 3982 mm
868 3917 981 3977 subjicit,
999 3918 1107 3965 sedentes
1128 3917 1153 3964 in
1166 3919 1286 3983 suricibus

258 4002 282 4048 5.
295 4001 380 4049 Possit.
394 4000 459 4057 Alii,
469 4010 557 4063 posset.
570 3999 595 4044 J.
605 3999 636 4045 V.
648 4000 675 4045 L.
775 3997 887 4053 macelli3
899 3997 924 4043 id
937 4008 988 4054 est,
1002 3997 1026 4043 iu
1036 4012 1067 4044 eo
1082 3996 1140 4043 loco
1153 3999 1195 4046 ubi
1206 4001 1285 4052 stabnt

257 4082 281 4127 6.
307 4079 459 4144 Manifestins
469 4079 524 4126 loc.
539 4077 649 4149 Possitns
662 4077 732 4142 quid·
774 4077 905 4125 vilissimus
919 4078 1021 4141 quisque
1032 4088 1055 4125 et
1063 4077 1166 4125 maxime
1176 4080 1284 4141 infamis,

222 4174 294 4222 quam
302 4156 593 4223 bocsrgnmentoclarius
602 4156 732 4220 postulari?
776 4167 800 4203 et
829 4166 948 4220 tamquam
974 4156 1071 4221 publice
1094 4152 1238 4222 prolitentes
1261 4180 1287 4209 se
