<?xml version="1.0" encoding="UTF-8"?>
<!DOCTYPE html PUBLIC "-//W3C//DTD XHTML 1.0 Transitional//EN"
    "http://www.w3.org/TR/xhtml1/DTD/xhtml1-transitional.dtd">
<html xmlns="http://www.w3.org/1999/xhtml" xml:lang="en" lang="en">
 <head>
  <title>
</title>
<meta http-equiv="Content-Type" content="text/html;charset=utf-8" />
  <meta name='ocr-system' content='tesseract 3.04.00' />
  <meta name='ocr-capabilities' content='ocr_page ocr_carea ocr_par ocr_line ocrx_word'/>
</head>
<body>
  <div class='ocr_page' id='page_1' title='image "./mtciceronisquae00bouigoog_0471.png"; bbox 0 0 3148 4780; ppageno 0'>
   <div class='ocr_carea' id='block_1_1' title="bbox 356 436 1100 530">
    <p class='ocr_par' dir='ltr' id='par_1_1' title="bbox 356 436 1100 530">
     <span class='ocr_line' id='line_1_1' title="bbox 356 436 1100 530; baseline -0.009 -17"><span class='ocrx_word' id='word_1_1' title='bbox 356 441 429 530; x_wconf 71' lang='lat'>436</span> <span class='ocrx_word' id='word_1_2' title='bbox 670 440 719 507; x_wconf 86' lang='lat' dir='ltr'>M.</span> <span class='ocrx_word' id='word_1_3' title='bbox 744 439 783 505; x_wconf 81' lang='grc' dir='ltr'>τ.</span> <span class='ocrx_word' id='word_1_4' title='bbox 810 436 1100 507; x_wconf 74' lang='lat' dir='ltr'>nicanorus</span> 
     </span>
    </p>
   </div>
   <div class='ocr_carea' id='block_1_2' title="bbox 348 554 1446 2411">
    <p class='ocr_par' dir='ltr' id='par_1_2' title="bbox 348 554 1446 2411">
     <span class='ocr_line' id='line_1_2' title="bbox 356 554 1446 657; baseline -0.007 -21"><span class='ocrx_word' id='word_1_5' title='bbox 356 577 499 649; x_wconf 87' lang='lat' dir='ltr'>rentur,</span> <span class='ocrx_word' id='word_1_6' title='bbox 518 583 632 657; x_wconf 89' lang='lat' dir='ltr'>quum</span> <span class='ocrx_word' id='word_1_7' title='bbox 653 582 692 629; x_wconf 87' lang='lat' dir='ltr'>se</span> <span class='ocrx_word' id='word_1_8' title='bbox 709 557 783 652; x_wconf 85' lang='lat' dir='ltr'>jam</span> <span class='ocrx_word' id='word_1_9' title='bbox 803 556 955 628; x_wconf 89' lang='lat' dir='ltr'>domum</span> <span class='ocrx_word' id='word_1_10' title='bbox 975 557 1116 627; x_wconf 74' lang='lat' dir='ltr'>venisse</span> <span class='ocrx_word' id='word_1_11' title='bbox 1133 554 1446 628; x_wconf 81' lang='lat' dir='ltr'>arbitrarentur?</span> 
     </span>
     <span class='ocr_line' id='line_1_3' title="bbox 403 665 1439 765; baseline -0.006 -22"><span class='ocrx_word' id='word_1_12' title='bbox 403 676 490 743; x_wconf 87' lang='lat' dir='ltr'><strong>LXI.</strong></span> <span class='ocrx_word' id='word_1_13' title='bbox 508 673 599 742; x_wconf 87' lang='lat' dir='ltr'>Nam</span> <span class='ocrx_word' id='word_1_14' title='bbox 621 665 709 765; x_wconf 87' lang='lat' dir='ltr'>quid</span> <span class='ocrx_word' id='word_1_15' title='bbox 728 677 816 763; x_wconf 84' lang='lat' dir='ltr'>ego¹</span> <span class='ocrx_word' id='word_1_16' title='bbox 841 666 887 738; x_wconf 88' lang='lat' dir='ltr'>de</span> <span class='ocrx_word' id='word_1_17' title='bbox 909 670 947 737; x_wconf 87' lang='lat' dir='ltr'>P.</span> <span class='ocrx_word' id='word_1_18' title='bbox 975 668 1109 754; x_wconf 86' lang='lat' dir='ltr'>Gavio,</span> <span class='ocrx_word' id='word_1_19' title='bbox 1134 670 1275 738; x_wconf 82' lang='lat' dir='ltr'>Cosano</span> <span class='ocrx_word' id='word_1_20' title='bbox 1296 668 1439 737; x_wconf 90' lang='lat' dir='ltr'>muni·</span> 
     </span>
     <span class='ocr_line' id='line_1_4' title="bbox 353 776 1434 882; baseline -0.008 -26"><span class='ocrx_word' id='word_1_21' title='bbox 353 787 451 882; x_wconf 87' lang='lat' dir='ltr'>cipe,</span> <span class='ocrx_word' id='word_1_22' title='bbox 474 780 609 866; x_wconf 87' lang='lat' dir='ltr'>dicam,</span> <span class='ocrx_word' id='word_1_23' title='bbox 619 776 783 873; x_wconf 85' lang='lat' dir='ltr'>judices?</span> <span class='ocrx_word' id='word_1_24' title='bbox 802 791 865 847; x_wconf 85' lang='lat' dir='ltr'>aut</span> <span class='ocrx_word' id='word_1_25' title='bbox 878 801 951 872; x_wconf 88' lang='lat' dir='ltr'>qua</span> <span class='ocrx_word' id='word_1_26' title='bbox 964 778 999 846; x_wconf 89' lang='lat' dir='ltr'>vi</span> <span class='ocrx_word' id='word_1_27' title='bbox 1017 778 1132 863; x_wconf 82' lang='lat' dir='ltr'>vocis,</span> <span class='ocrx_word' id='word_1_28' title='bbox 1151 800 1223 874; x_wconf 88' lang='lat' dir='ltr'>qua</span> <span class='ocrx_word' id='word_1_29' title='bbox 1243 779 1434 874; x_wconf 76' lang='lat' dir='ltr'>gravitate</span> 
     </span>
     <span class='ocr_line' id='line_1_5' title="bbox 352 885 1431 985; baseline -0.009 -19"><span class='ocrx_word' id='word_1_30' title='bbox 352 891 564 975; x_wconf 85' lang='lat' dir='ltr'>verborum,</span> <span class='ocrx_word' id='word_1_31' title='bbox 581 912 660 985; x_wconf 82' lang='lat' dir='ltr'>quo</span> <span class='ocrx_word' id='word_1_32' title='bbox 673 886 799 957; x_wconf 84' lang='lat' dir='ltr'>dolore</span> <span class='ocrx_word' id='word_1_33' title='bbox 813 887 924 956; x_wconf 86' lang='lat' dir='ltr'>animi</span> <span class='ocrx_word' id='word_1_34' title='bbox 937 885 1074 956; x_wconf 85' lang='lat' dir='ltr'>dicam?</span> <span class='ocrx_word' id='word_1_35' title='bbox 1087 887 1229 957; x_wconf 84' lang='lat' dir='ltr'>tametsi</span> <span class='ocrx_word' id='word_1_36' title='bbox 1244 885 1350 957; x_wconf 90' lang='lat' dir='ltr'>dolor</span> <span class='ocrx_word' id='word_1_37' title='bbox 1361 910 1431 956; x_wconf 89' lang='lat' dir='ltr'>me</span> 
     </span>
     <span class='ocr_line' id='line_1_6' title="bbox 351 992 1428 1091; baseline -0.008 -16"><span class='ocrx_word' id='word_1_38' title='bbox 351 1029 429 1075; x_wconf 88' lang='lat' dir='ltr'>non</span> <span class='ocrx_word' id='word_1_39' title='bbox 451 998 595 1073; x_wconf 80' lang='lat' dir='ltr'>deficit²</span> <span class='ocrx_word' id='word_1_40' title='bbox 621 1023 630 1066; x_wconf 76' lang='grc' dir='ltr'><strong><em>ε</em></strong></span> <span class='ocrx_word' id='word_1_41' title='bbox 656 1009 699 1067; x_wconf 90' lang='lat' dir='ltr'>ut</span> <span class='ocrx_word' id='word_1_42' title='bbox 725 1011 853 1067; x_wconf 67' lang='lat' dir='ltr'>cetera⁴</span> <span class='ocrx_word' id='word_1_43' title='bbox 871 993 961 1064; x_wconf 90' lang='lat' dir='ltr'>mihi</span> <span class='ocrx_word' id='word_1_44' title='bbox 985 994 1025 1064; x_wconf 93' lang='lat' dir='ltr'>in</span> <span class='ocrx_word' id='word_1_45' title='bbox 1049 992 1202 1065; x_wconf 86' lang='lat' dir='ltr'>dicendo</span> <span class='ocrx_word' id='word_1_46' title='bbox 1229 995 1428 1091; x_wconf 83' lang='lat' dir='ltr'>dignare,</span> 
     </span>
     <span class='ocr_line' id='line_1_7' title="bbox 351 1102 1426 1211; baseline -0.01 -25"><span class='ocrx_word' id='word_1_47' title='bbox 351 1115 461 1211; x_wconf 79' lang='lat' dir='ltr'>digua</span> <span class='ocrx_word' id='word_1_48' title='bbox 481 1109 607 1182; x_wconf 89' lang='lat' dir='ltr'>dolore</span> <span class='ocrx_word' id='word_1_49' title='bbox 621 1131 704 1178; x_wconf 91' lang='lat' dir='ltr'>meo</span> <span class='ocrx_word' id='word_1_50' title='bbox 721 1117 931 1203; x_wconf 77' lang='lat' dir='ltr'><strong>suppetant,</strong></span> <span class='ocrx_word' id='word_1_51' title='bbox 945 1107 1057 1200; x_wconf 81' lang='lat' dir='ltr'>magis</span> <span class='ocrx_word' id='word_1_52' title='bbox 1074 1102 1335 1176; x_wconf 84' lang='lat' dir='ltr'>elaborandum</span> <span class='ocrx_word' id='word_1_53' title='bbox 1350 1119 1426 1175; x_wconf 88' lang='lat' dir='ltr'>est.</span> 
     </span>
     <span class='ocr_line' id='line_1_8' title="bbox 351 1213 1425 1316; baseline -0.009 -20"><span class='ocrx_word' id='word_1_54' title='bbox 351 1222 461 1316; x_wconf 87' lang='lat' dir='ltr'>Quod</span> <span class='ocrx_word' id='word_1_55' title='bbox 480 1222 618 1293; x_wconf 86' lang='lat' dir='ltr'>crimen</span> <span class='ocrx_word' id='word_1_56' title='bbox 636 1214 814 1312; x_wconf 87' lang='lat' dir='ltr'>ejusmodi</span> <span class='ocrx_word' id='word_1_57' title='bbox 830 1227 899 1297; x_wconf 87' lang='lat' dir='ltr'>est,</span> <span class='ocrx_word' id='word_1_58' title='bbox 921 1226 977 1301; x_wconf 89' lang='lat' dir='ltr'>nt,</span> <span class='ocrx_word' id='word_1_59' title='bbox 993 1238 1110 1311; x_wconf 89' lang='lat' dir='ltr'>quum</span> <span class='ocrx_word' id='word_1_60' title='bbox 1125 1215 1282 1312; x_wconf 87' lang='lat' dir='ltr'>primum</span> <span class='ocrx_word' id='word_1_61' title='bbox 1298 1213 1425 1286; x_wconf 86' lang='lat' dir='ltr'>adme</span> 
     </span>
     <span class='ocr_line' id='line_1_9' title="bbox 350 1322 1424 1421; baseline -0.009 -15"><span class='ocrx_word' id='word_1_62' title='bbox 350 1334 510 1407; x_wconf 86' lang='lat' dir='ltr'>delatum</span> <span class='ocrx_word' id='word_1_63' title='bbox 534 1343 605 1416; x_wconf 86' lang='lat' dir='ltr'>est,</span> <span class='ocrx_word' id='word_1_64' title='bbox 626 1349 775 1398; x_wconf 88' lang='lat' dir='ltr'>usurum</span> <span class='ocrx_word' id='word_1_65' title='bbox 794 1347 853 1394; x_wconf 89' lang='lat' dir='ltr'>me</span> <span class='ocrx_word' id='word_1_66' title='bbox 873 1322 937 1393; x_wconf 91' lang='lat' dir='ltr'>illo</span> <span class='ocrx_word' id='word_1_67' title='bbox 961 1347 1038 1394; x_wconf 93' lang='lat' dir='ltr'>non</span> <span class='ocrx_word' id='word_1_68' title='bbox 1061 1338 1237 1421; x_wconf 83' lang='lat' dir='ltr'>putarem.</span> <span class='ocrx_word' id='word_1_69' title='bbox 1261 1326 1424 1396; x_wconf 82' lang='lat' dir='ltr'><strong>Tametsi</strong></span> 
     </span>
     <span class='ocr_line' id='line_1_10' title="bbox 350 1430 1421 1529; baseline -0.01 -13"><span class='ocrx_word' id='word_1_70' title='bbox 350 1447 449 1516; x_wconf 89' lang='lat' dir='ltr'>enim</span> <span class='ocrx_word' id='word_1_71' title='bbox 470 1438 694 1511; x_wconf 78' lang='lat' dir='ltr'>verissimum</span> <span class='ocrx_word' id='word_1_72' title='bbox 721 1457 798 1504; x_wconf 81' lang='lat' dir='ltr'>esse</span> <span class='ocrx_word' id='word_1_73' title='bbox 818 1430 1083 1529; x_wconf 80' lang='lat' dir='ltr'>intelligebam,</span> <span class='ocrx_word' id='word_1_74' title='bbox 1104 1447 1226 1504; x_wconf 85' lang='lat' dir='ltr'>tamen</span> <span class='ocrx_word' id='word_1_75' title='bbox 1245 1432 1421 1505; x_wconf 84' lang='lat' dir='ltr'>credibile</span> 
     </span>
     <span class='ocr_line' id='line_1_11' title="bbox 350 1542 1419 1638; baseline -0.01 -16"><span class='ocrx_word' id='word_1_76' title='bbox 350 1549 428 1623; x_wconf 87' lang='lat' dir='ltr'>fore</span> <span class='ocrx_word' id='word_1_77' title='bbox 440 1573 516 1620; x_wconf 92' lang='lat' dir='ltr'>non</span> <span class='ocrx_word' id='word_1_78' title='bbox 528 1543 740 1618; x_wconf 86' lang='lat' dir='ltr'>arbitrabar.</span> <span class='ocrx_word' id='word_1_79' title='bbox 755 1546 912 1613; x_wconf 82' lang='lat' dir='ltr'><strong>Coactus</strong></span> <span class='ocrx_word' id='word_1_80' title='bbox 928 1542 1091 1638; x_wconf 83' lang='lat' dir='ltr'>lacrymis</span> <span class='ocrx_word' id='word_1_81' title='bbox 1104 1543 1270 1612; x_wconf 87' lang='lat' dir='ltr'>omnium</span> <span class='ocrx_word' id='word_1_82' title='bbox 1282 1542 1419 1613; x_wconf 90' lang='lat' dir='ltr'>civium</span> 
     </span>
     <span class='ocr_line' id='line_1_12' title="bbox 349 1649 1418 1752; baseline -0.008 -21"><span class='ocrx_word' id='word_1_83' title='bbox 349 1681 604 1741; x_wconf 85' lang='lat' dir='ltr'>romanorum,</span> <span class='ocrx_word' id='word_1_84' title='bbox 620 1655 736 1752; x_wconf 89' lang='lat' dir='ltr'>quiin</span> <span class='ocrx_word' id='word_1_85' title='bbox 755 1652 870 1722; x_wconf 88' lang='lat' dir='ltr'>Sicilia</span> <span class='ocrx_word' id='word_1_86' title='bbox 882 1651 1133 1746; x_wconf 82' lang='lat' dir='ltr'>negotiantur,</span> <span class='ocrx_word' id='word_1_87' title='bbox 1150 1649 1327 1723; x_wconf 84' lang='lat' dir='ltr'>adductus</span> <span class='ocrx_word' id='word_1_88' title='bbox 1342 1657 1418 1723; x_wconf 83' lang='lat' dir='ltr'>Va·</span> 
     </span>
     <span class='ocr_line' id='line_1_13' title="bbox 348 1760 1420 1858; baseline -0.007 -17"><span class='ocrx_word' id='word_1_89' title='bbox 348 1770 589 1853; x_wconf 86' lang='lat' dir='ltr'>lentinorum,</span> <span class='ocrx_word' id='word_1_90' title='bbox 606 1765 797 1834; x_wconf 91' lang='lat' dir='ltr'>hominum</span> <span class='ocrx_word' id='word_1_91' title='bbox 815 1760 1166 1848; x_wconf 83' lang='lat' dir='ltr'>honestissimorum,</span> <span class='ocrx_word' id='word_1_92' title='bbox 1177 1762 1420 1858; x_wconf 85' lang='lat' dir='ltr'>omniumque</span> 
     </span>
     <span class='ocr_line' id='line_1_14' title="bbox 350 1869 1419 1977; baseline -0.011 -25"><span class='ocrx_word' id='word_1_93' title='bbox 350 1880 616 1977; x_wconf 83' lang='lat' dir='ltr'>Rheginorum‚</span> <span class='ocrx_word' id='word_1_94' title='bbox 627 1873 899 1966; x_wconf 83' lang='lat' dir='ltr'>multorumque</span> <span class='ocrx_word' id='word_1_95' title='bbox 913 1869 1079 1965; x_wconf 86' lang='lat' dir='ltr'>equitum</span> <span class='ocrx_word' id='word_1_96' title='bbox 1088 1893 1339 1957; x_wconf 84' lang='lat' dir='ltr'>romanorum,</span> <span class='ocrx_word' id='word_1_97' title='bbox 1349 1872 1419 1968; x_wconf 91' lang='lat' dir='ltr'>qui</span> 
     </span>
     <span class='ocr_line' id='line_1_15' title="bbox 350 1974 1416 2065; baseline -0.011 -5"><span class='ocrx_word' id='word_1_98' title='bbox 350 2014 436 2061; x_wconf 85' lang='lat' dir='ltr'>casu</span> <span class='ocrx_word' id='word_1_99' title='bbox 451 2002 530 2058; x_wconf 91' lang='lat' dir='ltr'>tum</span> <span class='ocrx_word' id='word_1_100' title='bbox 543 1987 713 2055; x_wconf 81' lang='lat' dir='ltr'>Messanae</span> <span class='ocrx_word' id='word_1_101' title='bbox 724 1978 892 2065; x_wconf 84' lang='lat' dir='ltr'>fuerunt,</span> <span class='ocrx_word' id='word_1_102' title='bbox 906 1974 1159 2065; x_wconf 72' lang='lat' dir='ltr'>testimoniis³‚</span> <span class='ocrx_word' id='word_1_103' title='bbox 1177 1977 1262 2049; x_wconf 86' lang='lat' dir='ltr'>dedi</span> <span class='ocrx_word' id='word_1_104' title='bbox 1273 1993 1416 2050; x_wconf 84' lang='lat' dir='ltr'>tanturn</span> 
     </span>
     <span class='ocr_line' id='line_1_16' title="bbox 351 2086 1415 2197; baseline -0.009 -27"><span class='ocrx_word' id='word_1_105' title='bbox 351 2099 471 2197; x_wconf 90' lang='lat' dir='ltr'>priore</span> <span class='ocrx_word' id='word_1_106' title='bbox 498 2097 638 2165; x_wconf 87' lang='lat' dir='ltr'>actione</span> <span class='ocrx_word' id='word_1_107' title='bbox 673 2090 836 2177; x_wconf 86' lang='lat' dir='ltr'>testium,</span> <span class='ocrx_word' id='word_1_108' title='bbox 871 2111 930 2158; x_wconf 87' lang='lat' dir='ltr'>res</span> <span class='ocrx_word' id='word_1_109' title='bbox 960 2100 1002 2157; x_wconf 90' lang='lat' dir='ltr'>ut</span> <span class='ocrx_word' id='word_1_110' title='bbox 1029 2088 1167 2158; x_wconf 86' lang='lat' dir='ltr'>nemini</span> <span class='ocrx_word' id='word_1_111' title='bbox 1198 2086 1310 2159; x_wconf 88' lang='lat' dir='ltr'>dubia</span> <span class='ocrx_word' id='word_1_112' title='bbox 1336 2112 1415 2160; x_wconf 85' lang='lat' dir='ltr'>esse</span> 
     </span>
     <span class='ocr_line' id='line_1_17' title="bbox 350 2190 1412 2306; baseline -0.008 -26"><span class='ocrx_word' id='word_1_113' title='bbox 350 2220 481 2306; x_wconf 86' lang='lat' dir='ltr'>posset.</span> <span class='ocrx_word' id='word_1_114' title='bbox 501 2201 599 2296; x_wconf 90' lang='lat' dir='ltr'>Quid</span> <span class='ocrx_word' id='word_1_115' title='bbox 618 2190 717 2274; x_wconf 87' lang='lat' dir='ltr'>nunc</span> <span class='ocrx_word' id='word_1_116' title='bbox 729 2197 981 2296; x_wconf 77' lang='lat' dir='ltr'>agamiquum</span> <span class='ocrx_word' id='word_1_117' title='bbox 997 2196 1070 2291; x_wconf 85' lang='lat' dir='ltr'>jam</span> <span class='ocrx_word' id='word_1_118' title='bbox 1084 2210 1139 2268; x_wconf 90' lang='lat' dir='ltr'>tot</span> <span class='ocrx_word' id='word_1_119' title='bbox 1156 2196 1265 2269; x_wconf 86' lang='lat' dir='ltr'>horas</span> <span class='ocrx_word' id='word_1_120' title='bbox 1280 2197 1325 2270; x_wconf 91' lang='lat' dir='ltr'>de</span> <span class='ocrx_word' id='word_1_121' title='bbox 1337 2223 1412 2271; x_wconf 91' lang='lat' dir='ltr'>uno</span> 
     </span>
     <span class='ocr_line' id='line_1_18' title="bbox 349 2305 1412 2411; baseline -0.008 -23"><span class='ocrx_word' id='word_1_122' title='bbox 349 2312 523 2411; x_wconf 73' lang='lat' dir='ltr'>general,</span> <span class='ocrx_word' id='word_1_123' title='bbox 540 2336 581 2383; x_wconf 88' lang='lat' dir='ltr'>ac</span> <span class='ocrx_word' id='word_1_124' title='bbox 598 2308 644 2381; x_wconf 91' lang='lat' dir='ltr'>de</span> <span class='ocrx_word' id='word_1_125' title='bbox 660 2312 762 2380; x_wconf 78' lang='lat' dir='ltr'>istius</span> <span class='ocrx_word' id='word_1_126' title='bbox 776 2306 910 2379; x_wconf 85' lang='lat' dir='ltr'>nefaria</span> <span class='ocrx_word' id='word_1_127' title='bbox 926 2305 1137 2378; x_wconf 85' lang='lat' dir='ltr'>crudelitate</span> <span class='ocrx_word' id='word_1_128' title='bbox 1149 2306 1284 2395; x_wconf 79' lang='lat' dir='ltr'>dicam3</span> <span class='ocrx_word' id='word_1_129' title='bbox 1297 2334 1412 2406; x_wconf 88' lang='lat' dir='ltr'>quum</span> 
     </span>
    </p>
   </div>
   <div class='ocr_carea' id='block_1_3' title="bbox 348 2412 1411 2625">
    <p class='ocr_par' dir='ltr' id='par_1_3' title="bbox 348 2412 1411 2625">
     <span class='ocr_line' id='line_1_19' title="bbox 352 2412 1411 2520; baseline -0.004 -27"><span class='ocrx_word' id='word_1_130' title='bbox 352 2445 465 2520; x_wconf 82' lang='lat' dir='ltr'>prope</span> <span class='ocrx_word' id='word_1_131' title='bbox 482 2440 629 2490; x_wconf 88' lang='lat' dir='ltr'>omnem</span> <span class='ocrx_word' id='word_1_132' title='bbox 647 2418 721 2486; x_wconf 86' lang='lat' dir='ltr'>vim</span> <span class='ocrx_word' id='word_1_133' title='bbox 737 2412 954 2487; x_wconf 82' lang='lat' dir='ltr'>verborum⁵</span> <span class='ocrx_word' id='word_1_134' title='bbox 968 2415 1164 2510; x_wconf 81' lang='lat' dir='ltr'>ejusmodi,</span> <span class='ocrx_word' id='word_1_135' title='bbox 1182 2442 1262 2514; x_wconf 82' lang='lat' dir='ltr'>quae</span> <span class='ocrx_word' id='word_1_136' title='bbox 1279 2418 1411 2490; x_wconf 85' lang='lat' dir='ltr'>scelere</span> 
     </span>
     <span class='ocr_line' id='line_1_20' title="bbox 348 2524 1411 2625; baseline -0.001 -25"><span class='ocrx_word' id='word_1_137' title='bbox 348 2533 451 2601; x_wconf 85' lang='lat' dir='ltr'>istius</span> <span class='ocrx_word' id='word_1_138' title='bbox 469 2528 578 2623; x_wconf 80' lang='lat' dir='ltr'>digna</span> <span class='ocrx_word' id='word_1_139' title='bbox 594 2538 699 2614; x_wconf 84' lang='lat' dir='ltr'>sunt,</span> <span class='ocrx_word' id='word_1_140' title='bbox 711 2525 788 2596; x_wconf 87' lang='lat' dir='ltr'>aliis</span> <span class='ocrx_word' id='word_1_141' title='bbox 804 2527 841 2596; x_wconf 93' lang='lat' dir='ltr'>in</span> <span class='ocrx_word' id='word_1_142' title='bbox 855 2524 967 2597; x_wconf 86' lang='lat' dir='ltr'>rebus</span> <span class='ocrx_word' id='word_1_143' title='bbox 978 2531 1411 2625; x_wconf 84' lang='lat' dir='ltr'>consumpserim,neque</span> 
     </span>
    </p>
   </div>
   <div class='ocr_carea' id='block_1_4' title="bbox 345 2718 1410 4057">
    <p class='ocr_par' dir='ltr' id='par_1_4' title="bbox 345 2718 1410 4057">
     <span class='ocr_line' id='line_1_21' title="bbox 384 2718 1410 2803; baseline 0 -30"><span class='ocrx_word' id='word_1_144' title='bbox 384 2726 451 2774; x_wconf 81' lang='lat' dir='ltr'>txt.</span> <span class='ocrx_word' id='word_1_145' title='bbox 470 2739 492 2771; x_wconf 85' lang='lat' dir='ltr'>r.</span> <span class='ocrx_word' id='word_1_146' title='bbox 505 2723 573 2771; x_wconf 85' lang='lat' dir='ltr'>Nam</span> <span class='ocrx_word' id='word_1_147' title='bbox 586 2721 649 2787; x_wconf 81' lang='lat' dir='ltr'>qaid</span> <span class='ocrx_word' id='word_1_148' title='bbox 655 2738 708 2789; x_wconf 66' lang='lat' dir='ltr'>ego.</span> <span class='ocrx_word' id='word_1_149' title='bbox 721 2718 792 2803; x_wconf 55' lang='lat' dir='ltr'>§avii</span> <span class='ocrx_word' id='word_1_150' title='bbox 800 2738 858 2786; x_wconf 85' lang='lat' dir='ltr'>aop-</span> <span class='ocrx_word' id='word_1_151' title='bbox 937 2734 962 2770; x_wconf 83' lang='lat' dir='ltr'>a.</span> <span class='ocrx_word' id='word_1_152' title='bbox 970 2722 1147 2771; x_wconf 79' lang='lat' dir='ltr'>Dolormanoa</span> <span class='ocrx_word' id='word_1_153' title='bbox 1154 2724 1303 2791; x_wconf 73' lang='lat' dir='ltr'>deficitlloc</span> <span class='ocrx_word' id='word_1_154' title='bbox 1312 2725 1410 2774; x_wconf 82' lang='lat' dir='ltr'>exartia</span> 
     </span>
     <span class='ocr_line' id='line_1_22' title="bbox 349 2800 1408 2871; baseline -0.001 -17"><span class='ocrx_word' id='word_1_155' title='bbox 349 2806 480 2871; x_wconf 83' lang='lat' dir='ltr'>pliciornnr</span> <span class='ocrx_word' id='word_1_156' title='bbox 488 2803 602 2851; x_wconf 84' lang='lat' dir='ltr'>narratio.</span> <span class='ocrx_word' id='word_1_157' title='bbox 619 2803 698 2850; x_wconf 85' lang='lat' dir='ltr'>Locna</span> <span class='ocrx_word' id='word_1_158' title='bbox 706 2813 773 2850; x_wconf 81' lang='lat' dir='ltr'>totua</span> <span class='ocrx_word' id='word_1_159' title='bbox 780 2800 859 2865; x_wconf 74' lang='lat' dir='ltr'>legan-</span> <span class='ocrx_word' id='word_1_160' title='bbox 901 2800 1038 2864; x_wconf 78' lang='lat' dir='ltr'>p&#39;raecepto:</span> <span class='ocrx_word' id='word_1_161' title='bbox 1049 2802 1086 2849; x_wconf 75' lang='lat' dir='ltr'>«ai</span> <span class='ocrx_word' id='word_1_162' title='bbox 1096 2803 1134 2850; x_wconf 80' lang='lat' dir='ltr'>via</span> <span class='ocrx_word' id='word_1_163' title='bbox 1144 2820 1182 2851; x_wconf 84' lang='lat' dir='ltr'>me</span> <span class='ocrx_word' id='word_1_164' title='bbox 1195 2802 1266 2863; x_wconf 84' lang='lat' dir='ltr'>llere,</span> <span class='ocrx_word' id='word_1_165' title='bbox 1277 2803 1408 2853; x_wconf 81' lang='lat' dir='ltr'>dolendum</span> 
     </span>
     <span class='ocr_line' id='line_1_23' title="bbox 350 2881 1408 2947; baseline -0.002 -14"><span class='ocrx_word' id='word_1_166' title='bbox 350 2885 396 2933; x_wconf 79' lang='lat' dir='ltr'>alut</span> <span class='ocrx_word' id='word_1_167' title='bbox 408 2884 435 2932; x_wconf 85' lang='lat' dir='ltr'>in</span> <span class='ocrx_word' id='word_1_168' title='bbox 445 2898 495 2947; x_wconf 84' lang='lat' dir='ltr'>quo</span> <span class='ocrx_word' id='word_1_169' title='bbox 509 2892 573 2930; x_wconf 90' lang='lat' dir='ltr'>totaa</span> <span class='ocrx_word' id='word_1_170' title='bbox 583 2897 638 2929; x_wconf 83' lang='lat' dir='ltr'>anaa</span> <span class='ocrx_word' id='word_1_171' title='bbox 650 2881 787 2945; x_wconf 74' lang='lat' dir='ltr'>eloquentia</span> <span class='ocrx_word' id='word_1_172' title='bbox 797 2882 859 2928; x_wconf 82' lang='lat' dir='ltr'>vitea</span> <span class='ocrx_word' id='word_1_173' title='bbox 902 2890 939 2927; x_wconf 77' lang='lat' dir='ltr'>ert</span> <span class='ocrx_word' id='word_1_174' title='bbox 948 2881 1053 2928; x_wconf 82' lang='lat' dir='ltr'>Primum</span> <span class='ocrx_word' id='word_1_175' title='bbox 1063 2881 1112 2946; x_wconf 81' lang='lat' dir='ltr'>ipai</span> <span class='ocrx_word' id='word_1_176' title='bbox 1120 2883 1165 2931; x_wconf 88' lang='lat' dir='ltr'>tibi</span> <span class='ocrx_word' id='word_1_177' title='bbox 1171 2905 1192 2932; x_wconf 69' lang='grc' dir='ltr'>ι.</span> <span class='ocrx_word' id='word_1_178' title='bbox 1203 2886 1292 2931; x_wconf 81' lang='lat' dir='ltr'>Senaua</span> <span class='ocrx_word' id='word_1_179' title='bbox 1302 2884 1408 2931; x_wconf 73' lang='lat' dir='ltr'>eattDo</span> 
     </span>
     <span class='ocr_line' id='line_1_24' title="bbox 349 2957 1409 3029; baseline -0.001 -17"><span class='ocrx_word' id='word_1_180' title='bbox 349 2964 464 3029; x_wconf 74' lang='lat' dir='ltr'>explicat.</span> <span class='ocrx_word' id='word_1_181' title='bbox 478 2961 579 3010; x_wconf 84' lang='lat' dir='ltr'>Orditur</span> <span class='ocrx_word' id='word_1_182' title='bbox 591 2972 674 3008; x_wconf 87' lang='lat' dir='ltr'>orator</span> <span class='ocrx_word' id='word_1_183' title='bbox 684 2959 805 3026; x_wconf 81' lang='lat' dir='ltr'>pathetica</span> <span class='ocrx_word' id='word_1_184' title='bbox 815 2961 859 3007; x_wconf 85' lang='lat' dir='ltr'>du·</span> <span class='ocrx_word' id='word_1_185' title='bbox 901 2957 954 3006; x_wconf 81' lang='lat' dir='ltr'>lota</span> <span class='ocrx_word' id='word_1_186' title='bbox 967 2958 1066 3021; x_wconf 85' lang='lat' dir='ltr'>quidam</span> <span class='ocrx_word' id='word_1_187' title='bbox 1079 2960 1174 3010; x_wconf 83' lang='lat' dir='ltr'>afficior</span> <span class='ocrx_word' id='word_1_188' title='bbox 1186 2964 1309 3021; x_wconf 65' lang='lat' dir='ltr'>maxim</span> <span class='ocrx_word' id='word_1_189' title='bbox 1318 2962 1359 3011; x_wconf 80' lang='lat' dir='ltr'>aad</span> <span class='ocrx_word' id='word_1_190' title='bbox 1370 2978 1409 3010; x_wconf 74' lang='grc' dir='ltr'>οε·</span> 
     </span>
     <span class='ocr_line' id='line_1_25' title="bbox 351 3038 1408 3104; baseline 0 -13"><span class='ocrx_word' id='word_1_191' title='bbox 351 3043 482 3097; x_wconf 78' lang='lat' dir='ltr'>bitatione,</span> <span class='ocrx_word' id='word_1_192' title='bbox 500 3055 548 3103; x_wconf 86' lang='lat' dir='ltr'>qna</span> <span class='ocrx_word' id='word_1_193' title='bbox 559 3040 619 3086; x_wconf 84' lang='lat' dir='ltr'>mira</span> <span class='ocrx_word' id='word_1_194' title='bbox 631 3051 798 3104; x_wconf 66' lang='lat' dir='ltr'>preparantur</span> <span class='ocrx_word' id='word_1_195' title='bbox 808 3038 860 3087; x_wconf 86' lang='lat' dir='ltr'>ani·</span> <span class='ocrx_word' id='word_1_196' title='bbox 902 3047 953 3084; x_wconf 83' lang='lat' dir='ltr'>teta</span> <span class='ocrx_word' id='word_1_197' title='bbox 965 3047 1036 3086; x_wconf 86' lang='lat' dir='ltr'>tanto</span> <span class='ocrx_word' id='word_1_198' title='bbox 1049 3038 1130 3088; x_wconf 88' lang='lat' dir='ltr'>dolori</span> <span class='ocrx_word' id='word_1_199' title='bbox 1143 3041 1289 3104; x_wconf 81' lang='lat' dir='ltr'>explicando</span> <span class='ocrx_word' id='word_1_200' title='bbox 1303 3058 1408 3091; x_wconf 63' lang='lat' dir='ltr'>necun-</span> 
     </span>
     <span class='ocr_line' id='line_1_26' title="bbox 351 3115 1076 3181; baseline -0.003 -13"><span class='ocrx_word' id='word_1_201' title='bbox 351 3124 384 3168; x_wconf 83' lang='lat' dir='ltr'>nri</span> <span class='ocrx_word' id='word_1_202' title='bbox 400 3120 510 3181; x_wconf 82' lang='lat' dir='ltr'>judicum</span> <span class='ocrx_word' id='word_1_203' title='bbox 523 3117 555 3166; x_wconf 88' lang='lat' dir='ltr'>ad</span> <span class='ocrx_word' id='word_1_204' title='bbox 574 3118 682 3166; x_wconf 77' lang='lat' dir='ltr'>criminin</span> <span class='ocrx_word' id='word_1_205' title='bbox 701 3119 859 3167; x_wconf 79' lang='lat' dir='ltr'>atrocitatem.</span> <span class='ocrx_word' id='word_1_206' title='bbox 903 3117 939 3164; x_wconf 86' lang='lat' dir='ltr'>ria</span> <span class='ocrx_word' id='word_1_207' title='bbox 951 3115 1076 3166; x_wconf 74' lang='lat' dir='ltr'>deliciunt.</span> 
     </span>
     <span class='ocr_line' id='line_1_27' title="bbox 349 3195 1406 3261; baseline 0.001 -14"><span class='ocrx_word' id='word_1_208' title='bbox 349 3195 860 3261; x_wconf 71' lang='lat' dir='ltr'>Ponunamhoolocoaatinterrogatirnm,</span> <span class='ocrx_word' id='word_1_209' title='bbox 940 3195 966 3244; x_wconf 76' lang='grc'>3,</span> <span class='ocrx_word' id='word_1_210' title='bbox 982 3196 1140 3245; x_wconf 75' lang='lat' dir='ltr'>Tasa‘mom‘a&#39;s.</span> <span class='ocrx_word' id='word_1_211' title='bbox 1153 3200 1212 3247; x_wconf 72' lang='lat' dir='ltr'>ttae</span> <span class='ocrx_word' id='word_1_212' title='bbox 1230 3215 1282 3247; x_wconf 79' lang='lat' dir='ltr'>vox</span> <span class='ocrx_word' id='word_1_213' title='bbox 1294 3216 1345 3248; x_wconf 83' lang='lat' dir='ltr'>ana</span> <span class='ocrx_word' id='word_1_214' title='bbox 1360 3198 1406 3248; x_wconf 76' lang='lat' dir='ltr'>boc</span> 
     </span>
     <span class='ocr_line' id='line_1_28' title="bbox 350 3272 1406 3341; baseline 0.006 -20"><span class='ocrx_word' id='word_1_215' title='bbox 350 3286 377 3324; x_wconf 80' lang='lat' dir='ltr'>et</span> <span class='ocrx_word' id='word_1_216' title='bbox 395 3274 507 3337; x_wconf 69' lang='lat' dir='ltr'>jungitur</span> <span class='ocrx_word' id='word_1_217' title='bbox 521 3272 661 3336; x_wconf 81' lang='lat' dir='ltr'>pronomini</span> <span class='ocrx_word' id='word_1_218' title='bbox 683 3276 795 3336; x_wconf 85' lang='lat' dir='ltr'>aaqnenti</span> <span class='ocrx_word' id='word_1_219' title='bbox 815 3291 860 3338; x_wconf 88' lang='lat' dir='ltr'>per</span> <span class='ocrx_word' id='word_1_220' title='bbox 902 3272 1023 3333; x_wconf 82' lang='lat' dir='ltr'>lnco‚aad</span> <span class='ocrx_word' id='word_1_221' title='bbox 1035 3291 1108 3339; x_wconf 77' lang='lat' dir='ltr'>cupra</span> <span class='ocrx_word' id='word_1_222' title='bbox 1121 3287 1177 3341; x_wconf 82' lang='lat' dir='ltr'>poat</span> <span class='ocrx_word' id='word_1_223' title='bbox 1190 3277 1406 3327; x_wconf 71' lang='lat' dir='ltr'>honestissimorum</span> 
     </span>
     <span class='ocr_line' id='line_1_29' title="bbox 349 3351 1405 3422; baseline 0.002 -18"><span class='ocrx_word' id='word_1_224' title='bbox 349 3351 525 3416; x_wconf 71' lang='lat' dir='ltr'>anastrophen,</span> <span class='ocrx_word' id='word_1_225' title='bbox 536 3366 582 3415; x_wconf 82' lang='lat' dir='ltr'>pro</span> <span class='ocrx_word' id='word_1_226' title='bbox 595 3351 711 3414; x_wconf 73' lang='lat' dir='ltr'>quidnam</span> <span class='ocrx_word' id='word_1_227' title='bbox 719 3384 726 3410; x_wconf 91' lang='lat'>,</span> <span class='ocrx_word' id='word_1_228' title='bbox 735 3363 762 3399; x_wconf 89' lang='lat' dir='ltr'>ut</span> <span class='ocrx_word' id='word_1_229' title='bbox 770 3354 797 3400; x_wconf 81' lang='lat' dir='ltr'>in</span> <span class='ocrx_word' id='word_1_230' title='bbox 803 3355 860 3401; x_wconf 85' lang='lat' dir='ltr'>Vir·</span> <span class='ocrx_word' id='word_1_231' title='bbox 903 3352 1036 3401; x_wconf 79' lang='lat' dir='ltr'>cobocatnr</span> <span class='ocrx_word' id='word_1_232' title='bbox 1048 3356 1075 3402; x_wconf 83' lang='lat' dir='ltr'>in</span> <span class='ocrx_word' id='word_1_233' title='bbox 1083 3358 1146 3405; x_wconf 74' lang='lat' dir='ltr'>Van.</span> <span class='ocrx_word' id='word_1_234' title='bbox 1156 3357 1237 3422; x_wconf 69' lang='lat' dir='ltr'>rung.</span> <span class='ocrx_word' id='word_1_235' title='bbox 1253 3359 1319 3406; x_wconf 71' lang='lat' dir='ltr'>blaa.</span> <span class='ocrx_word' id='word_1_236' title='bbox 1331 3360 1405 3407; x_wconf 73' lang='lat' dir='ltr'>Hert.</span> 
     </span>
     <span class='ocr_line' id='line_1_30' title="bbox 345 3428 1160 3501; baseline 0.006 -24"><span class='ocrx_word' id='word_1_237' title='bbox 345 3434 410 3501; x_wconf 46' lang='lat' dir='ltr'>¹gilio</span> <span class='ocrx_word' id='word_1_238' title='bbox 422 3467 431 3492; x_wconf 86' lang='lat'>,</span> <span class='ocrx_word' id='word_1_239' title='bbox 445 3432 536 3493; x_wconf 78' lang='lat' dir='ltr'>Gaorg.</span> <span class='ocrx_word' id='word_1_240' title='bbox 549 3428 593 3477; x_wconf 88' lang='lat' dir='ltr'>lib.</span> <span class='ocrx_word' id='word_1_241' title='bbox 608 3431 651 3488; x_wconf 75' lang='lat' dir='ltr'>tv,</span> <span class='ocrx_word' id='word_1_242' title='bbox 661 3446 687 3477; x_wconf 81' lang='lat' dir='ltr'>v.</span> <span class='ocrx_word' id='word_1_243' title='bbox 704 3431 773 3489; x_wconf 61' lang='lat'>⁴45,</span> <span class='ocrx_word' id='word_1_244' title='bbox 791 3433 859 3482; x_wconf 73' lang='lat' dir='ltr'>Nam</span> <span class='ocrx_word' id='word_1_245' title='bbox 903 3442 927 3478; x_wconf 85' lang='lat' dir='ltr'>at</span> <span class='ocrx_word' id='word_1_246' title='bbox 937 3432 991 3480; x_wconf 83' lang='lat' dir='ltr'>Car.</span> <span class='ocrx_word' id='word_1_247' title='bbox 1003 3431 1088 3495; x_wconf 81' lang='lat' dir='ltr'>Stepb.</span> <span class='ocrx_word' id='word_1_248' title='bbox 1103 3433 1160 3483; x_wconf 81' lang='lat' dir='ltr'>edd.</span> 
     </span>
     <span class='ocr_line' id='line_1_31' title="bbox 350 3509 1403 3580; baseline 0 -17"><span class='ocrx_word' id='word_1_249' title='bbox 350 3513 444 3580; x_wconf 75' lang='lat' dir='ltr'>quista,</span> <span class='ocrx_word' id='word_1_250' title='bbox 454 3526 501 3576; x_wconf 87' lang='lat' dir='ltr'>pro</span> <span class='ocrx_word' id='word_1_251' title='bbox 509 3510 661 3573; x_wconf 78' lang='lat' dir='ltr'>quianama</span> <span class='ocrx_word' id='word_1_252' title='bbox 672 3509 860 3575; x_wconf 79' lang='lat' dir='ltr'>Sadbicpotaat</span> <span class='ocrx_word' id='word_1_253' title='bbox 937 3511 964 3568; x_wconf 67' lang='grc'>4.</span> <span class='ocrx_word' id='word_1_254' title='bbox 985 3509 1023 3555; x_wconf 73' lang='lat' dir='ltr'>oe</span> <span class='ocrx_word' id='word_1_255' title='bbox 1034 3525 1084 3558; x_wconf 80' lang='lat' dir='ltr'>nno</span> <span class='ocrx_word' id='word_1_256' title='bbox 1099 3527 1194 3576; x_wconf 57' lang='lat' dir='ltr'>prata.</span> <span class='ocrx_word' id='word_1_257' title='bbox 1214 3514 1253 3562; x_wconf 84' lang='lat' dir='ltr'>De</span> <span class='ocrx_word' id='word_1_258' title='bbox 1270 3513 1403 3579; x_wconf 79' lang='lat' dir='ltr'>anpplieiia.</span> 
     </span>
     <span class='ocr_line' id='line_1_32' title="bbox 349 3585 1404 3653; baseline 0.006 -16"><span class='ocrx_word' id='word_1_259' title='bbox 349 3596 422 3644; x_wconf 62' lang='lat' dir='ltr'>arim</span> <span class='ocrx_word' id='word_1_260' title='bbox 443 3588 582 3640; x_wconf 80' lang='lat' dir='ltr'>tramitioni</span> <span class='ocrx_word' id='word_1_261' title='bbox 601 3588 672 3637; x_wconf 82' lang='lat' dir='ltr'>unica</span> <span class='ocrx_word' id='word_1_262' title='bbox 683 3589 816 3652; x_wconf 67' lang='lat' dir='ltr'>inservire,</span> <span class='ocrx_word' id='word_1_263' title='bbox 831 3603 859 3640; x_wconf 86' lang='lat' dir='ltr'>nt</span> <span class='ocrx_word' id='word_1_264' title='bbox 901 3585 950 3635; x_wconf 76' lang='lat' dir='ltr'>aad</span> <span class='ocrx_word' id='word_1_265' title='bbox 968 3586 1088 3651; x_wconf 78' lang='lat' dir='ltr'>videque</span> <span class='ocrx_word' id='word_1_266' title='bbox 1101 3589 1216 3653; x_wconf 84' lang='lat' dir='ltr'>artificio,</span> <span class='ocrx_word' id='word_1_267' title='bbox 1235 3593 1294 3642; x_wconf 83' lang='lat' dir='ltr'>duna</span> <span class='ocrx_word' id='word_1_268' title='bbox 1313 3594 1404 3643; x_wconf 76' lang='lat' dir='ltr'>aurinia</span> 
     </span>
     <span class='ocr_line' id='line_1_33' title="bbox 350 3664 1404 3739; baseline -0.001 -16"><span class='ocrx_word' id='word_1_269' title='bbox 350 3667 623 3739; x_wconf 60' lang='lat' dir='ltr'>aptarim-cosano</span> <span class='ocrx_word' id='word_1_270' title='bbox 632 3666 856 3732; x_wconf 65' lang='lat' dir='ltr'>nunicinaAExCo·</span> <span class='ocrx_word' id='word_1_271' title='bbox 901 3664 1006 3713; x_wconf 70' lang='lat' dir='ltr'>noenu</span> <span class='ocrx_word' id='word_1_272' title='bbox 1017 3666 1115 3716; x_wconf 76' lang='lat' dir='ltr'>ridetur</span> <span class='ocrx_word' id='word_1_273' title='bbox 1126 3685 1265 3730; x_wconf 79' lang='lat' dir='ltr'>occurrere,</span> <span class='ocrx_word' id='word_1_274' title='bbox 1281 3683 1306 3721; x_wconf 85' lang='lat' dir='ltr'>et</span> <span class='ocrx_word' id='word_1_275' title='bbox 1315 3673 1404 3723; x_wconf 79' lang='lat' dir='ltr'>danae</span> 
     </span>
     <span class='ocr_line' id='line_1_34' title="bbox 349 3745 1404 3815; baseline -0.001 -13"><span class='ocrx_word' id='word_1_276' title='bbox 349 3745 856 3813; x_wconf 66' lang='lat' dir='ltr'>ulltmriaoppidomnnicipioanmano,</span> <span class='ocrx_word' id='word_1_277' title='bbox 900 3747 1404 3815; x_wconf 67' lang='lat' dir='ltr'>tantoeaccntatiouiauatinandeimpateu</span> 
     </span>
     <span class='ocr_line' id='line_1_35' title="bbox 348 3820 1405 3891; baseline 0.002 -12"><span class='ocrx_word' id='word_1_278' title='bbox 348 3830 414 3880; x_wconf 82' lang='lat' dir='ltr'>unda</span> <span class='ocrx_word' id='word_1_279' title='bbox 422 3828 510 3878; x_wconf 72' lang='lat' dir='ltr'>inculte</span> <span class='ocrx_word' id='word_1_280' title='bbox 519 3825 854 3891; x_wconf 65' lang='lat' dir='ltr'>Cotoni.Vigilina‚·Qniqna</span> <span class='ocrx_word' id='word_1_281' title='bbox 899 3820 983 3887; x_wconf 68' lang='lat' dir='ltr'>fingit,</span> <span class='ocrx_word' id='word_1_282' title='bbox 997 3822 1105 3875; x_wconf 61' lang='lat' dir='ltr'>crinitur</span> <span class='ocrx_word' id='word_1_283' title='bbox 1122 3826 1192 3876; x_wconf 77' lang='lat' dir='ltr'>latina</span> <span class='ocrx_word' id='word_1_284' title='bbox 1203 3831 1354 3880; x_wconf 69' lang='lat' dir='ltr'>atrocitatem</span> <span class='ocrx_word' id='word_1_285' title='bbox 1364 3831 1405 3880; x_wconf 83' lang='lat' dir='ltr'>ad-</span> 
     </span>
     <span class='ocr_line' id='line_1_36' title="bbox 348 3905 991 3971; baseline -0.009 -14"><span class='ocrx_word' id='word_1_286' title='bbox 348 3910 433 3957; x_wconf 81' lang='lat' dir='ltr'>urbem</span> <span class='ocrx_word' id='word_1_287' title='bbox 446 3909 538 3971; x_wconf 73' lang='lat' dir='ltr'>liquata</span> <span class='ocrx_word' id='word_1_288' title='bbox 556 3907 665 3955; x_wconf 67' lang='lat' dir='ltr'>cmm.</span> <span class='ocrx_word' id='word_1_289' title='bbox 684 3905 740 3953; x_wconf 80' lang='lat' dir='ltr'>Fuit</span> <span class='ocrx_word' id='word_1_290' title='bbox 756 3906 854 3954; x_wconf 80' lang='lat' dir='ltr'>colonia</span> <span class='ocrx_word' id='word_1_291' title='bbox 897 3914 991 3966; x_wconf 71' lang='lat' dir='ltr'>augeat.</span> 
     </span>
     <span class='ocr_line' id='line_1_37' title="bbox 347 3984 1403 4057; baseline -0.002 -24"><span class='ocrx_word' id='word_1_292' title='bbox 347 3984 590 4033; x_wconf 58' lang='lat' dir='ltr'>nomm-vid.</span> <span class='ocrx_word' id='word_1_293' title='bbox 608 3984 672 4032; x_wconf 66' lang='lat' dir='ltr'>le·</span> <span class='ocrx_word' id='word_1_294' title='bbox 684 3986 814 4044; x_wconf 55' lang='lat' dir='ltr'>huc-l,</span> <span class='ocrx_word' id='word_1_295' title='bbox 828 3995 853 4032; x_wconf 71' lang='lat' dir='ltr'>et</span> <span class='ocrx_word' id='word_1_296' title='bbox 934 3993 958 4039; x_wconf 78' lang='grc'>5,</span> <span class='ocrx_word' id='word_1_297' title='bbox 982 3994 1061 4054; x_wconf 68' lang='lat' dir='ltr'>Quum</span> <span class='ocrx_word' id='word_1_298' title='bbox 1069 4008 1149 4057; x_wconf 64' lang='lat' dir='ltr'>prope</span> <span class='ocrx_word' id='word_1_299' title='bbox 1166 4009 1263 4045; x_wconf 54' lang='lat' dir='ltr'>omem</span> <span class='ocrx_word' id='word_1_300' title='bbox 1279 3996 1332 4044; x_wconf 52' lang='grc' dir='ltr'>νὴ</span> <span class='ocrx_word' id='word_1_301' title='bbox 1347 4013 1403 4045; x_wconf 69' lang='lat' dir='ltr'>w,</span> 
     </span>
    </p>
   </div>
   <div class='ocr_carea' id='block_1_5' title="bbox 345 4060 1402 4213">
    <p class='ocr_par' dir='ltr' id='par_1_5' title="bbox 345 4060 1402 4213">
     <span class='ocr_line' id='line_1_38' title="bbox 345 4060 1402 4140; baseline -0.032 19"><span class='ocrx_word' id='word_1_302' title='bbox 345 4063 408 4112; x_wconf 45' lang='grc' dir='ltr'>ΡΜ</span> <span class='ocrx_word' id='word_1_303' title='bbox 418 4063 467 4118; x_wconf 75' lang='lat' dir='ltr'>m&#39;</span> <span class='ocrx_word' id='word_1_304' title='bbox 477 4062 544 4109; x_wconf 60' lang='lat'>⁵⁶-</span> <span class='ocrx_word' id='word_1_305' title='bbox 553 4060 680 4123; x_wconf 42' lang='lat' dir='ltr'>mmm</span> <span class='ocrx_word' id='word_1_306' title='bbox 689 4062 759 4109; x_wconf 56' lang='grc' dir='ltr'>ΗΜ</span> <span class='ocrx_word' id='word_1_307' title='bbox 768 4077 853 4111; x_wconf 69' lang='lat'>&#39;⁰⁰⁰⁸</span> <span class='ocrx_word' id='word_1_308' title='bbox 897 4067 988 4117; x_wconf 64' lang='lat' dir='ltr'>bom</span> <span class='ocrx_word' id='word_1_309' title='bbox 994 4071 1055 4132; x_wconf 69' lang='lat' dir='ltr'>Qu.</span> <span class='ocrx_word' id='word_1_310' title='bbox 1061 4070 1092 4119; x_wconf 84' lang='lat' dir='ltr'>ad</span> <span class='ocrx_word' id='word_1_311' title='bbox 1101 4072 1286 4126; x_wconf 70' lang='lat' dir='ltr'>inflammando·</span> <span class='ocrx_word' id='word_1_312' title='bbox 1292 4075 1402 4140; x_wconf 77' lang='lat' dir='ltr'>iudicum</span> 
     </span>
     <span class='ocr_line' id='line_1_39' title="bbox 346 4138 1134 4213; baseline -0.001 -20"><span class='ocrx_word' id='word_1_313' title='bbox 346 4138 519 4209; x_wconf 78' lang='lat' dir='ltr'>explicavimua</span> <span class='ocrx_word' id='word_1_314' title='bbox 533 4152 579 4201; x_wconf 81' lang='lat' dir='ltr'>pro</span> <span class='ocrx_word' id='word_1_315' title='bbox 592 4139 665 4207; x_wconf 69' lang='lat' dir='ltr'>liora.</span> <span class='ocrx_word' id='word_1_316' title='bbox 674 4138 782 4188; x_wconf 65' lang='lat' dir='ltr'>Amnon.</span> <span class='ocrx_word' id='word_1_317' title='bbox 792 4154 815 4189; x_wconf 85' lang='lat' dir='ltr'>c.</span> <span class='ocrx_word' id='word_1_318' title='bbox 826 4142 851 4191; x_wconf 72' lang='grc' dir='ltr'>ὕ.</span> <span class='ocrx_word' id='word_1_319' title='bbox 896 4147 989 4196; x_wconf 81' lang='lat' dir='ltr'>animoa</span> <span class='ocrx_word' id='word_1_320' title='bbox 997 4150 1134 4213; x_wconf 64' lang='lat' dir='ltr'>requiritur,</span> 
     </span>
    </p>
   </div>
   <div class='ocr_carea' id='block_1_6' title="bbox 0 0 1578 4780">
    <p class='ocr_par' dir='ltr' id='par_1_6' title="bbox 0 0 1578 4780">
     <span class='ocr_line' id='line_1_40' title="bbox 0 0 1578 4780; baseline 0 3"><span class='ocrx_word' id='word_1_321' title='bbox 0 0 1578 4780; x_wconf 95' lang='lat' dir='ltr'> </span> 
     </span>
    </p>
   </div>
  </div>
 </body>
</html>
