3016 4774
404 431 685 504 EXCURSUS
718 433 871 502 XVIII.
1102 433 1173 533 595

97 551 258 634 consilio,
275 567 309 615 et
323 573 389 639 qua
403 555 580 636 aenoenda,
597 577 665 620 non
679 554 799 643 quibus
813 552 961 643 quidque
970 555 1078 622 verbis
1090 577 1174 625 esset

27 680 31 719 t
98 675 213 722 actum
226 664 255 722 »2'
269 657 355 722 Huic
373 674 481 723 autem
499 658 584 729 illins
604 660 848 741 objectionisic
865 661 1063 750 respondet:
1081 665 1174 755 «Ego

27 838 29 853 Ι
98 762 137 826 in
156 764 255 828 istum
274 787 448 828 numerum
465 767 708 849 consultorum,
725 766 782 855 qni
803 765 924 831 scilicet
945 758 1020 831 hoc*
1035 791 1172 858 respon·

100 866 239 944 derunt,
264 892 331 933 non
354 869 554 951 adscribam,
577 872 710 959 opinor,
734 871 843 955 illurn,
861 872 920 960 qui
938 888 1004 938 tam
1027 872 1173 960 dissimili

27 983 30 997 '
99 974 229 1038 ratione
242 997 321 1039 usus
336 991 407 1039 est»
428 998 437 1040 τ
454 992 487 1039 et
500 999 577 1040 mox
592 977 724 1066 Aquitlii
741 999 934 1066 responsum
953 978 1101 1063 subjicit,
1117 982 1175 1069 qui

99 1102 175 1143 rem
198 1096 231 1144 et
251 1082 445 1146 sententiam
467 1081 632 1147 interdicti
656 1106 732 1147 cum
757 1083 882 1147 Caecina
903 1085 1008 1149 iacere
1035 1083 1173 1163 dicebat.

100 1186 333 1265 Coniecturam
350 1186 481 1268 adjurat
496 1189 586 1252 locus
602 1189 687 1252 infra
704 1211 712 1253 :
730 1219 743 1244 ιι
753 1188 839 1271 Quia
856 1211 923 1254 non
941 1190 1061 1277 quibus
1077 1191 1175 1280 quid·

101 1314 169 1378 que
187 1292 294 1357 verbis
311 1292 447 1375 dicatur,
463 1296 636 1381 quoeritm3
655 1293 713 1359 sed
731 1317 804 1382 quae
819 1317 870 1359 res
886 1313 1000 1383 agatur
1010 1328 1033 1361 s.
1050 1298 1152 1363 Hor-r.

151 1396 272 1483 Quibus
284 1398 441 1487 qnidqmd
450 1400 567 1474 verbu,
583 1416 644 1467 etc.
650 1401 758 1472 Verba
767 1416 846 1465 sunt
855 1400 991 1488 Aquillii
1003 1425 1012 1466 z
1022 1403 1179 1493 quidquid

102 1518 215 1566 autem
241 1505 403 1592 positum,
425 1526 504 1593 pro,
522 1505 660 1593 quidque
681 1529 693 1569 .·
714 1506 804 1592 quod
828 1506 984 1570 usitatum
1009 1525 1058 1573 est
1080 1509 1176 1575 bonis

27 1670 28 1679 ,
103 1608 334 1695 scriptoribus,
347 1625 384 1672 ut
400 1624 482 1698 stepe
499 1607 741 1685 admonuimus.
757 1611 863 1673 Etiam
880 1610 934 1674 hic
951 1613 1042 1683 locus
1061 1637 1178 1705 magna

34 1732 41 1741 ·
104 1734 143 1776 ex
159 1729 251 1801 parte
266 1714 451 1795 conjectura
470 1713 639 1778 restitutus
658 1728 724 1795 est,
740 1735 807 1777 non
826 1729 933 1778 tamen
950 1717 1020 1783 sine
1030 1736 1178 1786 veterum

105 1819 258 1883 codicum
276 1818 466 1900 adjumento
488 1842 496 1884 t
516 1820 550 1883 in
570 1840 713 1907 quornm
730 1842 800 1883 uno
823 1819 873 1883 bis
896 1822 1054 1910 scriptum
1072 1828 1178 1916 reperi

105 1947 239 2004 rocem,
268 1929 435 1991 concitem.
466 1926 517 1989 Ex
547 1925 610 1990 isto
638 1947 756 2015 genere
787 1941 898 1991 autem
933 1931 1177 2015 consultorum,

107 2052 226 2120 nempe
240 2054 373 2115 eorum,
392 2032 448 2120 qui
463 2030 578 2096 dicunt
590 2032 727 2120 spectari
739 2049 909 2120 oportere,
927 2064 941 2090 ι
954 2033 1075 2121 quibus
1087 2035 1182 2124 quid·

107 2160 174 2224 qne
188 2138 295 2202 verbis
313 2155 423 2203 actum
444 2137 524 2218 sit»,
547 2159 633 2216 non,
659 2159 732 2224 quse
752 2158 804 2200 res
821 2154 946 2226 agatur,
971 2138 1088 2224 idest,
1107 2164 1180 2229 quse

28 2278 31 2287 ι
86 2244 258 2308 ¹voluntas
273 2244 373 2308 inerit
387 2243 667 2324 contrahentium,
686 2242 829 2306 multum
848 2259 898 2307 est
914 2243 979 2308 boc
997 2244 1031 2308 in
1051 2246 1179 2312 Pande·

42 2424 45 2437 ,
109 2349 168 2413 ctis
186 2350 267 2430 juris
285 2351 405 2431 civilis,
424 2348 646 2429 «ridendum,
660 2347 741 2435 quid
760 2364 869 2412 aetum
886 2348 967 2431 sit»,
984 2372 1057 2432 seu,
1076 2381 1089 2408 a
1102 2352 1183 2441 quid

108 2456 235 2545 egerint
246 2456 474 2521 contrahentes
486 2485 517 2537 ι,
531 2453 565 2518 id
577 2469 626 2518 est
635 2452 848 2537 ,videndum,
866 2477 938 2542 quse
951 2457 1051 2522 fuerit
1067 2480 1181 2523 eorum

110 2585 221 2644 mens,
239 2585 312 2651 quae
327 2562 489 2627 voluntas.
503 2562 609 2626 Ltus.

157 2668 310 2734 Omnibus
339 2668 498 2758 qut'dqut'sl
524 2667 626 2733 verbis
659 2685 767 2733 actum
789 2672 1095 2760 pronuntzbtumqne
1121 2676 1180 2756 sit,

111 2773 261 2835 convenit.
274 2771 588 2836 Iurisconsultorum
607 2772 748 2835 formula
765 2787 815 2834 est
827 2786 936 2853 retus3
952 2772 1050 2838 credo
1069 2797 1108 2838 ex
1125 2777 1181 2841 illo

112 2875 215 2963 capite
232 2876 310 2966 legis
330 2899 338 2941 :
357 2907 371 2932 «
381 2876 436 2939 Uti
448 2875 560 2965 lingua
574 2876 804 2966 nuncupassit,
822 2875 866 2939 ita
878 2874 931 2954 jus
948 2892 1018 2940 esto
1028 2909 1052 2943 ι.
1066 2879 1182 2969 Itajus

27 3034 28 3041 ,
112 2994 175 3046 esto
189 2982 407 3072 praetermisit,
421 2981 512 3072 quod
526 3000 634 3048 essent
649 2982 803 3047 omnibus
822 2996 917 3045 nota:
930 3003 1029 3069 quam
1049 2984 1093 3049 ob
1107 3008 1183 3050 eeu·

114 3111 180 3152 sam
198 3089 295 3152 etiam
312 3089 345 3151 in
362 3088 418 3152 lib.
437 3089 452 3151 1
470 3086 511 3152 de
528 3089 678 3171 Oratore,
695 3110 800 3177 quum
815 3086 899 3151 hano
914 3090 1061 3154 eamdem
1077 3090 1182 3181 legem

27 3198 47 3245 ἰ
114 3193 279 3275 recitaret,
294 3193 372 3258 «Uti
393 3194 505 3283 lingua
523 3194 777 3283 nuncupauit»,
800 3194 1018 3280 praetermisit,
1037 3226 1050 3252 a
1065 3197 1110 3260 ita
1129 3199 1183 3280 jus
1203 3204 1225 3233 ³

41 3286 45 3383 ζ
88 3288 91 3293 ’
116 3317 226 3383 esto-3
244 3297 336 3388 quod
357 3299 472 3363 Festus
495 3297 619 3362 addidit
636 3299 670 3362 in
690 3297 792 3363 verbo
813 3314 1006 3387 nuncupata.
1030 3301 1070 3365 In
1093 3302 1183 3369 libris

116 3427 248 3495 quoque
266 3403 307 3468 de
328 3403 468 3494 Legibus
485 3401 559 3467 ride
579 3419 618 3469 nt
633 3405 791 3494 principia
807 3419 935 3468 tantum
956 3418 1059 3493 ponat
1081 3407 1184 3472 inter·

116 3514 193 3578 dum
211 3512 338 3600 legum,
357 3530 437 3597 quas
461 3510 590 3592 recitat,
612 3532 809 3599 quamquam
832 3510 887 3575 bic
906 3527 1033 3600 poterat
1053 3513 1149 3578 etism
1166 3539 1185 3580 e

47 3676 50 3689 .
116 3617 327 3706 sequentibus
339 3615 477 3680 verbum
493 3618 582 3706 sequi
586 3665 595 3699 ,
607 3633 665 3682 sut
673 3619 807 3706 spectari
818 3616 992 3682 commode
1005 3617 1182 3685 subaudiri.

27 3702 50 3737 i
117 3727 154 3789 In
174 3725 265 3790 libris
280 3721 372 3788 Badii
394 3724 566 3789 asteriscus
586 3739 635 3788 est
656 3721 807 3802 additus,
826 3723 971 3788 fortassis
986 3723 1027 3788 ab
1045 3712 1103 3805 eo,'
1126 3727 1182 3813 qni

29 3890 31 3898 .
116 3831 199 3895 hanc
211 3827 484 3896 consuetudinem
498 3828 671 3918 ignoraret.
684 3828 767 3893 Nam
784 3825 874 3915 quod
887 3826 1047 3891 Lambino
1056 3828 1185 3897 ridetur

119 3954 237 3997 nomen
255 3931 398 3996 enantibus
414 3929 491 3994 ferri
510 3952 578 3994 non
592 3952 706 4019 posse,
725 3929 793 4018 ipse
811 3926 933 3991 oblitus
951 3928 1016 3992 boc
1031 3926 1108 3994 dicit
1122 3932 1184 3998 ho·

119 4061 190 4102 rum
207 4036 300 4101 Gellii
314 4037 491 4102 verborum
510 4059 550 4100 ex
568 4036 709 4123 antiquis
731 4030 913 4100 actionibus
930 4055 938 4098 t
956 4064 970 4090 a
982 4033 1085 4099 Manu
1105 4059 1186 4102 oon-

40 4102 54 4209 ‚³
121 4164 223 4207 serere
244 4156 305 4223 est,
324 4141 444 4229 deque
463 4163 498 4206 re
514 4139 713 4228 disceptatur
728 4140 762 4203 in
781 4160 816 4202 re
834 4138 1001 4225 presenti,
1018 4139 1085 4204 sive
1100 4164 1185 4230 ager,

1006 4241 1063 4314 38.
