3200 4768
36 1040 38 1043 ·
138 1098 142 1103 ἡ
223 1021 282 1084 5-8.
293 1028 394 1103 Itaque
412 1028 468 1089 hoc
481 1031 547 1109 ipso
562 1054 750 1115 argumento,
768 1045 889 1125 ali'pque
904 1054 1031 1115 ostendit
1050 1064 1242 1130 Mamertino-

583 428 841 511 sruopsrs.
995 394 999 403 ¹
1177 465 1248 575 ,95Ι

226 537 387 617 videbatur,
400 542 431 603 hi
443 546 530 609 etiam
543 551 679 615 miserant
691 560 743 635 qui
759 581 826 621 eum
838 564 1006 651 laudarent)
1018 587 1111 638 amen
1123 588 1155 643 C.
1169 590 1244 651 Heio

226 649 353 712 quatuor
366 639 446 717 signe
458 641 579 706 abstulit
588 651 793 729 pulcherrima,
804 679 917 722 wmmo
928 670 1059 745 erutae,
1073 695 1246 746 summano

225 729 345 807 bilitate,
355 755 381 807 a,
394 739 564 802 3.Mentitus
576 765 606 803 se
614 747 680 822 ista,
690 764 723 811 ut
733 755 822 815 multa
832 757 888 817 alia
900 764 1002 824 enimse
1013 771 1078 839 (etsi
1090 794 1127 832 ne
1139 778 1244 845 licebat

227 828 344 905 quidem
357 852 410 910 per
424 822 501 913 leges
516 838 552 899 iis
563 842 614 918 qui
627 865 693 905 curn
708 863 853 927 potestate
864 871 915 916 aut
925 860 1065 939 legatione
1079 869 1109 926 in
1123 879 1244 950 provin-

224 923 298 983 ciam
313 942 405 987 essent
417 933 541 1007 profecti
555 940 730 1018 mancipium
745 965 850 1021 emere,
859 951 913 1011 nisi
926 955 956 1012 in
969 957 1064 1020 locum
1078 964 1243 1054 demortui),

221 1137 286 1176 rum
300 1119 492 1185 laudationem
512 1133 611 1191 Verris
624 1135 696 1195 nibil
711 1140 821 1214 ualere,
835 1149 994 1221 prasertim
1004 1170 1094 1231 quum
1108 1163 1243 1247 princeps

220 1213 394 1277 laudationis
405 1222 495 1283 Heius
511 1244 541 1287 se
555 1233 671 1291 aVerre
684 1237 842 1313 expilatum
852 1242 984 1321 fateatur,
997 1264 1027 1308 et
1039 1272 1129 1330 quum
1140 1278 1242 1338 parum

219 1314 398 1375 auctoritatis
412 1319 491 1395 apud
506 1325 537 1381 S.
551 1327 582 1383 P.
595 1331 632 1399 Q.
644 1333 678 1387 lt
692 1330 800 1391 habere
811 1335 953 1415 debeant,
967 1345 1077 1427 quippe
1090 1355 1141 1429 qui
1157 1358 1242 1419 Cice-

218 1426 306 1482 rone,
323 1425 457 1473 senatore
470 1421 572 1495 populi
586 1425 698 1483 romam
714 1426 830 1505 publioe
843 1432 921 1494 haud
936 1439 1076 1518 invitato,
1090 1448 1187 1513 ordini
1199 1476 1242 1515 se

220 1507 336 1565 natorio
350 1507 480 1571 debitum
492 1515 631 1577 honorem
644 1520 832 1595 detraxerint,
846 1545 985 1606 preterea
995 1544 1134 1618 populum
1148 1570 1243 1613 mma-

218 1618 289 1656 uum
303 1620 337 1657 ea
356 1622 387 1661 re
408 1606 600 1683 offenderint,
616 1615 696 1690 quod
710 1637 824 1693 crucem
845 1624 943 1701 illam,
965 1635 1011 1691 eui
1025 1641 1131 1701 Verres
1147 1648 1240 1710 ciuem

216 1712 369 1754 romanum
384 1699 531 1776 affixerat,
544 1706 675 1771 nondum
691 1715 869 1791 reuellerint,
888 1740 973 1798 gart.

258 1795 402 1853 Praeterea
420 1798 497 1857 Heio
511 1805 616 1862 Verres
628 1807 852 1885 peripetasmata
869 1822 995 1884 sualica
1016 1846 1118 1908 rogatu
1133 1856 1186 1898 suo
1202 1845 1239 1904 ad

216 1903 282 1943 eum
292 1888 376 1947 musa
388 1890 466 1955 haud
477 1896 620 1972 reddidit,
635 1902 789 1967 Philarcho
801 1915 1006 1996 Centuripino,
1017 1930 1115 1990 Aristo
1127 1940 1239 1998 Panor-

214 1983 340 2057 mitano,
355 1989 494 2071 Cratippo
507 1995 704 2072 Tyndaritano
720 2003 854 2081 phaleras
871 2016 1067 2091 pulcherrime
1080 2027 1169 2091 faetus
1181 2034 1238 2095 ab·
1269 2122 1271 2126 μ

214 2079 311 2152 stelit,
332 2101 377 2143 aa.
714 2110 716 2115 ’

251 2179 286 2233 ln
304 2176 382 2237 hisce
392 2180 477 2259 furtis
490 2203 580 2262 opera
593 2206 677 2253 nauto
691 2210 754 2255 esse
768 2200 1062 2280 ostenditprilatrum
1076 2219 1236 2299 Tlepolemi

213 2283 243 2327 et
253 2272 403 2348 Hieronis,
420 2279 471 2355 qui
482 2283 579 2341 omnia
595 2285 736 2363 ejusmodi
756 2294 836 2371 signa
847 2311 876 2356 et
892 2320 1059 2368 ornamenta
1077 2313 1235 2399 investiga-

211 2379 289 2443 rent,
304 2370 392 2449 idque
411 2379 545 2455 exemplo
559 2384 703 2461 Pamphili
717 2388 888 2469 Lilybaetani
897 2402 1091 2482 confirmatur,
1116 2414 1166 2487 13,
1181 2430 1232 2490 14:

212 2481 306 2540 oeque
327 2469 405 2526 enim
427 2470 522 2548 ipsum
545 2474 590 2533 his
609 2478 640 2535 io
656 2480 742 2540 rebus
762 2486 886 2564 aliquem
904 2514 1017 2557 sensum
1037 2502 1166 2584 laabaeeJ
1181 2520 1235 2579 etsi

210 2560 355 2622 studiosus
372 2566 408 2624 sit
422 2567 508 2647 hujus
524 2572 760 2653 existimationis,
786 2597 818 2641 ut
837 2601 955 2663 putetur
966 2595 997 2653 in
1018 2599 1053 2657 iis
1072 2603 1233 2688 intelligens

210 2674 290 2729 esse,
315 2660 360 2717 15.

249 2752 369 2828 Lilybaei
390 2757 484 2820 Diocli
505 2764 628 2841 Popillio
649 2770 747 2829 omnia
766 2773 848 2835 abaci
871 2799 955 2856 vasa,
979 2790 1031 2862 163
1058 2799 1099 2856 Μ.
1127 2803 1232 2876 calio,

210 2846 299 2921 equiti
320 2868 441 2911 romano
465 2875 533 2916 vasa
551 2875 703 2939 argentea,
729 2872 852 2930 Cacurio
873 2880 1078 2955 supellectilem
1098 2913 1230 2976 omnem,
1293 2972 1298 2981 Ι

211 2943 248 3012 Q.
260 2945 376 3001 Lutatio
396 2948 527 3009 Diodoro
547 2974 675 3016 mensam
697 2962 832 3035 citream,
850 2975 1008 3049 Apollonio
1028 2987 1228 3066 Drepanitano

208 3056 294 3095 omne
309 3055 456 3115 argentum
472 3049 579 3124 optime
595 3054 718 3129 lactum,
735 3065 843 3137 Lysoni
855 3071 999 3147 Apollinis

207 3134 278 3210 pillo
291 3138 385 3216 Hegio
398 3143 516 3219 scaphia
529 3168 594 3217 cum
614 3153 926 3242 emblematiseripuit,
944 3192 989 3245 17.

114 3232 119 3239 “
246 3236 321 3290 Tum
342 3251 499 3297 narramur
516 3242 629 3321 injuriae
648 3252 779 3313 Diodoro
798 3262 942 3325 Melitensi
961 3288 1116 3351 propterea
1130 3284 1227 3362 factae,

205 3328 284 3403 quod
300 3330 349 3389 ille
362 3336 469 3409 poeula
482 3337 542 3397 duo
557 3342 709 3406 Thericlea
721 3355 862 3416 Mentoris
877 3380 962 3424 mann
978 3371 1052 3431 sacta
1064 3381 1163 3442 Verris
1177 3408 1228 3447 eu-

205 3424 320 3500 piditati
342 3428 540 3510 subtraxerat,
565 3443 683 3521 18,19.
709 3451 761 3506 Cn.
786 3456 897 3516 Calidio
919 3466 1009 3540 equiti
1036 3491 1157 3539 romano
1178 3504 1227 3543 ar-

202 3537 320 3597 genteos
329 3528 485 3605 equuleos,
496 3539 529 3598 L.
538 3540 655 3616 Papirio
668 3542 808 3607 thuribuli
821 3553 962 3618 emblema
975 3565 1102 3645 abstulit,
1112 3576 1225 3657 aliaque

202 3616 342 3692 ejusmodi
365 3624 442 3684 furta
462 3634 616 3707 commisit,
636 3658 691 3711 ao,
715 3661 761 3699 ar.
778 3648 993 3730 Catinensibus,
1009 3666 1222 3748 Centuripinis,

202 3714 444 3793 Agyrinensibus,
460 3725 625 3787 Haluntinis
642 3752 727 3793 omne
748 3754 897 3815 argeutum
912 3752 1060 3828 caelatum,
1084 3775 1113 3819 et
1126 3772 1223 3830 omnia

200 3824 266 3867 vasa
280 3813 431 3874 Corinthia
451 3822 574 3898 eripuit,
597 3840 736 3902 praeterea
755 3834 910 3910 plurimam
926 3861 1034 3909 vestem
1050 3863 1220 3940 stragulam,
1236 3936 1240 3941 ἢ

201 3901 288 3965 lectos
299 3924 434 3981 auratos,
451 3918 625 3979 candelabra
636 3943 714 4003 anea
725 3928 782 3988 sibi
793 3935 895 3993 confici
906 3938 1006 4017 jussit,
1022 3956 1120 4012 an-a6.

1020 3081 1151 3163 signum,
1171 3114 1228 3173 pu-

239 4003 377 4080 Sequitur
389 4011 530 4073 nefarium
550 4017 677 4093 lacinus,
692 4044 752 4101 quo
771 4031 968 4110 Antiochum,
988 4046 1125 4110 eniochi
1145 4065 1220 4140 regis

200 4097 290 4169 Syria
305 4102 408 4181 filium,
423 4128 478 4188 per
492 4113 618 4173 Siciliam
631 4116 684 4176 iter
697 4120 850 4186 facientem
865 4133 939 4193 vasis
952 4143 1150 4223 compluribus
1166 4178 1220 4219 au-

1073 4245 1124 4317 13.
