3054 4772
435 425 707 495 excussus
731 426 849 493 xxv.
1111 424 1184 521 609

122 565 222 615 tatem
239 569 339 611 nemo
354 548 455 634 possit
469 547 588 611 invitus
603 548 781 611 amittere».
809 545 851 609 Et
866 567 926 633 pro
944 545 1062 609 Balbo:
1087 548 1185 612 «Jure

123 673 237 721 nostro
260 677 366 741 neque
389 670 514 718 mutare
537 655 698 718 civitatem
726 653 898 741 quisquam
919 652 1039 717 invitus
1062 671 1185 742 potest,

124 783 251 848 neque,
267 759 294 822 si
306 759 402 840 velit,
418 774 543 822 mutare
556 781 622 823 nou
639 774 777 847 potest».
794 757 837 823 Et
852 755 963 821 eodem
979 781 1092 823 rursus
1105 777 1185 825 orat.

124 897 139 922 ι
150 867 181 930 Ο
194 866 267 945 jura
285 862 453 953 praeclara,
467 880 564 950 etque
580 863 734 928 divinitus
751 864 817 943 jam
834 861 910 927 inde
923 886 942 926 a
955 864 1114 952 principio
1132 889 1188 930 ro·

125 970 214 1034 mani
224 969 365 1034 nominis
377 991 397 1032 a
406 968 581 1049 majoribus
593 970 919 1056 nostriseomparatm
933 991 975 1031 ne
988 970 1060 1058 quis
1068 969 1188 1033 inritus

125 1076 255 1141 civitate
267 1082 422 1158 mutetur,
436 1097 516 1138 neve
534 1075 568 1137 in
583 1074 708 1138 civitate
723 1089 851 1137 maneat
865 1074 1003 1158 inritus,
1021 1073 1089 1139 haec
1102 1075 1190 1139 enim

126 1179 338 1245 fundamenta
356 1179 538 1243 firmissima
554 1195 671 1243 nostrae
685 1178 856 1262 libertatis,
872 1179 922 1242 sui
933 1202 1096 1268 quemque
1110 1180 1191 1260 juris

127 1302 161 1350 et
183 1285 363 1367 retinendi,
386 1300 420 1348 et
440 1283 623 1349 dimittendi
647 1307 717 1349 esse
739 1282 911 1349 dominum
924 1314 948 1349 ν.
971 1286 1012 1349 Et
1034 1284 1134 1350 multo
1156 1286 1191 1348 in

127 1391 215 1456 hanc
233 1389 437 1454 sententiam.
455 1390 556 1453 Hom.

173 1493 296 1556 Erfurt
318 1493 472 1576 rogarier.
492 1490 601 1553 Recte.
619 1491 658 1554 In
674 1490 902 1577 legibusenim
917 1507 1027 1556 amant
1044 1492 1093 1556 uti
1109 1490 1193 1554 unti-

66 1576 71 1585 ’
130 1597 204 1684 quis
218 1594 428 1677 flexionibus,
447 1611 480 1659 et
495 1595 591 1659 etiam
608 1595 743 1659 vocibus
760 1596 922 1662 obsoletis.
935 1597 1043 1663 Gnnv.

179 1700 268 1788 Quid
286 1714 349 1782 est,
370 1699 456 1791 quod
469 1705 581 1788 rogari
582 1700 642 1788 jus
657 1723 721 1763 non
740 1703 790 1765 sit.
810 1702 907 1765 Hunc
928 1703 1036 1767 locum
1058 1703 1105 1766 sic
1124 1723 1193 1766 esse
1245 1741 1248 1751 v

132 1804 389 1886 restituendum,
405 1805 506 1869 vineit
520 1805 602 1869 ratio
620 1828 628 1869 ε
648 1806 784 1869 vincunt
800 1804 870 1887 ille,
889 1829 960 1893 quse
975 1804 1193 1872 antecedunt:

133 1912 186 1976 «si
203 1909 282 1999 quid
295 1911 348 1990 jus
366 1933 434 1975 non
452 1925 535 1991 esset
550 1911 681 2000 rogari»
701 1934 709 1974 ε
726 1911 873 2000 sequitur
888 1910 1060 2001 deinceps,
1075 1944 1088 1969 α
1105 1911 1195 2001 quod

134 2017 275 2105 populus
286 2016 402 2096 jubere
412 2064 423 2098 ,
435 2031 492 2079 aut
500 2032 608 2080 vetare
621 2037 689 2079 non
706 2015 838 2102 posset?
849 2046 863 2073 ι
879 2017 937 2080 ubi
952 2015 1163 2107 repetendum
1178 2039 1196 2080 e

135 2120 300 2209 superiore
322 2119 401 2208 quid
405 2167 415 2201 ,
437 2119 500 2183 hoo
516 2119 616 2184 modo
635 2141 643 2182 :
666 2118 769 2205 «quid
787 2119 877 2207 quod
891 2121 1031 2210 populus
1046 2125 1115 2204 jub.
1141 2147 1198 2194 aut

135 2241 198 2291 ret.
215 2248 283 2289 non
294 2224 444 2313 ,possit-i»
459 2241 531 2307 sut,
545 2224 572 2289 si
586 2224 692 2305 malis,
709 2223 972 2312 exprimendum,
991 2246 1024 2293 et
1039 2253 1199 2319 reponen-

138 2330 239 2413 dum,
258 2330 359 2419 idque
373 2332 455 2395 mihi
471 2331 517 2394 ita
528 2329 665 2394 ridetur.
680 2329 782 2395 Ltus.

185 2436 275 2524 Quid
288 2451 336 2500 est
348 2436 498 2525 quodjus
510 2459 572 2500 non
585 2438 635 2501 sit.
652 2434 741 2499 Nihil
752 2434 855 2517 addo,
865 2453 977 2527 repeto
992 2441 1113 2531 exlege
1128 2468 1201 2510 rer.

139 2542 218 2606 bum
240 2534 357 2629 rogeri¹
370 2556 403 2605 et
426 2540 592 2630 distinguo
617 2541 662 2605 sic
682 2564 691 2604 :
713 2540 830 2625 «Quid
854 2558 917 2624 est,
945 2545 1035 2631 quod
1056 2549 1110 2628 jus
1133 2573 1201 2616 non

139 2648 182 2711 sit
191 2646 205 2708 Ρ
215 2644 305 2733 quod
318 2644 460 2734 populus
471 2646 597 2728 jubere,
604 2661 662 2710 aut
675 2661 782 2710 vetare
797 2669 865 2710 non
882 2648 1007 2735 possit?
1018 2681 1032 2706 ι
1043 2652 1124 2719 nihil
1139 2657 1204 2743 plu·

141 2753 225 2814 nius.
243 2746 279 2817 Ρ.
295 2750 415 2815 Fure.

464 2938 1203 2968 mmmmmmmmmsummm

313 3177 769 3300 EXCURSUS
814 3178 1039 3298 XXVI

228 3412 293 3480 AI)
316 3409 586 3478 ORATIONEM
610 3409 699 3476 PRO
724 3407 921 3492 CAECINA,
945 3407 1040 3476 CAP.
1066 3407 1123 3480 33.

554 3580 794 3606 ..ιο-

192 3723 414 3813 perspicisne
431 3723 514 3788 mtt'l
527 3746 609 3806 erse,
622 3735 658 3787 ut
676 3726 711 3786 in
728 3726 854 3805 caeru,
869 3744 942 3810 quoe
961 3726 1080 3811 rogavi.
1095 3726 1211 3820 Seripti

151 3834 224 3899 libri
236 3856 296 3921 pro
312 3863 326 3888 ι
342 3834 387 3897 Ut
402 3832 436 3895 in
452 3833 604 3914 cerens»,
621 3848 675 3896 aet
691 3853 728 3895 eo
742 3831 849 3912 terris,
869 3854 942 3919 quae
960 3833 1075 3899 intern.
1094 3836 1211 3906 Melior

28 4018 30 4023 y
153 3938 265 4026 uliquis
279 3936 492 4025 quarendus:
506 3953 538 4003 et
549 3938 703 4026 tantisper
711 3936 851 4002 asterisci
866 3953 943 4001 nota
953 3938 988 4001 in
1002 3941 1145 4029 margine
1160 3969 1212 4012 re.

155 4041 337 4130 linquendo.
352 4044 454 4109 Horr.
1126 4044 1134 4057 ’

200 4147 242 4212 Ut
258 4151 292 4213 in
310 4151 433 4231 ceteris,
448 4173 521 4238 quoe
540 4155 673 4237 rogavit.
694 4149 845 4238 Rogavit,
863 4170 980 4238 nempe
998 4150 1085 4215 Sulla
1103 4176 1111 4216 ε
1134 4157 1215 4221 nihil

252 4257 298 4323 ll.
330 4272 375 4317 cte.
382 4276 553 4333 perterrendo.
1054 4256 1100 4352 39
