3186 4772
389 418 447 487 IN
471 416 698 485 VERREM
721 417 831 486 ACT.
851 418 909 501 ΙΙ,
935 416 1028 486 LIB.
1048 420 1112 489 IV.
1214 446 1279 519 271

268 539 385 610 Nemo
408 539 590 636 Agrigenti
617 562 737 635 neque
764 551 866 608 aetate
894 551 966 608 tam
993 535 1139 628 aflecta,
1162 567 1283 641 neque

220 646 358 718 viribus
385 662 458 718 tam
486 644 637 718 infirmis
663 645 753 732 fuit,
782 650 846 744 qui
874 671 968 733 nou,
998 647 1057 718 illa
1083 665 1207 739 noete,
1238 679 1282 725 eo

221 760 351 828 nuntio
376 760 548 829 excitatus
567 760 783 844 surrexerit,
802 757 1004 854 telumque,
1028 759 1128 855 quod
1150 765 1282 860 cuique

222 866 296 939 fors
324 864 516 953 offerebat,
540 867 740 964 arripuerit.
773 870 899 962 Itaque
915 866 1026 938 ‘brevi
1052 883 1215 966 tempore
1239 872 1285 944 ad

221 974 344 1048 fanum
364 1002 409 1047 ex
424 974 514 1047 urbe
532 989 608 1046 tota
626 979 865 1047 concurritur.
880 981 978 1047 Hora
993 976 1147 1073 amplius
1161 978 1286 1072 jamin

221 1085 451 1157 demoliendo
483 1088 587 1182 signo
616 1085 786 1182 permulti
820 1083 987 1156 homines
1015 1084 1285 1158 moliebantur:

220 1196 308 1268 illud
328 1200 465 1267 interea
483 1194 580 1265 nulla
599 1193 741 1265 lababat
757 1219 802 1265 ex
821 1209 944 1292 parte3
965 1220 1080 1293 quum
1099 1196 1158 1266 alii
1176 1202 1287 1268 vecti·

220 1305 289 1378 bus
310 1298 482 1403 subjectis
503 1316 724 1376 conarentur
741 1328 988 1390 commovere,
1011 1304 1070 1374 alii
1085 1303 1286 1406 ¹deligatum

220 1415 391 1486 omnibus
421 1413 592 1486 membris
624 1437 752 1510 rapere
782 1414 826 1484 ad
857 1439 895 1486 se
927 1412 1087 1485 funibus.
1125 1418 1287 1513 Repente

219 1520 747 1621 Agrigentiniconcurruntzfit
757 1547 883 1619 magna
894 1522 1062 1621 lapidatio
1078 1551 1086 1592 :
1106 1523 1194 1596 dant
1210 1550 1286 1598 sese

221 1634 258 1702 in
279 1631 400 1728 fugam
415 1633 516 1703 istius
531 1631 690 1729 praeclari
708 1633 934 1729 imperatoris
947 1637 1117 1703 nocturni
1132 1635 1286 1708 milites:

221 1745 296 1816 duo
315 1761 433 1816 tamen
455 1746 567 1842 sigilla
584 1746 799 1844 perparvula
816 1746 966 1835 tollunt,
984 1772 1029 1818 ne
1046 1750 1196 1820 omnino
1214 1752 1286 1822 ina·

221 1880 286 1926 nes
318 1855 361 1926 ad
394 1857 503 1926 istum
531 1855 737 1953 praedonem
766 1856 981 1952 religionum
1009 1873 1285 1932 reverterentur.

220 1967 426 2061 Numquam
452 1979 522 2035 tam
548 1965 639 2035 male
662 1980 715 2035 est
735 1968 881 2055 Siculis,
906 1969 995 2064 quin
1020 1968 1155 2065 aliquid
1174 1968 1287 2042 facete

220 2087 256 2143 et
277 2072 468 2145 commode
493 2072 633 2162 dicant,
655 2075 756 2145 velut
779 2075 986 2169 inhaere:
1012 2077 1157 2147 aiebant
1176 2080 1214 2147 iu
1235 2078 1286 2149 la·

218 2181 326 2254 hores
357 2183 519 2255 Herculis
536 2181 566 2227 ¹³
600 2210 677 2255 non
710 2184 831 2255 minus
862 2183 961 2255 hunc
989 2187 1286 2258 immanissimum

223 2297 389 2380 Verrem,
416 2318 527 2390 quam
554 2294 657 2364 illum
684 2317 814 2391 aprum
841 2294 1135 2391 Erymanthium,
1160 2295 1287 2368 referri

220 2417 400 2499 oportere.

266 2518 388 2585 XLIV.
405 2517 506 2585 Hanc
522 2514 693 2585 virtutem
710 2515 1027 2611 Agrigentinorum
1045 2515 1174 2586 imitati
1201 2533 1286 2589 sunt

219 2624 379 2694 Assorini
394 2637 538 2722 postea,
555 2623 621 2693 viri
637 2623 747 2695 fortes
761 2639 797 2695 et
811 2622 955 2710 fideles,
974 2623 1036 2694 sed
1055 2649 1285 2723 nequaquam

222 2756 265 2801 ex
285 2748 356 2804 tam
381 2734 518 2833 ampla,
538 2759 659 2831 neque
676 2749 748 2805 tam
767 2759 812 2805 ex
830 2732 945 2804 nobili
961 2735 1112 2806 civitate.
1132 2736 1286 2832 Chrysas
1341 2750 1344 2758 '

221 2854 276 2910 est
291 2845 424 2929 amnis,
445 2845 509 2941 qui
527 2868 592 2942 per
612 2847 866 2916 Assorinorum
890 2868 993 2939 agros
1015 2842 1112 2931 fluit;
1133 2849 1163 2915 is
1187 2848 1285 2945 apud
1326 2871 1329 2879 ’

221 2950 302 3023 Illos
323 2951 477 3024 hahetur
494 2953 583 3026 deus
594 2965 621 3043 ¹,
639 2970 676 3027 et
690 2955 864 3052 religione
881 2955 1036 3024 maxima
1053 2950 1193 3026 colitur.
1218 2964 1284 3029 Fa·

234 3183 236 3187 *
259 3192 301 3240 13.
316 3192 420 3239 Labores
430 3192 545 3242 Herculis.
556 3193 648 3258 Saepius
659 3195 730 3254 jocos
773 3195 889 3258 saeprimi
902 3206 927 3244 et
935 3194 1045 3260 Egyptii
1058 3195 1138 3244 cultus
1148 3195 1205 3246 illos
1216 3197 1285 3248 insti·

220 3273 380 3320 Siciliensium
400 3272 482 3320 retulit
503 3275 604 3333 Verres,
621 3285 645 3322 et
666 3289 730 3320 non·
773 3286 859 3331 tuere,
882 3285 966 3339 postea
987 3273 1020 3323 ad
1039 3290 1129 3338 groseas
1149 3276 1283 3343 latinasque

220 3366 351 3415 numquam
365 3351 477 3399 insulsos.
491 3350 535 3398 Ille
548 3367 606 3399 vero
618 3363 654 3399 ost
664 3353 731 3415 opti·
773 3356 941 3402 clvitatesmos
952 3355 993 3401 ille
1001 3353 1110 3402 defluxit.
1118 3355 1225 3403 Primum
1233 3375 1284 3406 ma·

219 3447 285 3488 mus,
302 3441 326 3478 et
336 3431 417 3478 animo
430 3429 511 3494 placet
520 3428 628 3477 mirifice.
636 3431 729 3479 Notum
773 3449 799 3480 re
812 3433 918 3481 venerati
929 3443 997 3492 suut,
1009 3449 1096 3495 magna
1105 3432 1193 3481 deiude
1201 3436 1282 3483 flumi-

219 3509 278 3572 quid
287 3511 317 3557 sit
327 3526 385 3574 aper
393 3508 575 3573 Erymanthius,
582 3509 613 3556 ab
623 3507 728 3557 Hercule
773 3512 847 3571 ιιι,ιά
856 3513 947 3560 rivulos
954 3513 1125 3576 quoquebrevi
1135 3524 1232 3559 ventum
1240 3524 1285 3571 est,

220 3602 364 3653 oppressum
377 3588 442 3635 ludit
453 3588 478 3634 in
489 3586 538 3635 hoc
552 3599 650 3651 orator,
667 3588 729 3636 Ver·
772 3607 836 3653 qnos
856 3591 982 3638 numinum
1005 3606 1072 3637 mors
1100 3607 1281 3639 consecravere.

220 3683 326 3731 remque,
339 3667 426 3726 idest,
440 3683 542 3730 porcum
555 3657 684 3714 immanem
697 3666 728 3713 ab
772 3670 859 3717 Narrat
871 3672 898 3717 F.
913 3670 1016 3717 Ursinus
1026 3684 1051 3715 se
1064 3668 1152 3715 habere
1166 3670 1283 3716 numisma
1338 3718 1346 3724 ,

220 3746 324 3794 Ilereule
334 3746 471 3809 repulsum,
490 3760 542 3791 non
553 3746 680 3793 mitrimum
694 3743 729 3791 la·
772 3745 897 3809 quoddam
911 3757 995 3804 vetus,
1010 3762 1060 3808 quo
1079 3747 1184 3809 Chrysas
1198 3748 1284 3795 inscri-

220 3823 307 3872 horum
319 3827 409 3889 arguit.
773 3825 847 3880 bitur,
856 3839 904 3870 una
913 3822 1283 3887 exparte,alteraveroAssoru‚

254 3906 344 3954 mv.
356 3920 376 3953 r.
386 3905 494 3952 liabetur
503 3903 570 3952 deus.
579 3905 730 3967 Postquam·
775 3919 821 3967 pro
834 3903 927 3950 Asson.
940 3899 1016 3964 Quod
1029 3917 1086 3949 vero
1100 3902 1187 3962 Crysas
1195 3903 1285 3969 absque

220 3995 284 4033 reeta
299 3986 404 4033 veritatis
417 3987 454 4033 via
465 3986 575 4034 homines
592 3982 728 4039 defluxere.
771 3981 917 4047 aspiratione
930 3981 961 4026 sit
978 3978 1109 4042 scriptum,
1127 3981 1229 4044 conjicit
1243 4000 1285 4033 no-

222 4061 321 4111 deorum
340 4080 425 4127 pareus
439 4065 528 4112 utilitas
541 4063 601 4121 fuir,
616 4062 673 4111 indo
690 4064 728 4109 in·
771 4078 827 4109 meu
840 4060 901 4109 illud
913 4059 949 4107 sic
959 4058 1113 4107 scribendum
1122 4061 1217 4124 Crysas.
1228 4065 1287 4113 Fru-

222 4156 320 4190 numera
334 4142 435 4191 deomm
449 4155 555 4191 veterum
564 4143 662 4192 cohors.
673 4144 729 4190 Per·
772 4151 835 4201 stra,
847 4157 902 4190 rum
916 4151 1002 4189 contra
1015 4148 1124 4203 etymon.
