3142 4774
338 486 379 555 re
652 480 699 550 Μ.
725 477 762 549 r.
790 443 1069 553 c1c‘suorus

335 603 544 700 nefarioque
564 626 661 688 esse,
683 599 936 698 reprehendo:
957 601 1099 673 nullum
1117 628 1194 675 esse
1209 604 1313 676 dico⁴
1333 608 1390 677 in·

333 716 465 786 dicium
479 711 657 795 libidinis,
672 710 833 798 sceleris,
845 709 1018 801 audadae,
1034 712 1134 811 quod
1148 740 1224 786 non
1238 719 1276 788 in
1290 719 1392 788 istius

334 832 441 901 unius
458 832 529 899 vita
547 828 749 924 perspicere
768 824 1039 924 possitisEgo⁵
1054 830 1091 898 in
1109 831 1178 900 isto
1194 853 1258 901 roo
1276 831 1391 929 legem

334 942 443 1025 hanc,
457 936 616 1033 judices,
633 935 722 1006 mihi
740 949 878 1022 statue,
892 936 1087 1008 vivendum
1104 939 1152 1008 ita
1165 960 1261 1028 esse,
1279 954 1319 1011 ut
1334 943 1394 1010 isti

335 1075 409 1121 non
435 1044 547 1123 modo
569 1044 670 1118 iactis
692 1044 868 1142 dictisque
894 1045 1083 1134 omnibus,
1106 1046 1170 1120 sed
1196 1053 1303 1121 etiam
1321 1052 1394 1122 oris

334 1158 597 1250 oculorumque
622 1154 681 1225 illa
699 1159 924 1226 contumacia
941 1180 982 1227 ac
1000 1158 1190 1255 superbia,
1211 1185 1320 1256 quam
1341 1163 1394 1229 ui·

334 1267 447 1351 detis,
463 1263 722 1335 ‹lissimillimus
739 1288 830 1349 esse,
847 1289 888 1335 ac
905 1290 1049 1365 semper
1067 1266 1175 1341 fuisse
1188 1269 1320 1341 videar.
1335 1274 1396 1340 Pa-

336 1381 407 1449 tior
426 1399 501 1445 nou
519 1374 690 1459 moleste,
705 1373 864 1469 judices,
881 1399 959 1446 eam
976 1379 1106 1461 vitam,
1127 1402 1208 1474 quae
1230 1379 1315 1450 mihi
1333 1404 1397 1450 sua

337 1500 468 1584 sponte
488 1499 591 1555 antea
608 1482 769 1578 jucunda
792 1482 919 1572 fuerit,
940 1510 1039 1557 nunc
1054 1487 1128 1581 jam
1146 1512 1225 1560 mea
1243 1485 1344 1586 lege⁶
1361 1504 1398 1561 et

339 1594 545 1674 conditione
562 1595 799 1664 necessariam
819 1618 968 1691 quoque
987 1593 1156 1667 futuram.

387 1709 449 1775 111.
468 1708 511 1774 Et
528 1707 565 1772 in
579 1702 650 1774 hoc
666 1702 814 1774 homine
830 1726 924 1800 saepe
938 1729 956 1773 a
972 1728 1031 1775 me
1045 1709 1195 1801 quccrls,
1210 1710 1397 1790 Hortensi,

340 1813 475 1913 quibus
495 1813 707 1895 inimicitiis,
735 1825 796 1882 aut
816 1836 889 1910 qua
911 1813 1040 1908 injuria
1058 1814 1252 1903 adductus,
1274 1817 1319 1886 ad
1340 1841 1398 1887 ac-

340 1920 541 1995 cusandum
564 1918 823 1991 descenderim.
848 1924 954 1992 Mitto
972 1924 1070 2018 jam¹
1096 1926 1272 1996 rationem
1291 1923 1401 1997 officii

340 2036 432 2117 mei,
449 2028 794 2125 necessitudinisque
809 2031 1033 2101 Siculorum:
1051 2031 1096 2104 de
1112 2032 1197 2131 ipsis
1211 2033 1276 2104 tibi
1289 2034 1402 2103 inimi·

341 2142 432 2215 citiis
443 2139 656 2237 respondeo.
669 2143 725 2210 An
737 2152 778 2209 tu
789 2141 966 2233 majores²
982 2142 1071 2214 ullas
1084 2144 1285 2215 inimicitias
1298 2156 1403 2241 potas

343 2276 440 2335 esse,
457 2273 568 2347 quam
586 2250 779 2320 conuarias
797 2249 988 2321 hominum
1007 2255 1222 2340 sententias,
1242 2276 1282 2324 ac
1302 2252 1403 2323 dissi-

343 2357 563 2431 militudines
583 2358 787 2428 studiorum
804 2372 841 2428 et
858 2361 1105 2431 voluntatum?
1122 2358 1244 2432 Fidem
1263 2360 1404 2431 sanetis·

343 2473 468 2539 simam
486 2468 526 2536 in
540 2467 612 2536 vita
627 2468 691 2562 qui
707 2481 828 2562 putat,
849 2483 968 2564 potest
986 2473 1019 2540 ei
1035 2494 1110 2540 non
1129 2470 1294 2541 inimicus
1310 2490 1405 2553 esse,

345 2578 409 2674 qui
422 2588 579 2672 quaestor
591 2575 777 2645 consulem
789 2598 916 2664 suum,
932 2578 1088 2649 consiliis
1101 2581 1296 2650 commissis
1305 2577 1333 2667 ³,
1345 2603 1406 2677 pe·

346 2688 451 2758 cunia
475 2684 624 2770 tradita,
648 2682 758 2755 rebus
780 2685 952 2757 omnihus
975 2686 1137 2773 creditis,
1159 2688 1330 2785 spoliare,
1347 2713 1406 2758 re·

346 2797 526 2893 linquere,
540 2794 716 2892 prodere,
731 2814 941 2890 oppugnare
957 2819 1063 2866 ausus
1079 2796 1145 2864 sit?
1157 2794 1358 2866 Pudorem⁴
1372 2809 1409 2866 et

349 2903 556 3002 pudicitiam
577 2904 642 2998 qui
659 2902 766 2986 colit,
786 2915 904 2998 potest
928 2905 1051 2973 animo
1073 2926 1176 2999 aequo
1194 2906 1297 2975 istius
1314 2929 1406 3001 qno·

348 3012 482 3083 tidiana
502 3008 695 3095 adulteria,
715 3010 954 3081 meretriciam
974 3011 1215 3109 disciplinam,
1235 3010 1409 3084 domesti-

386 3237 411 3284 4.
424 3225 484 3274 Dios
497 3227 523 3272 in
537 3223 577 3271 sd.
595 3224 659 3279 1483
675 3233 699 3272 et
715 3224 742 3273 in
758 3225 856 3276 urent.
901 3232 955 3277 vett
965 3228 1097 3279 rddnetsm
1113 3226 1411 3294 inimicitiamirsspou·

352 3321 381 3353 se
393 3306 500 3367 Nauger.
512 3301 588 3350 abest.
834 3298 836 3301 ’
902 3306 944 3356 det
953 3308 1038 3357 Cicero
1047 3308 1244 3371 prirn03nullsrn
1255 3310 1320 3356 inter
1330 3309 1411 3357 bonos

389 3384 412 3431 5.
432 3364 529 3428 Erunt)
534 3379 690 3428 scribendum
698 3391 781 3444 putat,
791 3384 858 3449 Ergo
901 3400 931 3432 so
944 3385 1022 3433 melos
1035 3385 1221 3433 consensionem
1234 3397 1328 3435 enters
1339 3403 1412 3450 posse

353 3461 378 3507 in
391 3459 431 3508 ist.
446 3475 466 3507 r.
479 3458 591 3506 libmrios
604 3464 668 3506 retus
685 3459 780 3507 initium
798 3478 861 3527 prte-
903 3462 1070 3521 ostendendos
1089 3460 1147 3510 dein
1157 3465 1240 3512 Verris
1251 3463 1414 3529 fingitisenu·

353 3539 460 3588 sedentis
467 3537 564 3603 periodi
570 3538 620 3585 huc
629 3537 716 3586 iterum
726 3554 859 3591 revocasse.
904 3540 1031 3600 merendo,
1052 3557 1108 3604 quse
1122 3543 1187 3603 justa
1210 3536 1334 3593 (decretis
1354 3544 1412 3592 odls

352 3622 418 3668 LV.
434 3619 461 3665 Is
906 3620 1141 3669 mulmeexeusrut.

389 3699 414 3746 e.
433 3696 490 3743 Heu
505 3694 568 3759 Iege.
590 3696 671 3757 Quem
695 3697 804 3746 mihimet
815 3698 863 3764 ipsi
944 3698 968 3746 3.
987 3696 1130 3750 Commissis.
1145 3701 1208 3750 Cum
1222 3700 1267 3749 ille
1280 3703 1415 3750 mnni-

356 3790 407 3825 mes
419 3774 545 3824 solennis
562 3774 635 3822 sutri
652 3786 725 3838 etque
743 3777 829 3824 indixi.
906 3776 981 3835 ostis,
995 3779 1048 3838 ejus
1060 3777 1119 3829 fidei
1132 3780 1273 3828 commissis.

389 3856 434 3903 111.
461 3870 484 3902 r.
501 3850 574 3901 nero
585 3852 651 3918 jain.
672 3855 736 3916 Quis
746 3855 805 3903 ntis
823 3871 864 3904 sn·
943 3864 967 3912 4.
988 3856 1116 3907 Pudorem.
1127 3860 1175 3908 Hic
1188 3858 1220 3906 ed
1231 3860 1338 3907 ssimum
1349 3874 1357 3916 ;
1367 3875 1416 3923 pu·

355 3946 447 3998 perque
461 3930 492 3980 ds
503 3930 542 3979 his
555 3931 581 3979 in
591 3932 673 3980 Dirin.
687 3948 698 3978 1
714 3933 786 3982 dixit.
906 3934 992 3985 deins
1005 3937 1037 3984 sd
1050 3953 1139 4001 corpus
1152 3939 1417 3986 refertum—Merseri-

391 4026 415 4058 n.
427 4014 468 4057 An
486 4021 513 4058 tu
531 4006 644 4076 majores.
655 4010 786 4071 Objscerst
800 4013 864 4062 Hor·
907 4013 972 4062 ciam
984 4015 1144 4080 disciplinans.
1155 4015 1279 4081 Erunple
1288 4015 1418 4079 impudici-

355 4089 446 4136 teuslns
457 4086 653 4152 indignumne,
664 4088 807 4139 Ciceronem
817 4102 863 4141 tstn
909 4094 948 4141 tiae
962 4110 1017 4159 que
1037 4112 1051 4143 ι
1073 4096 1239 4145 meretricibus
1257 4095 1337 4144 solent
1355 4095 1415 4143 desi.

355 4167 442 4217 sssioer
457 4167 484 4217 in
495 4169 597 4216 Verrem
617 4166 712 4229 invehi,
732 4169 798 4220 nulls
814 4173 865 4237 pri·
909 4200 943 4210 -
954 4173 1092 4223 Domestica
1111 4174 1243 4224 lenocinia.
1264 4174 1417 4222 Domesticos
