<?xml version="1.0" encoding="UTF-8"?>
<!DOCTYPE html PUBLIC "-//W3C//DTD XHTML 1.0 Transitional//EN"
    "http://www.w3.org/TR/xhtml1/DTD/xhtml1-transitional.dtd">
<html xmlns="http://www.w3.org/1999/xhtml" xml:lang="en" lang="en">
 <head>
  <title>
</title>
<meta http-equiv="Content-Type" content="text/html;charset=utf-8" />
  <meta name='ocr-system' content='tesseract 3.04.00' />
  <meta name='ocr-capabilities' content='ocr_page ocr_carea ocr_par ocr_line ocrx_word'/>
</head>
<body>
  <div class='ocr_page' id='page_1' title='image "./mtciceronisquae00bouigoog_0148.png"; bbox 0 0 3176 4770; ppageno 0'>
   <div class='ocr_carea' id='block_1_1' title="bbox 364 377 1259 470">
    <p class='ocr_par' dir='ltr' id='par_1_1' title="bbox 364 377 1259 470">
     <span class='ocr_line' id='line_1_1' title="bbox 364 377 1259 470; baseline -0.006 -19"><span class='ocrx_word' id='word_1_1' title='bbox 364 382 418 453; x_wconf 82' lang='lat' dir='ltr'><strong>ttt</strong></span> <span class='ocrx_word' id='word_1_2' title='bbox 446 381 664 451; x_wconf 83' lang='lat' dir='ltr'><strong>vsnnun</strong></span> <span class='ocrx_word' id='word_1_3' title='bbox 689 380 797 450; x_wconf 78' lang='lat' dir='ltr'><strong>lor.</strong></span> <span class='ocrx_word' id='word_1_4' title='bbox 820 382 880 470; x_wconf 87' lang='lat'><strong>11,</strong></span> <span class='ocrx_word' id='word_1_5' title='bbox 905 381 1001 451; x_wconf 82' lang='lat' dir='ltr'><strong>ma.</strong></span> <span class='ocrx_word' id='word_1_6' title='bbox 1019 381 1088 448; x_wconf 90' lang='lat'>111.</span> <span class='ocrx_word' id='word_1_7' title='bbox 1193 377 1259 448; x_wconf 80' lang='lat'><strong>133</strong></span> 
     </span>
    </p>
   </div>
   <div class='ocr_carea' id='block_1_2' title="bbox 192 501 1267 2337">
    <p class='ocr_par' dir='ltr' id='par_1_2' title="bbox 192 501 1267 2337">
     <span class='ocr_line' id='line_1_2' title="bbox 195 501 1261 604; baseline -0.003 -29"><span class='ocrx_word' id='word_1_8' title='bbox 195 507 351 578; x_wconf 80' lang='lat' dir='ltr'><strong>vidimus</strong></span> <span class='ocrx_word' id='word_1_9' title='bbox 371 505 495 604; x_wconf 79' lang='lat' dir='ltr'>paucis</span> <span class='ocrx_word' id='word_1_10' title='bbox 522 517 606 603; x_wconf 91' lang='lat' dir='ltr'><strong>post</strong></span> <span class='ocrx_word' id='word_1_11' title='bbox 631 501 816 574; x_wconf 88' lang='lat' dir='ltr'><strong>mensibus</strong></span> <span class='ocrx_word' id='word_1_12' title='bbox 834 516 872 574; x_wconf 90' lang='lat' dir='ltr'><strong>et</strong></span> <span class='ocrx_word' id='word_1_13' title='bbox 891 505 1088 573; x_wconf 80' lang='lat' dir='ltr'><strong>exercitum</strong></span> <span class='ocrx_word' id='word_1_14' title='bbox 1114 515 1150 571; x_wconf 90' lang='lat' dir='ltr'><strong>et</strong></span> <span class='ocrx_word' id='word_1_15' title='bbox 1174 524 1261 572; x_wconf 89' lang='lat' dir='ltr'><strong>con·</strong></span> 
     </span>
     <span class='ocr_line' id='line_1_3' title="bbox 195 609 1260 714; baseline -0.003 -28"><span class='ocrx_word' id='word_1_16' title='bbox 195 614 310 687; x_wconf 87' lang='lat' dir='ltr'><strong>sulem</strong></span> <span class='ocrx_word' id='word_1_17' title='bbox 329 614 534 714; x_wconf 87' lang='lat' dir='ltr'><strong>spoliatum.</strong></span> <span class='ocrx_word' id='word_1_18' title='bbox 556 611 620 684; x_wconf 83' lang='lat' dir='ltr'><strong>Illa</strong></span> <span class='ocrx_word' id='word_1_19' title='bbox 638 613 757 683; x_wconf 91' lang='lat' dir='ltr'><strong>omnis</strong></span> <span class='ocrx_word' id='word_1_20' title='bbox 777 613 933 709; x_wconf 88' lang='lat' dir='ltr'><strong>pecunia</strong></span> <span class='ocrx_word' id='word_1_21' title='bbox 951 611 1055 682; x_wconf 87' lang='lat' dir='ltr'><strong>latuit</strong></span> <span class='ocrx_word' id='word_1_22' title='bbox 1068 615 1106 681; x_wconf 89' lang='lat' dir='ltr'><strong>in</strong></span> <span class='ocrx_word' id='word_1_23' title='bbox 1124 609 1185 682; x_wconf 88' lang='lat' dir='ltr'><strong>illa</strong></span> <span class='ocrx_word' id='word_1_24' title='bbox 1202 635 1260 683; x_wconf 89' lang='lat' dir='ltr'><strong>ca-</strong></span> 
     </span>
     <span class='ocr_line' id='line_1_4' title="bbox 196 718 1267 820; baseline 0 -28"><span class='ocrx_word' id='word_1_25' title='bbox 196 721 325 820; x_wconf 83' lang='lat' dir='ltr'><strong>ligine⁷</strong></span> <span class='ocrx_word' id='word_1_26' title='bbox 343 747 385 795; x_wconf 88' lang='lat' dir='ltr'><strong>ac</strong></span> <span class='ocrx_word' id='word_1_27' title='bbox 395 720 580 809; x_wconf 86' lang='lat' dir='ltr'><strong>tenebris,</strong></span> <span class='ocrx_word' id='word_1_28' title='bbox 601 746 682 818; x_wconf 86' lang='lat' dir='ltr'><strong>quae</strong></span> <span class='ocrx_word' id='word_1_29' title='bbox 700 734 812 793; x_wconf 89' lang='lat' dir='ltr'><strong>totam</strong></span> <span class='ocrx_word' id='word_1_30' title='bbox 828 718 1089 819; x_wconf 84' lang='lat' dir='ltr'><strong>rempublicam</strong></span> <span class='ocrx_word' id='word_1_31' title='bbox 1108 734 1184 791; x_wconf 86' lang='lat' dir='ltr'><strong>tom</strong></span> <span class='ocrx_word' id='word_1_32' title='bbox 1204 746 1267 792; x_wconf 82' lang='lat' dir='ltr'><strong>oc·¹</strong></span> 
     </span>
     <span class='ocr_line' id='line_1_5' title="bbox 195 824 1261 933; baseline -0.002 -30"><span class='ocrx_word' id='word_1_33' title='bbox 195 851 422 933; x_wconf 85' lang='lat' dir='ltr'><strong>cupaverant.</strong></span> <span class='ocrx_word' id='word_1_34' title='bbox 445 838 581 905; x_wconf 88' lang='lat' dir='ltr'><strong>Iterum</strong></span> <span class='ocrx_word' id='word_1_35' title='bbox 606 833 715 930; x_wconf 82' lang='lat' dir='ltr'><strong>gessit</strong></span> <span class='ocrx_word' id='word_1_36' title='bbox 740 824 1018 903; x_wconf 79' lang='lat' dir='ltr'><strong>hereditariam⁸</strong></span> <span class='ocrx_word' id='word_1_37' title='bbox 1042 844 1261 927; x_wconf 78' lang='lat' dir='ltr'><strong>quaesturam</strong></span> 
     </span>
     <span class='ocr_line' id='line_1_6' title="bbox 195 939 1262 1044; baseline 0.001 -32"><span class='ocrx_word' id='word_1_38' title='bbox 195 966 279 1013; x_wconf 89' lang='lat' dir='ltr'><strong>cum</strong></span> <span class='ocrx_word' id='word_1_39' title='bbox 302 941 507 1029; x_wconf 89' lang='lat' dir='ltr'><strong>Dolabella;</strong></span> <span class='ocrx_word' id='word_1_40' title='bbox 531 966 698 1040; x_wconf 83' lang='lat' dir='ltr'><strong>magnam</strong></span> <span class='ocrx_word' id='word_1_41' title='bbox 715 945 913 1040; x_wconf 85' lang='lat' dir='ltr'><strong>pecuniam</strong></span> <span class='ocrx_word' id='word_1_42' title='bbox 928 941 1077 1011; x_wconf 87' lang='lat' dir='ltr'><strong>avertit:</strong></span> <span class='ocrx_word' id='word_1_43' title='bbox 1103 939 1165 1044; x_wconf 79' lang='lat' dir='ltr'><strong>sed</strong></span> <span class='ocrx_word' id='word_1_44' title='bbox 1185 940 1262 1035; x_wconf 83' lang='lat' dir='ltr'><strong>ejus</strong></span> 
     </span>
     <span class='ocr_line' id='line_1_7' title="bbox 194 1048 1259 1149; baseline -0.002 -28"><span class='ocrx_word' id='word_1_45' title='bbox 194 1053 371 1124; x_wconf 87' lang='lat' dir='ltr'><strong>rationem</strong></span> <span class='ocrx_word' id='word_1_46' title='bbox 400 1077 483 1124; x_wconf 90' lang='lat' dir='ltr'><strong>cum</strong></span> <span class='ocrx_word' id='word_1_47' title='bbox 521 1048 751 1123; x_wconf 80' lang='lat' dir='ltr'><strong>damnatione</strong></span> <span class='ocrx_word' id='word_1_48' title='bbox 786 1049 982 1123; x_wconf 80' lang='lat' dir='ltr'><strong>Dolabellae</strong></span> <span class='ocrx_word' id='word_1_49' title='bbox 1011 1053 1259 1149; x_wconf 72' lang='lat' dir='ltr'><strong>permiserim.</strong></span> 
     </span>
     <span class='ocr_line' id='line_1_8' title="bbox 194 1164 1263 1261; baseline -0.005 -24"><span class='ocrx_word' id='word_1_50' title='bbox 194 1164 436 1237; x_wconf 63' lang='lat' dir='ltr'><strong>commissam</strong></span> <span class='ocrx_word' id='word_1_51' title='bbox 455 1177 510 1234; x_wconf 89' lang='lat' dir='ltr'><strong>est</strong></span> <span class='ocrx_word' id='word_1_52' title='bbox 524 1164 677 1261; x_wconf 86' lang='lat' dir='ltr'><strong>pecunia</strong></span> <span class='ocrx_word' id='word_1_53' title='bbox 691 1176 791 1235; x_wconf 84' lang='lat' dir='ltr'><strong>tanta</strong></span> <span class='ocrx_word' id='word_1_54' title='bbox 805 1166 970 1260; x_wconf 85' lang='lat' dir='ltr'><strong>praetori:</strong></span> <span class='ocrx_word' id='word_1_55' title='bbox 986 1187 1062 1232; x_wconf 91' lang='lat' dir='ltr'><strong>non</strong></span> <span class='ocrx_word' id='word_1_56' title='bbox 1075 1165 1263 1259; x_wconf 86' lang='lat' dir='ltr'><strong>reperietis</strong></span> 
     </span>
     <span class='ocr_line' id='line_1_9' title="bbox 193 1269 1261 1370; baseline 0.002 -29"><span class='ocrx_word' id='word_1_57' title='bbox 193 1269 380 1344; x_wconf 88' lang='lat' dir='ltr'><strong>hominem</strong></span> <span class='ocrx_word' id='word_1_58' title='bbox 396 1273 522 1346; x_wconf 82' lang='lat' dir='ltr'><strong>timide</strong></span> <span class='ocrx_word' id='word_1_59' title='bbox 543 1299 611 1345; x_wconf 86' lang='lat' dir='ltr'><strong>nec</strong></span> <span class='ocrx_word' id='word_1_60' title='bbox 634 1275 758 1345; x_wconf 83' lang='lat' dir='ltr'><strong>leviter</strong></span> <span class='ocrx_word' id='word_1_61' title='bbox 776 1274 851 1344; x_wconf 86' lang='lat' dir='ltr'><strong>haec</strong></span> <span class='ocrx_word' id='word_1_62' title='bbox 873 1272 1140 1370; x_wconf 85' lang='lat' dir='ltr'><strong>improbissima</strong></span> <span class='ocrx_word' id='word_1_63' title='bbox 1161 1271 1261 1343; x_wconf 88' lang='lat' dir='ltr'><strong>lucra</strong></span> 
     </span>
     <span class='ocr_line' id='line_1_10' title="bbox 194 1379 1261 1481; baseline 0.003 -32"><span class='ocrx_word' id='word_1_64' title='bbox 194 1379 487 1478; x_wconf 75' lang='lat' dir='ltr'><strong>ligurientem¹13</strong></span> <span class='ocrx_word' id='word_1_65' title='bbox 504 1382 677 1454; x_wconf 85' lang='lat' dir='ltr'><strong>devorare</strong></span> <span class='ocrx_word' id='word_1_66' title='bbox 699 1407 844 1455; x_wconf 88' lang='lat' dir='ltr'><strong>omnem</strong></span> <span class='ocrx_word' id='word_1_67' title='bbox 872 1385 1061 1481; x_wconf 87' lang='lat' dir='ltr'><strong>pecuniam</strong></span> <span class='ocrx_word' id='word_1_68' title='bbox 1077 1379 1261 1480; x_wconf 85' lang='lat' dir='ltr'><strong>publicam</strong></span> 
     </span>
     <span class='ocr_line' id='line_1_11' title="bbox 194 1490 1263 1589; baseline 0.004 -31"><span class='ocrx_word' id='word_1_69' title='bbox 194 1511 269 1561; x_wconf 89' lang='lat' dir='ltr'><strong>non</strong></span> <span class='ocrx_word' id='word_1_70' title='bbox 292 1490 481 1563; x_wconf 86' lang='lat' dir='ltr'><strong>dubitavit.</strong></span> <span class='ocrx_word' id='word_1_71' title='bbox 500 1497 553 1564; x_wconf 86' lang='lat' dir='ltr'><strong>lta</strong></span> <span class='ocrx_word' id='word_1_72' title='bbox 569 1494 680 1589; x_wconf 85' lang='lat' dir='ltr'><strong>serpit</strong></span> <span class='ocrx_word' id='word_1_73' title='bbox 699 1492 786 1564; x_wconf 90' lang='lat' dir='ltr'><strong>illud</strong></span> <span class='ocrx_word' id='word_1_74' title='bbox 810 1494 956 1564; x_wconf 90' lang='lat' dir='ltr'><strong>insitum</strong></span> <span class='ocrx_word' id='word_1_75' title='bbox 980 1493 1018 1561; x_wconf 93' lang='lat' dir='ltr'><strong>in</strong></span> <span class='ocrx_word' id='word_1_76' title='bbox 1036 1507 1165 1563; x_wconf 86' lang='lat' dir='ltr'><strong>natura</strong></span> <span class='ocrx_word' id='word_1_77' title='bbox 1185 1516 1263 1562; x_wconf 87' lang='lat' dir='ltr'><strong>ma·</strong></span> 
     </span>
     <span class='ocr_line' id='line_1_12' title="bbox 195 1599 1263 1701; baseline 0.007 -31"><span class='ocrx_word' id='word_1_78' title='bbox 195 1599 273 1671; x_wconf 91' lang='lat' dir='ltr'><strong>lum</strong></span> <span class='ocrx_word' id='word_1_79' title='bbox 294 1604 558 1676; x_wconf 89' lang='lat' dir='ltr'><strong>consuetudine</strong></span> <span class='ocrx_word' id='word_1_80' title='bbox 578 1602 752 1701; x_wconf 81' lang='lat' dir='ltr'><strong>peccandi</strong></span> <span class='ocrx_word' id='word_1_81' title='bbox 771 1604 883 1675; x_wconf 88' lang='lat' dir='ltr'><strong>libera</strong></span> <span class='ocrx_word' id='word_1_82' title='bbox 896 1616 938 1689; x_wconf 78' lang='lat'><strong>¹²,</strong></span> <span class='ocrx_word' id='word_1_83' title='bbox 958 1603 1068 1675; x_wconf 87' lang='lat' dir='ltr'><strong>finem</strong></span> <span class='ocrx_word' id='word_1_84' title='bbox 1094 1619 1135 1676; x_wconf 93' lang='lat' dir='ltr'><strong>ut</strong></span> <span class='ocrx_word' id='word_1_85' title='bbox 1151 1604 1263 1677; x_wconf 87' lang='lat' dir='ltr'><strong>auda·</strong></span> 
     </span>
     <span class='ocr_line' id='line_1_13' title="bbox 193 1711 1262 1812; baseline 0.003 -32"><span class='ocrx_word' id='word_1_86' title='bbox 193 1713 257 1782; x_wconf 83' lang='lat' dir='ltr'><strong>ciae</strong></span> <span class='ocrx_word' id='word_1_87' title='bbox 277 1727 436 1787; x_wconf 77' lang='lat' dir='ltr'><strong>statuere</strong></span> <span class='ocrx_word' id='word_1_88' title='bbox 454 1716 530 1812; x_wconf 91' lang='lat' dir='ltr'><strong>ipse</strong></span> <span class='ocrx_word' id='word_1_89' title='bbox 553 1711 623 1785; x_wconf 88' lang='lat' dir='ltr'><strong>sibi</strong></span> <span class='ocrx_word' id='word_1_90' title='bbox 643 1738 717 1783; x_wconf 91' lang='lat' dir='ltr'><strong>non</strong></span> <span class='ocrx_word' id='word_1_91' title='bbox 735 1718 860 1812; x_wconf 84' lang='lat' dir='ltr'><strong>possit.</strong></span> <span class='ocrx_word' id='word_1_92' title='bbox 884 1718 1044 1784; x_wconf 83' lang='lat' dir='ltr'><strong>Tenetur</strong></span> <span class='ocrx_word' id='word_1_93' title='bbox 1067 1714 1176 1811; x_wconf 82' lang='lat' dir='ltr'><strong>igitur</strong></span> <span class='ocrx_word' id='word_1_94' title='bbox 1198 1715 1262 1785; x_wconf 86' lang='lat' dir='ltr'><strong>ali-</strong></span> 
     </span>
     <span class='ocr_line' id='line_1_14' title="bbox 194 1822 1264 1919; baseline 0.003 -26"><span class='ocrx_word' id='word_1_95' title='bbox 194 1822 363 1919; x_wconf 87' lang='lat' dir='ltr'><strong>quando,</strong></span> <span class='ocrx_word' id='word_1_96' title='bbox 386 1838 422 1895; x_wconf 92' lang='lat' dir='ltr'><strong>et</strong></span> <span class='ocrx_word' id='word_1_97' title='bbox 448 1826 486 1894; x_wconf 88' lang='lat' dir='ltr'><strong>iu</strong></span> <span class='ocrx_word' id='word_1_98' title='bbox 515 1822 626 1894; x_wconf 86' lang='lat' dir='ltr'><strong>rebus</strong></span> <span class='ocrx_word' id='word_1_99' title='bbox 650 1838 729 1894; x_wconf 91' lang='lat' dir='ltr'><strong>tum</strong></span> <span class='ocrx_word' id='word_1_100' title='bbox 755 1825 938 1911; x_wconf 85' lang='lat' dir='ltr'><strong>maximis,</strong></span> <span class='ocrx_word' id='word_1_101' title='bbox 966 1838 1044 1894; x_wconf 89' lang='lat' dir='ltr'><strong>tum</strong></span> <span class='ocrx_word' id='word_1_102' title='bbox 1068 1822 1264 1897; x_wconf 84' lang='lat' dir='ltr'><strong>manifestis</strong></span> 
     </span>
     <span class='ocr_line' id='line_1_15' title="bbox 193 1930 1262 2030; baseline 0.005 -29"><span class='ocrx_word' id='word_1_103' title='bbox 193 1944 348 2003; x_wconf 87' lang='lat' dir='ltr'><strong>tenetur.</strong></span> <span class='ocrx_word' id='word_1_104' title='bbox 368 1936 487 2030; x_wconf 80' lang='lat' dir='ltr'><strong>Atque</strong></span> <span class='ocrx_word' id='word_1_105' title='bbox 501 1934 539 2029; x_wconf 85' lang='lat' dir='ltr'><strong>in</strong></span> <span class='ocrx_word' id='word_1_106' title='bbox 554 1957 632 2006; x_wconf 87' lang='lat' dir='ltr'><strong>eam</strong></span> <span class='ocrx_word' id='word_1_107' title='bbox 648 1930 817 2005; x_wconf 83' lang='lat' dir='ltr'><strong>fraudem</strong></span> <span class='ocrx_word' id='word_1_108' title='bbox 827 1934 917 2005; x_wconf 87' lang='lat' dir='ltr'><strong>mihi</strong></span> <span class='ocrx_word' id='word_1_109' title='bbox 933 1933 1077 2006; x_wconf 84' lang='lat' dir='ltr'><strong>videtur</strong></span> <span class='ocrx_word' id='word_1_110' title='bbox 1089 1934 1262 2006; x_wconf 87' lang='lat' dir='ltr'><strong>divinitus</strong></span> 
     </span>
     <span class='ocr_line' id='line_1_16' title="bbox 193 2040 1262 2143; baseline 0.004 -33"><span class='ocrx_word' id='word_1_111' title='bbox 193 2040 383 2131; x_wconf 87' lang='lat' dir='ltr'><strong>incidisse,</strong></span> <span class='ocrx_word' id='word_1_112' title='bbox 406 2067 483 2115; x_wconf 91' lang='lat' dir='ltr'><strong>non</strong></span> <span class='ocrx_word' id='word_1_113' title='bbox 510 2044 630 2114; x_wconf 90' lang='lat' dir='ltr'><strong>solum</strong></span> <span class='ocrx_word' id='word_1_114' title='bbox 655 2058 696 2114; x_wconf 90' lang='lat' dir='ltr'><strong>ut</strong></span> <span class='ocrx_word' id='word_1_115' title='bbox 719 2069 786 2114; x_wconf 84' lang='lat' dir='ltr'><strong>eas</strong></span> <span class='ocrx_word' id='word_1_116' title='bbox 804 2069 951 2141; x_wconf 83' lang='lat' dir='ltr'><strong>poenas,</strong></span> <span class='ocrx_word' id='word_1_117' title='bbox 978 2070 1068 2142; x_wconf 88' lang='lat' dir='ltr'><strong>quas</strong></span> <span class='ocrx_word' id='word_1_118' title='bbox 1097 2048 1262 2143; x_wconf 83' lang='lat' dir='ltr'><strong>proxime</strong></span> 
     </span>
     <span class='ocr_line' id='line_1_17' title="bbox 192 2153 1263 2246; baseline -0.001 -23"><span class='ocrx_word' id='word_1_119' title='bbox 192 2158 399 2242; x_wconf 87' lang='lat' dir='ltr'><strong>meruisset,</strong></span> <span class='ocrx_word' id='word_1_120' title='bbox 418 2155 600 2243; x_wconf 79' lang='lat' dir='ltr'><strong>solveret3.</strong></span> <span class='ocrx_word' id='word_1_121' title='bbox 616 2153 685 2227; x_wconf 86' lang='lat' dir='ltr'><strong>sed.</strong></span> <span class='ocrx_word' id='word_1_122' title='bbox 702 2169 746 2224; x_wconf 93' lang='lat' dir='ltr'><strong>ut</strong></span> <span class='ocrx_word' id='word_1_123' title='bbox 765 2153 825 2225; x_wconf 90' lang='lat' dir='ltr'><strong>illa</strong></span> <span class='ocrx_word' id='word_1_124' title='bbox 848 2157 953 2226; x_wconf 86' lang='lat' dir='ltr'><strong>etiam</strong></span> <span class='ocrx_word' id='word_1_125' title='bbox 976 2155 1110 2226; x_wconf 86' lang='lat' dir='ltr'><strong>scelera</strong></span> <span class='ocrx_word' id='word_1_126' title='bbox 1127 2156 1206 2246; x_wconf 88' lang='lat' dir='ltr'><strong>ejus</strong></span> <span class='ocrx_word' id='word_1_127' title='bbox 1225 2155 1263 2223; x_wconf 89' lang='lat' dir='ltr'><strong>iu</strong></span> 
     </span>
     <span class='ocr_line' id='line_1_18' title="bbox 192 2260 1094 2337; baseline -0.006 -1"><span class='ocrx_word' id='word_1_128' title='bbox 192 2261 397 2337; x_wconf 84' lang='lat' dir='ltr'><strong>Carbonem</strong></span> <span class='ocrx_word' id='word_1_129' title='bbox 415 2279 452 2336; x_wconf 89' lang='lat' dir='ltr'><strong>et</strong></span> <span class='ocrx_word' id='word_1_130' title='bbox 471 2266 508 2335; x_wconf 92' lang='lat' dir='ltr'><strong>in</strong></span> <span class='ocrx_word' id='word_1_131' title='bbox 527 2263 751 2336; x_wconf 81' lang='lat' dir='ltr'><strong>Dolabellam</strong></span> <span class='ocrx_word' id='word_1_132' title='bbox 769 2260 1094 2334; x_wconf 76' lang='lat' dir='ltr'><strong>vindicarentur¹³.</strong></span> 
     </span>
    </p>
   </div>
   <div class='ocr_carea' id='block_1_3' title="bbox 192 2372 1263 3021">
    <p class='ocr_par' dir='ltr' id='par_1_3' title="bbox 192 2372 1263 3021">
     <span class='ocr_line' id='line_1_19' title="bbox 239 2372 1263 2473; baseline -0.003 -27"><span class='ocrx_word' id='word_1_133' title='bbox 239 2380 417 2447; x_wconf 81' lang='lat' dir='ltr'><strong>LXXVII.</strong></span> <span class='ocrx_word' id='word_1_134' title='bbox 430 2377 574 2448; x_wconf 88' lang='lat' dir='ltr'><strong>Etenim</strong></span> <span class='ocrx_word' id='word_1_135' title='bbox 592 2399 686 2446; x_wconf 89' lang='lat' dir='ltr'><strong>nova</strong></span> <span class='ocrx_word' id='word_1_136' title='bbox 704 2399 853 2473; x_wconf 92' lang='lat' dir='ltr'><strong>quoque</strong></span> <span class='ocrx_word' id='word_1_137' title='bbox 872 2374 940 2444; x_wconf 86' lang='lat' dir='ltr'><strong>alia</strong></span> <span class='ocrx_word' id='word_1_138' title='bbox 958 2398 1016 2444; x_wconf 89' lang='lat' dir='ltr'><strong>res</strong></span> <span class='ocrx_word' id='word_1_139' title='bbox 1034 2374 1186 2461; x_wconf 84' lang='lat' dir='ltr'><strong>exstitit,</strong></span> <span class='ocrx_word' id='word_1_140' title='bbox 1202 2372 1263 2468; x_wconf 87' lang='lat' dir='ltr'><strong>ju-</strong></span> 
     </span>
     <span class='ocr_line' id='line_1_20' title="bbox 192 2481 1261 2582; baseline 0 -27"><span class='ocrx_word' id='word_1_141' title='bbox 192 2482 310 2573; x_wconf 85' lang='lat' dir='ltr'><strong>dices,</strong></span> <span class='ocrx_word' id='word_1_142' title='bbox 330 2485 369 2556; x_wconf 89' lang='lat' dir='ltr'><strong>in</strong></span> <span class='ocrx_word' id='word_1_143' title='bbox 387 2484 460 2557; x_wconf 91' lang='lat' dir='ltr'><strong>hoc</strong></span> <span class='ocrx_word' id='word_1_144' title='bbox 479 2487 649 2573; x_wconf 83' lang='lat' dir='ltr'><strong>crimine,</strong></span> <span class='ocrx_word' id='word_1_145' title='bbox 670 2509 750 2582; x_wconf 87' lang='lat' dir='ltr'><strong>quae</strong></span> <span class='ocrx_word' id='word_1_146' title='bbox 774 2483 875 2555; x_wconf 86' lang='lat' dir='ltr'><strong>tollat</strong></span> <span class='ocrx_word' id='word_1_147' title='bbox 893 2508 1040 2554; x_wconf 88' lang='lat' dir='ltr'><strong>omnem</strong></span> <span class='ocrx_word' id='word_1_148' title='bbox 1064 2481 1261 2555; x_wconf 82' lang='lat' dir='ltr'><strong>dubitatio·</strong></span> 
     </span>
     <span class='ocr_line' id='line_1_21' title="bbox 192 2593 1260 2693; baseline 0.002 -29"><span class='ocrx_word' id='word_1_149' title='bbox 192 2618 276 2665; x_wconf 87' lang='lat' dir='ltr'><strong>nem</strong></span> <span class='ocrx_word' id='word_1_150' title='bbox 290 2596 486 2693; x_wconf 88' lang='lat' dir='ltr'><strong>superioris</strong></span> <span class='ocrx_word' id='word_1_151' title='bbox 500 2595 595 2666; x_wconf 88' lang='lat' dir='ltr'><strong>illius</strong></span> <span class='ocrx_word' id='word_1_152' title='bbox 607 2594 797 2666; x_wconf 88' lang='lat' dir='ltr'><strong>decumani</strong></span> <span class='ocrx_word' id='word_1_153' title='bbox 809 2595 978 2665; x_wconf 89' lang='lat' dir='ltr'><strong>criminis.</strong></span> <span class='ocrx_word' id='word_1_154' title='bbox 992 2596 1102 2681; x_wconf 87' lang='lat' dir='ltr'><strong>Nam,</strong></span> <span class='ocrx_word' id='word_1_155' title='bbox 1117 2593 1260 2666; x_wconf 90' lang='lat' dir='ltr'><strong>utillud</strong></span> 
     </span>
     <span class='ocr_line' id='line_1_22' title="bbox 193 2703 1262 2804; baseline 0.001 -31"><span class='ocrx_word' id='word_1_156' title='bbox 193 2706 340 2774; x_wconf 88' lang='lat' dir='ltr'><strong>missum</strong></span> <span class='ocrx_word' id='word_1_157' title='bbox 363 2703 508 2792; x_wconf 85' lang='lat' dir='ltr'><strong>faciam,</strong></span> <span class='ocrx_word' id='word_1_158' title='bbox 534 2703 737 2804; x_wconf 92' lang='lat' dir='ltr'><strong>permultos</strong></span> <span class='ocrx_word' id='word_1_159' title='bbox 761 2718 919 2775; x_wconf 83' lang='lat' dir='ltr'><strong>aratores</strong></span> <span class='ocrx_word' id='word_1_160' title='bbox 944 2707 980 2773; x_wconf 93' lang='lat' dir='ltr'><strong>in</strong></span> <span class='ocrx_word' id='word_1_161' title='bbox 1003 2705 1133 2775; x_wconf 86' lang='lat' dir='ltr'><strong>alteras</strong></span> <span class='ocrx_word' id='word_1_162' title='bbox 1152 2703 1262 2774; x_wconf 89' lang='lat' dir='ltr'><strong>decu·</strong></span> 
     </span>
     <span class='ocr_line' id='line_1_23' title="bbox 193 2812 1262 2910; baseline 0.003 -30"><span class='ocrx_word' id='word_1_163' title='bbox 193 2835 268 2882; x_wconf 87' lang='lat' dir='ltr'><strong>mas</strong></span> <span class='ocrx_word' id='word_1_164' title='bbox 280 2823 306 2898; x_wconf 82' lang='lat'><strong>¹,</strong></span> <span class='ocrx_word' id='word_1_165' title='bbox 328 2827 363 2884; x_wconf 88' lang='lat' dir='ltr'><strong>et</strong></span> <span class='ocrx_word' id='word_1_166' title='bbox 382 2816 420 2883; x_wconf 90' lang='lat' dir='ltr'><strong>in</strong></span> <span class='ocrx_word' id='word_1_167' title='bbox 438 2814 514 2886; x_wconf 84' lang='lat' dir='ltr'><strong>haec</strong></span> <span class='ocrx_word' id='word_1_168' title='bbox 529 2840 626 2887; x_wconf 83' lang='lat' dir='ltr'><strong>mccc</strong></span> <span class='ocrx_word' id='word_1_169' title='bbox 648 2814 758 2885; x_wconf 85' lang='lat' dir='ltr'><strong>millia</strong></span> <span class='ocrx_word' id='word_1_170' title='bbox 774 2814 959 2900; x_wconf 88' lang='lat' dir='ltr'><strong>modium,</strong></span> <span class='ocrx_word' id='word_1_171' title='bbox 977 2812 1080 2909; x_wconf 93' lang='lat' dir='ltr'><strong>quod</strong></span> <span class='ocrx_word' id='word_1_172' title='bbox 1099 2828 1262 2910; x_wconf 88' lang='lat' dir='ltr'><strong>emptum</strong></span> 
     </span>
     <span class='ocr_line' id='line_1_24' title="bbox 194 2912 1262 3021; baseline 0 -29"><span class='ocrx_word' id='word_1_173' title='bbox 194 2920 333 3020; x_wconf 88' lang='lat' dir='ltr'><strong>populo</strong></span> <span class='ocrx_word' id='word_1_174' title='bbox 347 2912 497 2995; x_wconf 74' lang='lat' dir='ltr'><strong>romano</strong></span> <span class='ocrx_word' id='word_1_175' title='bbox 514 2924 661 3012; x_wconf 85' lang='lat' dir='ltr'><strong>darent,</strong></span> <span class='ocrx_word' id='word_1_176' title='bbox 678 2950 754 2996; x_wconf 89' lang='lat' dir='ltr'><strong>non</strong></span> <span class='ocrx_word' id='word_1_177' title='bbox 769 2924 960 3011; x_wconf 86' lang='lat' dir='ltr'><strong>habuisse,</strong></span> <span class='ocrx_word' id='word_1_178' title='bbox 981 2922 1080 2994; x_wconf 88' lang='lat' dir='ltr'><strong>seda</strong></span> <span class='ocrx_word' id='word_1_179' title='bbox 1097 2938 1162 2993; x_wconf 91' lang='lat' dir='ltr'><strong>tuo</strong></span> <span class='ocrx_word' id='word_1_180' title='bbox 1179 2948 1262 3021; x_wconf 91' lang='lat' dir='ltr'><strong>pro-</strong></span> 
     </span>
    </p>
   </div>
   <div class='ocr_carea' id='block_1_4' title="bbox 191 3074 1265 3377">
    <p class='ocr_par' dir='ltr' id='par_1_4' title="bbox 192 3074 1262 3141">
     <span class='ocr_line' id='line_1_25' title="bbox 192 3074 1262 3141; baseline 0 -19"><span class='ocrx_word' id='word_1_181' title='bbox 192 3084 272 3133; x_wconf 64' lang='lat' dir='ltr'><strong>nun,</strong></span> <span class='ocrx_word' id='word_1_182' title='bbox 297 3075 417 3138; x_wconf 73' lang='lat' dir='ltr'><strong>legatione</strong></span> <span class='ocrx_word' id='word_1_183' title='bbox 442 3088 467 3124; x_wconf 83' lang='lat' dir='ltr'><strong>et</strong></span> <span class='ocrx_word' id='word_1_184' title='bbox 488 3088 593 3141; x_wconf 76' lang='lat' dir='ltr'><strong>praeturs</strong></span> <span class='ocrx_word' id='word_1_185' title='bbox 615 3078 702 3140; x_wconf 77' lang='lat' dir='ltr'><strong>agitur.</strong></span> <span class='ocrx_word' id='word_1_186' title='bbox 747 3078 876 3125; x_wconf 81' lang='lat' dir='ltr'><strong>emendum</strong></span> <span class='ocrx_word' id='word_1_187' title='bbox 899 3076 1046 3124; x_wconf 81' lang='lat' dir='ltr'><strong>trumentum</strong></span> <span class='ocrx_word' id='word_1_188' title='bbox 1065 3075 1093 3122; x_wconf 87' lang='lat' dir='ltr'><strong>in</strong></span> <span class='ocrx_word' id='word_1_189' title='bbox 1118 3074 1211 3123; x_wconf 68' lang='lat' dir='ltr'><strong>Sicilie.</strong></span> <span class='ocrx_word' id='word_1_190' title='bbox 1226 3101 1262 3113; x_wconf 68' lang='grc'><strong>»-</strong></span> 
     </span>
    </p>

    <p class='ocr_par' dir='ltr' id='par_1_5' title="bbox 191 3152 1265 3377">
     <span class='ocr_line' id='line_1_26' title="bbox 232 3152 1265 3220; baseline 0.002 -19"><span class='ocrx_word' id='word_1_191' title='bbox 232 3152 703 3220; x_wconf 71' lang='lat' dir='ltr'><strong>7.Caligine.llletapbora‚qurbellum</strong></span> <span class='ocrx_word' id='word_1_192' title='bbox 747 3157 857 3206; x_wconf 71' lang='lat' dir='ltr'><strong>Praetori.</strong></span> <span class='ocrx_word' id='word_1_193' title='bbox 866 3158 945 3204; x_wconf 83' lang='lat' dir='ltr'><strong>Verri.</strong></span> <span class='ocrx_word' id='word_1_194' title='bbox 974 3154 981 3169; x_wconf 79' lang='lat'>&#39;</span> <span class='ocrx_word' id='word_1_195' title='bbox 1260 3202 1265 3211; x_wconf 77' lang='grc'><strong>,</strong></span> 
     </span>
     <span class='ocr_line' id='line_1_27' title="bbox 191 3231 1262 3301; baseline 0.001 -21"><span class='ocrx_word' id='word_1_196' title='bbox 191 3231 409 3282; x_wconf 76' lang='lat' dir='ltr'><strong>ciril&#39;eblarinnum</strong></span> <span class='ocrx_word' id='word_1_197' title='bbox 418 3232 702 3298; x_wconf 68' lang='lat' dir='ltr'><strong>significatur-Latuit.</strong></span> <span class='ocrx_word' id='word_1_198' title='bbox 786 3251 825 3285; x_wconf 86' lang='lat' dir='ltr'><strong>rr.</strong></span> <span class='ocrx_word' id='word_1_199' title='bbox 839 3236 1006 3301; x_wconf 54' lang='lat' dir='ltr'><strong>Ligariorum.</strong></span> <span class='ocrx_word' id='word_1_200' title='bbox 1019 3235 1188 3299; x_wconf 71' lang='lat' dir='ltr'><strong>Ligurireest,</strong></span> <span class='ocrx_word' id='word_1_201' title='bbox 1201 3233 1262 3281; x_wconf 80' lang='lat' dir='ltr'><strong>dell·</strong></span> 
     </span>
     <span class='ocr_line' id='line_1_28' title="bbox 191 3313 1262 3377; baseline 0 -17"><span class='ocrx_word' id='word_1_202' title='bbox 191 3313 267 3361; x_wconf 72' lang='lat' dir='ltr'><strong>nene.</strong></span> <span class='ocrx_word' id='word_1_203' title='bbox 276 3314 339 3363; x_wconf 79' lang='lat' dir='ltr'><strong>Nam</strong></span> <span class='ocrx_word' id='word_1_204' title='bbox 348 3313 376 3361; x_wconf 86' lang='lat' dir='ltr'><strong>in</strong></span> <span class='ocrx_word' id='word_1_205' title='bbox 383 3313 425 3362; x_wconf 75' lang='lat' dir='ltr'><strong>illa</strong></span> <span class='ocrx_word' id='word_1_206' title='bbox 432 3330 512 3361; x_wconf 81' lang='lat' dir='ltr'><strong>rerum</strong></span> <span class='ocrx_word' id='word_1_207' title='bbox 521 3313 703 3377; x_wconf 78' lang='lat' dir='ltr'><strong>perturbatione</strong></span> <span class='ocrx_word' id='word_1_208' title='bbox 748 3326 800 3364; x_wconf 79' lang='lat' dir='ltr'><strong>onte</strong></span> <span class='ocrx_word' id='word_1_209' title='bbox 811 3327 834 3364; x_wconf 83' lang='lat' dir='ltr'><strong>et</strong></span> <span class='ocrx_word' id='word_1_210' title='bbox 847 3331 903 3363; x_wconf 85' lang='lat' dir='ltr'><strong>cnm</strong></span> <span class='ocrx_word' id='word_1_211' title='bbox 919 3314 1017 3362; x_wconf 80' lang='lat' dir='ltr'><strong>fastidio</strong></span> <span class='ocrx_word' id='word_1_212' title='bbox 1030 3316 1142 3362; x_wconf 81' lang='lat' dir='ltr'><strong>suaviora</strong></span> <span class='ocrx_word' id='word_1_213' title='bbox 1157 3328 1262 3377; x_wconf 79' lang='lat' dir='ltr'><strong>quasque</strong></span> 
     </span>
    </p>
   </div>
   <div class='ocr_carea' id='block_1_5' title="bbox 59 3390 1262 3538">
    <p class='ocr_par' dir='ltr' id='par_1_6' title="bbox 59 3374 1262 3553">
     <span class='ocr_line' id='line_1_29' title="bbox 59 3390 1262 3458; baseline -0.013 -3"><span class='ocrx_word' id='word_1_214' title='bbox 59 3408 98 3455; x_wconf 82' lang='grc'><strong>“·,.</strong></span> <span class='ocrx_word' id='word_1_215' title='bbox 190 3391 256 3457; x_wconf 64' lang='lat'><strong>¹²8⁸</strong></span> <span class='ocrx_word' id='word_1_216' title='bbox 266 3392 382 3454; x_wconf 56' lang='lat' dir='ltr'><strong>tilebmb</strong></span> <span class='ocrx_word' id='word_1_217' title='bbox 392 3395 444 3442; x_wconf 76' lang='lat' dir='ltr'><strong>tine</strong></span> <span class='ocrx_word' id='word_1_218' title='bbox 457 3393 547 3458; x_wconf 77' lang='lat' dir='ltr'><strong>quibus</strong></span> <span class='ocrx_word' id='word_1_219' title='bbox 555 3393 621 3441; x_wconf 84' lang='lat' dir='ltr'><strong>illius</strong></span> <span class='ocrx_word' id='word_1_220' title='bbox 631 3410 704 3458; x_wconf 62' lang='lat' dir='ltr'><strong>pecte</strong></span> <span class='ocrx_word' id='word_1_221' title='bbox 747 3394 862 3444; x_wconf 78' lang='lat' dir='ltr'><strong>delibare.</strong></span> <span class='ocrx_word' id='word_1_222' title='bbox 880 3422 916 3433; x_wconf 91' lang='lat'><em>-</em></span> <span class='ocrx_word' id='word_1_223' title='bbox 924 3397 1058 3454; x_wconf 82' lang='lat' dir='ltr'><strong>Devomre,</strong></span> <span class='ocrx_word' id='word_1_224' title='bbox 1072 3404 1110 3441; x_wconf 84' lang='lat' dir='ltr'><strong>eat</strong></span> <span class='ocrx_word' id='word_1_225' title='bbox 1124 3403 1204 3442; x_wconf 85' lang='lat' dir='ltr'><strong>totum</strong></span> <span class='ocrx_word' id='word_1_226' title='bbox 1218 3390 1262 3440; x_wconf 78' lang='lat' dir='ltr'><strong>ali-</strong></span> 
     </span>
     <span class='ocr_line' id='line_1_30' title="bbox 191 3471 1261 3538; baseline -0.005 -16.545"><span class='ocrx_word' id='word_1_227' title='bbox 191 3471 238 3521; x_wconf 70' lang='lat' dir='ltr'><strong>nin</strong></span> <span class='ocrx_word' id='word_1_228' title='bbox 248 3473 310 3521; x_wconf 77' lang='lat' dir='ltr'><strong>ratio</strong></span> <span class='ocrx_word' id='word_1_229' title='bbox 319 3476 417 3523; x_wconf 60' lang='lat' dir='ltr'><strong>(Verre</strong></span> <span class='ocrx_word' id='word_1_230' title='bbox 427 3474 524 3538; x_wconf 80' lang='lat' dir='ltr'><strong>reposci</strong></span> <span class='ocrx_word' id='word_1_231' title='bbox 535 3490 586 3521; x_wconf 89' lang='lat' dir='ltr'><strong>non</strong></span> <span class='ocrx_word' id='word_1_232' title='bbox 596 3484 701 3538; x_wconf 85' lang='lat' dir='ltr'><strong>poterat.</strong></span> <span class='ocrx_word' id='word_1_233' title='bbox 747 3474 815 3538; x_wconf 81' lang='lat' dir='ltr'><strong>quid,</strong></span> <span class='ocrx_word' id='word_1_234' title='bbox 825 3491 856 3522; x_wconf 85' lang='lat' dir='ltr'><strong>ne</strong></span> <span class='ocrx_word' id='word_1_235' title='bbox 865 3474 981 3522; x_wconf 80' lang='lat' dir='ltr'><strong>dentibus</strong></span> <span class='ocrx_word' id='word_1_236' title='bbox 986 3473 1085 3538; x_wconf 81' lang='lat' dir='ltr'><strong>quidem</strong></span> <span class='ocrx_word' id='word_1_237' title='bbox 1090 3486 1261 3536; x_wconf 65' lang='lat' dir='ltr'><strong>prnmansum,</strong></span> 
     </span>
    </p>
   </div>
   <div class='ocr_carea' id='block_1_6' title="bbox 226 3551 977 3615">
    <p class='ocr_par' dir='ltr' id='par_1_7' title="bbox 226 3551 977 3615">
     <span class='ocr_line' id='line_1_31' title="bbox 226 3551 977 3615; baseline 0.003 -15"><span class='ocrx_word' id='word_1_238' title='bbox 226 3553 251 3601; x_wconf 85' lang='lat'><strong>8.</strong></span> <span class='ocrx_word' id='word_1_239' title='bbox 272 3551 463 3602; x_wconf 79' lang='lat' dir='ltr'><strong>Hereditariam.</strong></span> <span class='ocrx_word' id='word_1_240' title='bbox 486 3554 565 3615; x_wconf 80' lang='lat' dir='ltr'><strong>Quam</strong></span> <span class='ocrx_word' id='word_1_241' title='bbox 584 3552 701 3601; x_wconf 80' lang='lat' dir='ltr'><strong>Malleolo</strong></span> <span class='ocrx_word' id='word_1_242' title='bbox 746 3555 818 3602; x_wconf 83' lang='lat' dir='ltr'><strong>simul</strong></span> <span class='ocrx_word' id='word_1_243' title='bbox 837 3553 977 3602; x_wconf 76' lang='lat' dir='ltr'><strong>absorbere.</strong></span> 
     </span>
    </p>
   </div>
   <div class='ocr_carea' id='block_1_7' title="bbox 91 3630 1261 3776">
    <p class='ocr_par' dir='ltr' id='par_1_8' title="bbox 91 3630 1261 3776">
     <span class='ocr_line' id='line_1_32' title="bbox 91 3630 1261 3695; baseline -0.008 -14"><span class='ocrx_word' id='word_1_244' title='bbox 91 3632 98 3645; x_wconf 89' lang='lat'><em>&#39;</em></span> <span class='ocrx_word' id='word_1_245' title='bbox 190 3641 311 3695; x_wconf 67' lang='lat' dir='ltr'><strong>questore</strong></span> <span class='ocrx_word' id='word_1_246' title='bbox 321 3632 417 3691; x_wconf 83' lang='lat' dir='ltr'><strong>occiso,</strong></span> <span class='ocrx_word' id='word_1_247' title='bbox 430 3632 498 3695; x_wconf 78' lang='lat' dir='ltr'><strong>qussi</strong></span> <span class='ocrx_word' id='word_1_248' title='bbox 509 3633 599 3680; x_wconf 87' lang='lat' dir='ltr'><strong>mortui</strong></span> <span class='ocrx_word' id='word_1_249' title='bbox 608 3631 702 3680; x_wconf 85' lang='lat' dir='ltr'><strong>heredi·</strong></span> <span class='ocrx_word' id='word_1_250' title='bbox 784 3649 824 3681; x_wconf 79' lang='lat' dir='ltr'><strong>ra.</strong></span> <span class='ocrx_word' id='word_1_251' title='bbox 839 3633 936 3680; x_wconf 82' lang='lat' dir='ltr'><strong>Libera.</strong></span> <span class='ocrx_word' id='word_1_252' title='bbox 960 3630 1037 3680; x_wconf 85' lang='lat' dir='ltr'><strong>Nullo</strong></span> <span class='ocrx_word' id='word_1_253' title='bbox 1054 3644 1180 3695; x_wconf 82' lang='lat' dir='ltr'><strong>poenarum</strong></span> <span class='ocrx_word' id='word_1_254' title='bbox 1194 3637 1261 3674; x_wconf 86' lang='lat' dir='ltr'><strong>metu</strong></span> 
     </span>
     <span class='ocr_line' id='line_1_33' title="bbox 108 3709 873 3776; baseline -0.004 -16"><span class='ocrx_word' id='word_1_255' title='bbox 108 3762 113 3773; x_wconf 56' lang='grc'>,</span> <span class='ocrx_word' id='word_1_256' title='bbox 190 3719 262 3758; x_wconf 75' lang='lat' dir='ltr'><strong>tatem</strong></span> <span class='ocrx_word' id='word_1_257' title='bbox 271 3725 284 3758; x_wconf 74' lang='lat' dir='ltr'><strong>a</strong></span> <span class='ocrx_word' id='word_1_258' title='bbox 292 3709 421 3758; x_wconf 84' lang='lat' dir='ltr'><strong>Dolabella</strong></span> <span class='ocrx_word' id='word_1_259' title='bbox 426 3713 529 3776; x_wconf 81' lang='lat' dir='ltr'><strong>aceepit.</strong></span> <span class='ocrx_word' id='word_1_260' title='bbox 538 3712 591 3760; x_wconf 82' lang='lat' dir='ltr'><strong>Lib.</strong></span> <span class='ocrx_word' id='word_1_261' title='bbox 596 3713 618 3771; x_wconf 91' lang='lat'><strong>1,</strong></span> <span class='ocrx_word' id='word_1_262' title='bbox 623 3729 650 3760; x_wconf 22' lang='lat' dir='ltr'><strong>sc.</strong></span> <span class='ocrx_word' id='word_1_263' title='bbox 660 3713 700 3760; x_wconf 78' lang='lat'><strong>³6.</strong></span> <span class='ocrx_word' id='word_1_264' title='bbox 745 3711 873 3759; x_wconf 75' lang='lat' dir='ltr'><strong>retardata.</strong></span> 
     </span>
    </p>
   </div>
   <div class='ocr_carea' id='block_1_8' title="bbox 120 3785 1260 4096">
    <p class='ocr_par' dir='ltr' id='par_1_9' title="bbox 120 3785 1260 4096">
     <span class='ocr_line' id='line_1_34' title="bbox 226 3785 1258 3855; baseline -0.007 -17"><span class='ocrx_word' id='word_1_265' title='bbox 226 3803 253 3851; x_wconf 73' lang='grc'><strong>9.</strong></span> <span class='ocrx_word' id='word_1_266' title='bbox 274 3789 422 3838; x_wconf 74' lang='lat' dir='ltr'><strong>Permiscuit.</strong></span> <span class='ocrx_word' id='word_1_267' title='bbox 442 3793 525 3855; x_wconf 84' lang='lat' dir='ltr'><strong>ltaque</strong></span> <span class='ocrx_word' id='word_1_268' title='bbox 540 3792 604 3838; x_wconf 81' lang='lat' dir='ltr'><strong>furta</strong></span> <span class='ocrx_word' id='word_1_269' title='bbox 618 3790 701 3839; x_wconf 82' lang='lat' dir='ltr'><strong>Verris</strong></span> <span class='ocrx_word' id='word_1_270' title='bbox 783 3791 824 3838; x_wconf 82' lang='lat'><strong>13.</strong></span> <span class='ocrx_word' id='word_1_271' title='bbox 842 3785 1258 3848; x_wconf 72' lang='lat' dir='ltr'><strong>Vindicanntur.s1csaeptusvsr-</strong></span> 
     </span>
     <span class='ocr_line' id='line_1_35' title="bbox 120 3858 1260 3933; baseline -0.008 -15"><span class='ocrx_word' id='word_1_272' title='bbox 120 3858 128 3879; x_wconf 59' lang='lat'><em>³</em></span> <span class='ocrx_word' id='word_1_273' title='bbox 189 3869 322 3919; x_wconf 65' lang='lat' dir='ltr'><strong>Dolabella</strong></span> <span class='ocrx_word' id='word_1_274' title='bbox 336 3882 393 3919; x_wconf 77' lang='lat' dir='ltr'><strong>sunt</strong></span> <span class='ocrx_word' id='word_1_275' title='bbox 404 3872 533 3928; x_wconf 62' lang='lat' dir='ltr'><strong>estimato,</strong></span> <span class='ocrx_word' id='word_1_276' title='bbox 544 3871 570 3918; x_wconf 90' lang='lat' dir='ltr'><strong>id</strong></span> <span class='ocrx_word' id='word_1_277' title='bbox 582 3881 635 3930; x_wconf 84' lang='lat' dir='ltr'><strong>est,</strong></span> <span class='ocrx_word' id='word_1_278' title='bbox 648 3872 701 3919; x_wconf 88' lang='lat' dir='ltr'><strong>Do·</strong></span> <span class='ocrx_word' id='word_1_279' title='bbox 746 3886 796 3918; x_wconf 83' lang='lat' dir='ltr'><strong>rem</strong></span> <span class='ocrx_word' id='word_1_280' title='bbox 808 3869 928 3933; x_wconf 83' lang='lat' dir='ltr'><strong>depinxit,</strong></span> <span class='ocrx_word' id='word_1_281' title='bbox 938 3867 1007 3932; x_wconf 83' lang='lat' dir='ltr'><strong>quasi</strong></span> <span class='ocrx_word' id='word_1_282' title='bbox 1017 3865 1134 3914; x_wconf 79' lang='lat' dir='ltr'><strong>scelernm</strong></span> <span class='ocrx_word' id='word_1_283' title='bbox 1141 3863 1222 3929; x_wconf 72' lang='lat' dir='ltr'><strong>poenis</strong></span> <span class='ocrx_word' id='word_1_284' title='bbox 1232 3880 1260 3909; x_wconf 88' lang='lat' dir='ltr'><strong>ac</strong></span> 
     </span>
     <span class='ocr_line' id='line_1_36' title="bbox 190 3946 1260 4016; baseline -0.006 -20"><span class='ocrx_word' id='word_1_285' title='bbox 190 3950 283 3999; x_wconf 78' lang='lat' dir='ltr'><strong>labellae</strong></span> <span class='ocrx_word' id='word_1_286' title='bbox 296 3968 327 3999; x_wconf 83' lang='lat' dir='ltr'><strong>ex</strong></span> <span class='ocrx_word' id='word_1_287' title='bbox 335 3950 409 4000; x_wconf 83' lang='lat' dir='ltr'><strong>bonis</strong></span> <span class='ocrx_word' id='word_1_288' title='bbox 417 3952 496 4001; x_wconf 77' lang='lat' dir='ltr'><strong>soluta</strong></span> <span class='ocrx_word' id='word_1_289' title='bbox 506 3963 576 4009; x_wconf 84' lang='lat' dir='ltr'><strong>sunt,</strong></span> <span class='ocrx_word' id='word_1_290' title='bbox 584 3952 636 4016; x_wconf 85' lang='lat' dir='ltr'><strong>ipse</strong></span> <span class='ocrx_word' id='word_1_291' title='bbox 642 3954 701 4000; x_wconf 80' lang='lat' dir='ltr'><strong>Ver·</strong></span> <span class='ocrx_word' id='word_1_292' title='bbox 748 3946 819 3997; x_wconf 69' lang='lat' dir='ltr'><strong>furiis</strong></span> <span class='ocrx_word' id='word_1_293' title='bbox 827 3948 859 3996; x_wconf 86' lang='lat' dir='ltr'><strong>ad</strong></span> <span class='ocrx_word' id='word_1_294' title='bbox 873 3965 899 3996; x_wconf 84' lang='lat' dir='ltr'><strong>ea</strong></span> <span class='ocrx_word' id='word_1_295' title='bbox 912 3958 1006 4006; x_wconf 87' lang='lat' dir='ltr'><strong>actum,</strong></span> <span class='ocrx_word' id='word_1_296' title='bbox 1024 3955 1126 4013; x_wconf 69' lang='lat' dir='ltr'><strong>propter·</strong></span> <span class='ocrx_word' id='word_1_297' title='bbox 1136 3960 1191 4007; x_wconf 82' lang='lat' dir='ltr'><strong>quae</strong></span> <span class='ocrx_word' id='word_1_298' title='bbox 1201 3959 1260 4007; x_wconf 85' lang='lat' dir='ltr'><strong>sop-</strong></span> 
     </span>
     <span class='ocr_line' id='line_1_37' title="bbox 191 4025 1090 4096; baseline -0.002 -20"><span class='ocrx_word' id='word_1_299' title='bbox 191 4044 229 4076; x_wconf 73' lang='lat' dir='ltr'><strong>ra·</strong></span> <span class='ocrx_word' id='word_1_300' title='bbox 241 4029 334 4096; x_wconf 74' lang='lat' dir='ltr'><strong>integer</strong></span> <span class='ocrx_word' id='word_1_301' title='bbox 350 4031 419 4080; x_wconf 81' lang='lat' dir='ltr'><strong>abiit.</strong></span> <span class='ocrx_word' id='word_1_302' title='bbox 748 4030 848 4094; x_wconf 84' lang='lat' dir='ltr'><strong>plicium</strong></span> <span class='ocrx_word' id='word_1_303' title='bbox 857 4025 989 4092; x_wconf 79' lang='lat' dir='ltr'><strong>aliquando</strong></span> <span class='ocrx_word' id='word_1_304' title='bbox 1003 4025 1090 4074; x_wconf 83' lang='lat' dir='ltr'><strong>obiret.</strong></span> 
     </span>
    </p>
   </div>
   <div class='ocr_carea' id='block_1_9' title="bbox 231 4103 1258 4174">
    <p class='ocr_par' dir='ltr' id='par_1_10' title="bbox 231 4103 1258 4174">
     <span class='ocr_line' id='line_1_38' title="bbox 231 4103 1258 4174; baseline -0.003 -20"><span class='ocrx_word' id='word_1_305' title='bbox 231 4123 268 4157; x_wconf 82' lang='lat' dir='ltr'><strong>to.</strong></span> <span class='ocrx_word' id='word_1_306' title='bbox 282 4108 413 4159; x_wconf 71' lang='lat' dir='ltr'><strong>commista</strong></span> <span class='ocrx_word' id='word_1_307' title='bbox 432 4123 474 4160; x_wconf 77' lang='lat' dir='ltr'><strong>est.</strong></span> <span class='ocrx_word' id='word_1_308' title='bbox 498 4112 535 4157; x_wconf 81' lang='lat' dir='ltr'><strong>De</strong></span> <span class='ocrx_word' id='word_1_309' title='bbox 555 4109 657 4174; x_wconf 81' lang='lat' dir='ltr'><strong>publico</strong></span> <span class='ocrx_word' id='word_1_310' title='bbox 671 4110 701 4157; x_wconf 85' lang='lat' dir='ltr'><strong>ad</strong></span> <span class='ocrx_word' id='word_1_311' title='bbox 782 4109 910 4164; x_wconf 73' lang='lat' dir='ltr'><strong>mvn.</strong></span> <span class='ocrx_word' id='word_1_312' title='bbox 920 4124 942 4155; x_wconf 86' lang='lat' dir='ltr'><strong>r.</strong></span> <span class='ocrx_word' id='word_1_313' title='bbox 953 4109 983 4154; x_wconf 84' lang='lat' dir='ltr'><strong>ln</strong></span> <span class='ocrx_word' id='word_1_314' title='bbox 995 4106 1041 4154; x_wconf 79' lang='lat' dir='ltr'><strong>alt.</strong></span> <span class='ocrx_word' id='word_1_315' title='bbox 1053 4103 1172 4154; x_wconf 61' lang='lat' dir='ltr'><strong>deevtd.</strong></span> <span class='ocrx_word' id='word_1_316' title='bbox 1183 4120 1204 4150; x_wconf 85' lang='lat' dir='ltr'><strong>c.</strong></span> <span class='ocrx_word' id='word_1_317' title='bbox 1217 4118 1258 4163; x_wconf 79' lang='lat'><strong>7⁰·</strong></span> 
     </span>
    </p>
   </div>
   <div class='ocr_carea' id='block_1_10' title="bbox 0 0 1592 4770">
    <p class='ocr_par' dir='ltr' id='par_1_11' title="bbox 0 0 1592 4770">
     <span class='ocr_line' id='line_1_39' title="bbox 0 0 1592 4770; baseline 0 0"><span class='ocrx_word' id='word_1_318' title='bbox 0 0 1592 4770; x_wconf 95' lang='lat' dir='ltr'><strong> </strong></span> 
     </span>
    </p>
   </div>
  </div>
 </body>
</html>
