3186 4772
293 363 362 437 332
605 368 653 436 Μ
679 369 717 436 Τ.
746 362 1040 438 CICERONIS

202 514 206 525 ·
291 483 839 586 testis,splendidissimacivitas
857 485 1092 584 Lilybaetana3
1108 484 1227 569 testis,
1246 481 1357 554 bone·

291 599 466 670 stissimus
478 598 729 694 maximusque
743 611 943 669 conventus
954 597 1086 665 civium
1103 616 1356 681 romanorum3

291 707 383 779 nihil
399 705 541 807 potest⁶
557 735 565 778 :
584 708 810 804 producendi
826 722 922 780 sunt.
941 712 1069 801 Itaque
1087 700 1357 802 producuntur,

291 832 329 890 et
347 816 394 888 ad
412 816 536 917 palum
553 817 777 915 alliganturv.
1378 900 1382 905 η

340 930 456 999 Etiam
489 951 590 999 nunc
619 926 708 998 mihi
738 941 945 1029 erspectare
973 922 1164 1011 videmini,
1192 920 1359 1016 judices,

234 1088 239 1105 ,
293 1035 384 1136 quid
402 1035 535 1109 deinde
553 1034 687 1108 factum
699 1038 773 1125 sit3⁴
787 1034 887 1133 quod
900 1036 966 1106 iste
977 1032 1069 1103 nibil
1086 1053 1261 1127 umquam
1276 1027 1361 1100 fecit

292 1150 370 1220 sinc
389 1147 512 1244 aliquo
525 1162 666 1245 quaestu
684 1145 933 1244 atquepraeda.
949 1143 1046 1235 Quid
1063 1144 1100 1213 in
1111 1133 1312 1237 ejusmodi⁸
1323 1163 1362 1211 re

294 1259 637 1359 fioripotuitiquod
655 1261 887 1355 commodum
899 1259 976 1331 est?
989 1263 1199 1355 Exspectate
1209 1253 1363 1340 facinus,

295 1393 406 1468 quam
438 1371 547 1442 vultis
578 1370 786 1469 improbum
818 1398 827 1441 r
860 1373 1003 1441 vincam
1035 1382 1157 1439 tamen
1182 1378 1364 1462 exspecta·

295 1481 437 1555 tionem
471 1484 647 1552 omnium.
679 1481 836 1554 Nomine
861 1479 1005 1552 sceleris
1034 1477 1366 1572 conjurationisque

297 1589 479 1681 damnati,
508 1591 555 1663 ad
585 1592 802 1691 supplicium
836 1591 974 1679 traditi,
995 1588 1041 1660 ad
1064 1587 1187 1686 palum
1209 1584 1366 1691 adligati,

298 1713 471 1795 repente,
503 1701 625 1773 multis
662 1701 820 1772 millibus
846 1700 1037 1770 hominum
1061 1694 1369 1794 inspectantibus,

301 1806 412 1879 soluti
430 1823 534 1895 sunt,
553 1824 590 1881 et
604 1810 773 1882 Leonidae
789 1810 843 1880 iiii
856 1809 1006 1879 domino
1027 1807 1169 1878 redditi.
1186 1803 1283 1897 Quid
1299 1803 1370 1875 boc

301 1917 384 1989 loco
403 1932 507 2015 potes
529 1918 666 2007 dicere,
684 1918 796 1989 homo
825 1919 1089 1990 amentissime?
1106 1918 1174 1988 nisi
1195 1914 1252 2002 id,
1267 1912 1369 2011 quod

303 2051 371 2125 ego
389 2026 467 2099 non
485 2053 629 2125 quaer03
650 2028 750 2126 quod
768 2028 925 2126 denique
945 2030 983 2099 in
1003 2044 1133 2100 rotam
1147 2024 1301 2115 nefaria,
1317 2039 1370 2094 ta·

304 2139 409 2209 metsi
435 2137 596 2211 dubitari
620 2164 695 2211 non
721 2154 858 2238 potest,
886 2155 1026 2228 tamen,
1046 2163 1111 2227 ne,
1135 2139 1165 2208 si
1187 2135 1372 2208 dubitetur

305 2248 498 2343 quidem9,
512 2253 623 2348 qureri
644 2264 835 2347 oporteat:
855 2247 1000 2346 quid10,
1018 2262 1080 2319 aut
1097 2260 1292 2345 quantum,
1311 2257 1373 2315 aut

290 2358 494 2454 'quomodo
516 2362 706 2456 acceperis.
734 2364 892 2431 Remitto
920 2359 986 2431 tibi
1014 2358 1085 2431 hoc
1107 2373 1244 2444 totum,
1265 2368 1373 2452 atquc

308 2467 376 2569 ista
400 2481 436 2537 te
462 2489 549 2537 cura
565 2467 692 2539 libero.
709 2472 836 2567 Neque
855 2471 952 2541 enim
975 2484 1121 2556 metuo,
1139 2491 1185 2538 ne
1204 2465 1275 2537 hoc
1297 2464 1373 2535 cui·

307 2598 417 2670 quam
437 2575 711 2673 persuadeatur,
732 2594 790 2668 ut,
807 2579 853 2652 ad
870 2580 972 2679 quod
988 2578 1126 2651 facinus
1142 2594 1372 2671 nem0,¹prae·
1397 2594 1411 2603 ··

308 2697 365 2756 ter
375 2700 430 2776 te,
441 2687 516 2758 ulla
535 2694 689 2787 pecunia
705 2689 835 2762 adduci
852 2693 1029 2789 potuerit,
1043 2688 1079 2760 id
1094 2705 1134 2761 tu
1148 2687 1255 2786 gratis
1269 2685 1376 2757 susci·

309 2815 557 2894 pereconatus
575 2802 672 2873 sisu.
687 2806 821 2875 Verum
831 2800 952 2872 deista
966 2800 1111 2872 iurandi
1121 2795 1377 2896 praedandique

309 2910 450 3087 piatione
467 2910 557 2982 nihil
574 2910 656 2983 dico
677 2939 685 2981 ε
708 2911 754 2984 de
773 2910 841 2983 beo
858 2913 1088 3011 imperatoria
1100 2910 1254 3014 jamxtua
1272 2905 1377 2977 laude

338 3026 467 3118 rsputo.

350 3221 376 3269 6.
383 3219 455 3269 Nr'lu'l
455 3231 543 3286 potest.
550 3222 729 3293 Subeudifien'.
738 3224 828 3275 Nutu·
870 3238 935 3277 ctum
953 3226 1050 3290 subjicit
1063 3235 1152 3292 preter
1164 3220 1377 3287 exspectationem.

316 3297 444 3364 praedmdi
452 3299 521 3348 loom
532 3312 575 3349 ert.
907 3324 931 3371 9.
942 3306 1008 3355 Neri
1019 3305 1141 3354 dubitetur
1150 3302 1257 3368 quidem.
1267 3300 1325 3348 Non
1333 3297 1379 3345 dn·

353 3393 378 3439 ¹1.
391 3378 436 3427 Ad
441 3378 531 3443 palum
542 3381 685 3447 alligantur.
707 3384 742 3430 Ut
754 3383 829 3449 virgis
871 3387 964 3436 bimur
975 3387 1034 3449 quin
1045 3384 1174 3448 pecuniam
1187 3378 1316 3444 acceperit.
1330 3375 1379 3423 Sed

317 3457 385 3517 oui,
403 3458 431 3507 in
445 3475 523 3509 eruce
540 3461 629 3510 deinde
647 3459 828 3525 affigerentur.
872 3467 893 3516 ui
903 3464 1040 3520 dubitetur,
1050 3461 1162 3526 idquaeri
1170 3459 1284 3508 tamenin
1294 3472 1320 3504 re
1330 3466 1380 3503 tum

318 3539 374 3586 Hoc
402 3550 454 3588 erat
475 3556 570 3589 comem
592 3540 739 3604 supplicium
760 3557 829 3590 moro
871 3544 961 3594 nefarie
970 3556 1020 3589 non
1031 3550 1136 3604 oportet.
1150 3536 1381 3602 Nemripeouniem

317 3619 448 3681 urniorum,
462 3636 516 3685 cap.
528 3621 554 3669 6.
872 3639 924 3672 uon
936 3620 1064 3685 accepisti,
1082 3636 1131 3684 qun
1144 3616 1191 3667 eliu
1199 3619 1294 3667 ratione
1302 3614 1382 3663 addu-

354 3699 380 3746 8.
405 3705 436 3750 lu
452 3699 572 3767 ejumdi
585 3715 620 3747 ro.
646 3700 729 3763 Quum
743 3715 782 3748 ret
799 3715 830 3748 eo
873 3712 927 3751 ctus
939 3716 981 3749 cot
994 3699 1118 3748 liberanti?

318 3781 492 3842 proeminet,
510 3791 539 3829 ut
556 3780 619 3829 cervi
635 3781 685 3842 jam
701 3788 780 3828 cuent
798 3778 831 3827 ed
912 3795 952 3829 ro.
974 3779 1046 3843 Quid.
1061 3776 1141 3828 ιΝοιι
1152 3791 1253 3843 qum,
1268 3775 1381 3837 inqmv

318 3855 402 3919 polum
409 3858 513 3924 alligeti,
520 3860 581 3926 quid
586 3858 639 3909 fieri
648 3860 747 3925 potnit?
755 3857 831 3921 Quod
874 3859 936 3926 qnid
946 3870 988 3908 eut
999 3870 1126 3924 mentum.
1135 3880 1148 3901 ¹·

319 3935 613 3997 Pffldlssdlmmodnm
626 3940 698 3987 Verri
710 3935 830 3987 fuit?Vi-
912 3955 953 3987 11.
982 3938 1107 4003 Suscipere
1130 3947 1232 3985 conatus
1256 3933 1299 3983 δίε.
1322 3930 1384 3979 Non

320 4011 392 4073 detur
404 4024 487 4063 ontor
501 4016 609 4066 dicturo·
622 4019 722 4065 Verrem
736 4013 830 4079 prudn-
873 4019 950 4068 modo
969 4017 1076 4066 volucrit
1091 4052 1099 4077 ,
1119 4016 1249 4081 ooginrir,
1272 4008 1384 4067 temti&

320 4099 373 4140 tum
385 4106 436 4140 non
448 4108 515 4153 eruc,
526 4110 602 4157 quum
612 4110 668 4143 ecco
680 4093 786 4156 prudent
795 4094 829 4141 fn·
874 4100 918 4149 red
928 4109 1030 4149 conetur
1042 4097 1082 4146 tiu.
