3200 4768
385 463 441 539 nt
467 464 675 537 verrunt
699 467 806 537 scr.
829 466 885 553 11,
909 467 1000 536 sin.
1025 470 1091 539 1v.
1195 462 1264 565 257

254 589 355 662 Hanc
372 605 414 662 tu
427 604 564 662 tautam
581 588 792 686 religionem
811 591 841 659 si
856 602 936 658 tum
953 590 991 658 in
1008 590 1160 687 imperio
1178 616 1265 688 pro·

207 717 289 800 pter
304 700 537 799 cupiditatem
550 713 659 796 atque
672 697 856 770 audaciam
873 724 951 770 nou
969 701 1265 798 pertimescebam

207 837 255 882 ne
271 836 370 883 nunc
384 810 550 908 quidem,
568 810 606 878 in
623 824 723 891 tanto
735 823 800 879 tuo
814 807 1085 906 liberorumque
1095 805 1110 851 ⁵
1121 823 1267 883 tuorum

207 922 390 1019 periculo,
407 919 668 1018 perhorrescis?
689 921 808 1009 Quem
825 919 893 990 tibi
911 934 973 990 aut
989 918 1191 1010 hominem,
1209 925 1266 992 in·

205 1035 288 1102 vitis
302 1029 389 1102 diist
405 1028 686 1118 immortalibus,
703 1043 767 1100 aut
776 1053 862 1100 vero
875 1027 1003 1115 deum,
1017 1031 1126 1099 tantis
1139 1053 1268 1101 eorum

205 1140 440 1237 religionibus
455 1140 611 1227 violatis,
631 1140 764 1210 auxilio
782 1137 948 1210 futurum
967 1141 1095 1237 putas?
1111 1138 1191 1210 Tibi
1209 1141 1270 1213 illa

204 1252 319 1323 Diana
341 1255 380 1322 in
402 1276 490 1349 pace
511 1265 621 1347 atque
640 1255 679 1321 in
701 1251 795 1321 otio⁷
822 1249 1036 1346 religionem
1059 1250 1196 1321 nullam
1215 1266 1270 1322 at·

205 1361 306 1448 tulit,
319 1386 417 1458 quae,
432 1385 547 1457 quum
557 1361 645 1431 duas
655 1356 799 1446 urbes⁸,
812 1358 995 1457 inquibus
1009 1361 1124 1431 locata
1137 1359 1271 1450 fuerat,

205 1486 327 1569 captas
346 1473 584 1567 incensasque
602 1470 766 1557 vidisset,
782 1467 839 1539 bis
855 1495 899 1539 ex
917 1467 1071 1540 duorum
1089 1468 1270 1542 bellorum

99 1618 103 1626 ·
207 1579 352 1650 flamma
370 1578 541 1676 ferroque
559 1592 698 1649 servata
717 1590 791 1666 est,
819 1598 900 1674 quae
923 1577 1271 1675 Carthaginiensium

206 1690 374 1795 victogia,
391 1687 474 1759 loco
493 1701 651 1775 mutato,
673 1687 886 1784 religionem
904 1700 1026 1758 tamen
1044 1713 1119 1759 non
1134 1692 1270 1777 amisit3

206 1800 244 1866 P.
261 1793 417 1867 Africani
433 1799 566 1867 virtute
576 1795 786 1892 religionem
806 1796 912 1866 simul
930 1820 1014 1867 cum
1024 1797 1104 1869 loco
1118 1824 1270 1898 recupe-

206 1905 345 1976 ravim?
365 1908 448 1995 Quo
476 1903 624 2001 quidem
649 1905 783 1976 scelere
805 1921 992 2003 suscepto,
1017 1933 1132 2004 quum
1155 1911 1271 1981 inanis

206 2030 300 2085 esset
321 2012 432 2102 basis,
453 2029 487 2085 et
511 2018 549 2084 in
567 2040 608 2085 ea
626 2019 663 2085 P.
688 2013 844 2086 Africani
869 2040 1004 2087 nomen
1024 2022 1196 2102 incisum;
1214 2044 1271 2090 res

206 2124 352 2223 indigna
380 2139 488 2220 atque
514 2121 739 2196 intoleranda
762 2121 952 2194 videbatur
973 2123 1164 2212 omnibus,
1194 2150 1271 2197 non

205 2234 323 2306 solum
350 2235 541 2330 religiones
568 2257 644 2304 esse
660 2231 823 2319 violatas,
848 2257 975 2303 verum
994 2234 1100 2304 etiam
1118 2238 1155 2304 P.
1180 2233 1269 2305 Assi-

206 2346 338 2433 cani¹⁰,
355 2346 422 2414 viri
441 2342 642 2429 fortissimi,
658 2365 781 2411 rerum
801 2356 983 2436 gestarum
1005 2341 1173 2437 gloriam,
1190 2367 1267 2415 me·

204 2458 357 2525 moriam
371 2453 525 2538 virtutis,
544 2464 779 2521 monumenta
793 2450 966 2538 victoriae,
980 2453 1017 2520 G.
1028 2454 1177 2522 Verrem
1192 2477 1269 2525 sns-

205 2562 339 2633 tulissc.
363 2561 472 2652 Quod
492 2584 604 2658 quum
624 2560 680 2630 isti
695 2558 965 2630 renuntiaretur
984 2558 1028 2631 de
1040 2558 1117 2632 basi
1133 2587 1174 2634 uc
1191 2562 1269 2657 lite-

204 2673 271 2757 ris,
295 2673 511 2743 existimavit
528 2670 692 2741 homines
708 2671 747 2739 in
765 2667 987 2740 oblivionem
1005 2674 1116 2741 totius
1133 2675 1271 2768 negotii

206 2804 283 2851 esse
297 2796 485 2867 venturos,
507 2783 536 2851 si
555 2782 661 2851 etiam
684 2778 814 2863 basim,
831 2790 1016 2874 tamquam
1036 2779 1190 2849 indicem
1213 2781 1269 2852 sui

206 2888 365 2976 sceleris,
391 2889 600 2962 sustulisset.
628 2895 752 2986 Itaque
776 2885 972 2959 tollendam
991 2890 1093 2958 istius
1114 2889 1267 2986 imperio

242 3062 266 3111 5.
281 3061 420 3110 Liberorum
432 3074 535 3114 tuorum.
544 3066 594 3128 Qui
605 3066 713 3125 scilicet,
793 3072 1049 3137 9.iieeuperavit.Nou
1054 3073 1268 3140 religionemspucl

204 3152 335 3206 postquam
346 3140 377 3188 lis
396 3142 468 3189 fuerit
485 3143 614 3203 mimda,
626 3145 713 3209 reliqui
755 3153 839 3201 hostes
849 3153 970 3209 amiserat.
981 3152 1024 3200 sed
1038 3157 1266 3217 esmrecuperuvit,

203 3220 266 3269 nihil
275 3232 364 3284 prater
375 3221 497 3268 infamiam
507 3232 574 3269 tuam
581 3222 713 3284 habebunt,
757 3248 812 3295 qm
825 3232 848 3279 ei
860 3233 887 3280 in
900 3233 1002 3297 propris
1014 3232 1091 3296 ipsius
1102 3232 1158 3281 sede
1176 3233 1268 3283 tribue·

203 3301 354 3364 omninoque
367 3301 452 3364 petriis
465 3312 603 3349 evertentur
615 3302 695 3351 bonis.
756 3310 838 3359 batur,

238 3381 263 3428 6.
276 3379 360 3428 Invitt's
372 3380 427 3428 dis's.
446 3382 478 3427 lt.
493 3396 514 3428 ο.
528 3380 573 3428 tibi
582 3382 664 3439 iratis3
678 3395 714 3430 te·
795 3406 833 3439 ιο,
845 3394 933 3438 Verum
939 3390 1014 3438 etiam
1024 3393 1053 3439 P.
1063 3391 1269 3457 AfricaniNide.

202 3475 250 3522 que
263 3459 418 3523 urgentssms,
432 3476 508 3524 quum
525 3476 610 3509 eorum
622 3462 713 3510 nemini
758 3478 797 3515 tur
809 3469 932 3533 Scipionis
944 3471 1037 3517 oilensa
1049 3472 1178 3529 memoria,
1192 3475 1270 3531 msjns

202 3540 348 3601 peperceris.
755 3548 835 3596 scelus
857 3565 930 3611 qusrn
954 3549 1044 3597 violata
1062 3549 1164 3597 deorum
1181 3549 1268 3613 religio

232 3634 263 3676 .7.
276 3621 307 3665 In
316 3635 380 3682 pace
390 3621 498 3685 usquein
513 3621 573 3670 otio.
585 3623 642 3684 Quo
653 3632 712 3669 tem-
756 3626 860 3676 efficere.
871 3632 925 3677 Hoc
939 3629 1017 3676 multo
1030 3630 1106 3691 magis
1118 3631 1207 3677 Verres
1218 3630 1269 3677 eri·

202 3711 263 3758 pore
277 3698 428 3763 religiosius,
441 3716 513 3762 qusm
531 3716 607 3764 quum
620 3699 711 3748 bellum
756 3722 812 3753 men
825 3707 1009 3763 celorinidnbst‚
1030 3709 1087 3769 quis
1105 3706 1206 3755 deorum
1219 3719 1269 3756 tsr·

202 3774 300 3838 llagrst,
313 3777 429 3825 coluntur
439 3792 446 3837 3
460 3779 577 3843 nulloque
591 3781 665 3828 modo
676 3797 712 3828 re·
756 3784 855 3833 dios-est
863 3782 939 3841 nltio;
949 3785 1090 3848 Scipionum
1098 3801 1156 3832 vero
1165 3787 1207 3848 qui
1217 3799 1269 3836 tum

202 3853 381 3904 formidandum
391 3856 498 3916 habent,
513 3859 649 3921 nequieris
660 3859 713 3908 vio·
757 3865 843 3910 Romae
851 3863 1013 3925 potentissimi
1021 3873 1097 3921 erant,
1105 3864 1211 3927 paratior
1218 3878 1270 3917 erst

202 3930 279 3980 lentas
291 3951 375 3982 msnus
388 3936 482 3983 sileret.
758 3953 782 3990 et
791 3941 868 3988 multo
880 3942 956 4003 magis
966 3941 1072 3989 timenda
1082 3942 1188 3991 vindicta
1195 3981 1202 4006 ,
1210 3948 1271 3996 mui-

238 4012 263 4061 tt.
277 4015 345 4060 Duae
361 4014 438 4062 urbes.
454 4016 712 4079 SegestsmsCsrtbs·
757 4031 832 4084 toque
853 4019 944 4068 tristius
965 4021 1057 4067 odium.
1080 4025 1139 4071 ilaec
1160 4027 1269 4075 oratorie

202 4089 364 4151 giniensibus,
386 4103 411 4141 et
422 4095 613 4159 Carthaginem
624 4097 713 4144 Roma·
757 4098 917 4164 amplificam
937 4101 1052 4149 Meteilus
1069 4114 1149 4149 sutem
1168 4105 1269 4170 Scipio,

202 4168 243 4217 nis
256 4182 350 4232 coptam
364 4183 388 4218 et
397 4190 512 4222 eversam.
757 4180 800 4243 qui
811 4179 892 4228 aderat
898 4181 1004 4242 jndicio,
1014 4182 1085 4230 veni
1096 4182 1200 4233 favebat.

300 4259 345 4326 ll.
373 4277 418 4321 u'c.
425 4292 481 4337 pers
491 4276 601 4323 seruulis.
877 4334 882 4346 ‚
1017 4290 1022 4300 ·
1107 4290 1147 4362 17
