3142 4774
310 396 353 468 32
631 399 679 466 M.
705 400 744 466 T.
771 400 1044 468 CICERONIS

306 532 344 588 et
359 520 546 614 experiens
564 530 693 603 arator,
711 517 791 613 qui,
811 540 925 612 quum
944 531 1085 587 tantum
1102 516 1242 592 dederit
1256 520 1365 593 decu·

307 649 439 713 mano,
460 639 637 722 quantum
659 625 718 695 ille
739 623 865 696 deberi
883 625 1031 713 dixerit,
1050 625 1187 720 judicio
1209 648 1366 728 repetat,

308 751 345 807 et
360 758 505 833 poenam
524 733 661 830 octupli
679 749 928 830 persequatur.
954 738 1130 832 Exspecto
1151 737 1223 806 vim
1241 739 1366 825 edicti,

306 846 530 916 severitatem
563 844 746 938 praetoris3
782 841 883 913 faveo
912 846 1061 931 aratori,
1091 847 1199 943 cupio
1229 850 1365 947 octupli

304 955 465 1026 damnari
492 955 706 1049 Apronium.
735 952 832 1040 Quid
859 952 1002 1023 tandem
1033 954 1190 1051 postulat
1221 960 1366 1029 arator?

307 1064 413 1151 nihil,
427 1063 494 1131 nisi
508 1084 553 1131 ex
565 1059 682 1131 edicto
693 1061 869 1155 judicium
878 1066 916 1133 in
927 1062 1126 1160 octuplum.
1142 1066 1237 1153 Quid
1253 1071 1366 1164 Apro·

305 1171 411 1243 nius?
439 1193 516 1239 non
539 1163 711 1240 recusatss.
736 1169 833 1260 Quid
857 1172 1034 1270 praetor9?
1053 1170 1157 1268 jubet
1175 1201 1365 1274 recupera—

305 1295 401 1351 tores
426 1278 648 1372 rejicere.—
663 1282 835 1350 Decurias
860 1282 1232 1375 ‚scribamus—Quas
1254 1286 1365 1358 decu·

305 1387 398 1459 rias?
423 1387 469 1458 de
498 1387 649 1459 cohorte
676 1413 756 1459 mea
782 1390 939 1483 rejicies,
961 1392 1273 1488 inquit—Quid?
1299 1400 1366 1468 ista

306 1497 437 1569 cohors
451 1520 609 1593 quorum
624 1496 814 1568 hominum
830 1514 885 1569 est
894 1500 1108 1571 l-Volusii
1125 1504 1314 1597 aruspicis,
1329 1520 1365 1577 et

304 1606 462 1679 Cornelii
496 1605 646 1692 medici,
677 1621 714 1677 et
747 1607 878 1678 horum
904 1630 1058 1697 canum,
1087 1634 1180 1706 quos
1206 1612 1364 1685 tribunal

250 1770 253 1777 Δ
306 1741 427 1788 meum
445 1716 544 1787 vides
565 1714 733 1787 lambere.
756 1721 846 1788 Nam
866 1717 911 1787 rle
930 1734 1112 1789 conventu
1131 1720 1272 1791 nullum
1288 1748 1365 1794 um·

305 1850 414 1924 quam
427 1825 603 1919 judicem,
621 1850 689 1896 nec
701 1840 990 1921 recuperatorem
1008 1826 1128 1898 dedit:
1146 1831 1288 1925 iniquos
1302 1831 1364 1902 de·

305 1939 467 2008 cumanis
496 1959 573 2006 esse
600 1933 717 2005 aiebat
744 1958 888 2019 omnes,
910 1938 974 2030 qui
999 1934 1108 2005 ullam
1130 1939 1204 2032 agri
1223 1938 1364 2035 glebam

302 2046 539 2145 possiderent.
563 2043 794 2116 Veniendum
812 2054 927 2114 erat¹⁰
951 2043 996 2114 ad
1019 2069 1080 2115 eos
1105 2061 1230 2118 contra
1247 2053 1363 2147 Apro·
1451 2064 1454 2075 '

303 2158 426 2242 nium,
445 2157 509 2250 qui
527 2153 690 2224 nondum
714 2155 821 2223 etiam
846 2155 1043 2249 Aproniani
1067 2156 1220 2225 convivii
1237 2182 1363 2255 crapu-

303 2263 373 2335 lam
392 2262 626 2333 exhalassent.

351 2373 429 2440 XII.
455 2373 486 2439 Ο
512 2370 721 2465 praeclarum
742 2385 779 2441 et
796 2372 1152 2444 commemorandum
1169 2373 1361 2468 judicium!

301 2504 325 2549 o
346 2501 508 2551 severum
531 2476 706 2548 edictum!
731 2504 754 2548 o
773 2494 891 2551 tutum
911 2478 1116 2577 perfugium
1135 2484 1333 2556 aratorum!

351 2592 490 2682 Atque,
519 2600 560 2657 ut
588 2586 807 2683 intelligatis,
839 2589 1043 2684 cujusmodi
1069 2595 1137 2664 ista
1161 2594 1297 2686 judicia
1322 2596 1362 2666 in

301 2869 364 2916 latur
382 2865 450 2930 qood
464 2876 590 2913 exercetur
602 2882 646 2929 per
659 2877 810 2930 recuperato·
855 2862 1008 2925 (luxerimus,
1025 2867 1052 2915 in
1061 2866 1118 2916 elbo
1129 2866 1301 2921 describamur.
1314 2874 1363 2922 Re·

301 2962 351 3005 res,
372 2961 415 2994 reu
430 2944 541 2992 homines
553 2942 584 2990 ab
600 2953 704 3008 pretore
716 2942 811 3007 delegr·
854 2944 960 3010 rpondet
968 2948 1072 2995 Verres:
1087 2948 1155 3009 Qnrr
1167 2959 1195 2996 tu
1205 2949 1266 2998 milri
1280 2967 1362 3000 nerrrr

301 3036 355 3087 tor,
380 3024 424 3087 qui
453 3022 484 3070 de
512 3022 611 3085 privatis
637 3024 811 3072 controversiis
855 3025 980 3072 decuriae?
998 3023 1062 3072 dabo
1078 3024 1123 3072 riht
1140 3030 1362 3092 recuperatorer‘ex

298 3105 450 3164 judieerent,
461 3111 485 3147 et
497 3115 613 3164 perquer
626 3114 696 3147 enum
709 3103 812 3165 quisque
854 3119 907 3151 mer
919 3102 1028 3151 cohorte.
1042 3104 1158 3165 Rejieier,
1170 3107 1187 3153 i.
1201 3123 1222 3153 e.
1238 3109 1310 3172 eliger
1330 3125 1362 3157 ex

300 3189 461 3243 recuperaret.
855 3198 882 3230 err
904 3197 967 3245 quor
981 3191 1008 3229 tu
1021 3179 1097 3232 voles.
1108 3185 1289 3245 -Qnidr-ie?
1301 3187 1362 3234 dicit

337 3260 363 3306 8.
378 3258 436 3305 Non
448 3265 553 3302 recurat.
566 3255 630 3318 Quis
644 3255 727 3303 Verris
743 3273 812 3305 merr-
854 3270 946 3322 erutor,
961 3260 1004 3324 qui
1016 3273 1074 3309 eunt
1085 3263 1126 3308 irti
1138 3276 1170 3307 ex
1185 3270 1226 3309 tur
1242 3264 1361 3314 cohorte?

300 3348 350 3384 tem
361 3351 390 3382 uc
401 3334 509 3382 favorem
521 3333 600 3381 novit.
854 3364 890 3374 -
902 3340 977 3396 Sunt,
992 3337 1123 3400 respondet
1132 3339 1233 3401 Ver-ree,
1245 3343 1361 3392 Volurlur

337 3430 362 3477 9.
379 3412 446 3474 Quid
455 3423 555 3475 prator.
569 3411 637 3474 Quid
648 3412 718 3460 faciet
730 3413 811 3461 bonne
853 3429 971 3479 aruspex,
986 3414 1113 3462 Cornelius
1124 3415 1245 3479 meilleur,
1257 3431 1303 3467 ete.
1320 3422 1360 3469 stc

301 3493 411 3559 pretor?
437 3490 513 3540 lubet
541 3502 660 3538 errrorem
684 3507 810 3555 mopere·
854 3493 947 3557 optime
963 3489 1130 3553 dialogismum
1145 3493 1292 3558 diepenrevit
1305 3501 1361 3547 Μι-

300 3585 366 3621 roree
379 3570 495 3631 rejicere,
511 3568 528 3613 i.
544 3583 566 3616 e.
578 3578 644 3615 rorte
661 3567 765 3628 docere,
783 3581 809 3618 et
851 3569 1119 3629 nutineetDerjerdirrr.
1127 3575 1222 3621 rrum
1230 3575 1360 3625 delendum

299 3667 347 3715 pro
369 3664 414 3697 ruo
433 3648 488 3709 jure
509 3661 551 3693 eor
568 3647 683 3708 rejicere,
702 3648 745 3710 qui
761 3648 809 3697 ethi
853 3646 945 3711 rejicies
962 3660 1108 3696 eemuenmt
1128 3651 1209 3702 Graer.
1224 3665 1249 3701 et
1264 3658 1360 3706 Erneet.

300 3745 352 3778 non
362 3728 483 3793 placeant.
491 3726 586 3784 hrrtor,
598 3726 640 3788 qui
650 3742 702 3774 rem
710 3726 808 3790 pervul-
852 3724 942 3788 quibus
952 3727 1083 3774 ementitur
1090 3728 1184 3777 Herlee.

300 3819 354 3870 gete
362 3808 402 3852 vir
412 3814 538 3854 tractatum
551 3804 582 3851 iri
594 3815 679 3868 putet,
692 3805 752 3852 dicit
760 3814 807 3850 etn-
889 3805 1097 3853 10.Verrr'eardum
1115 3821 1177 3858 erat.
1193 3812 1305 3861 Habendi
1322 3814 1361 3864 illi

301 3886 344 3931 rim
354 3917 362 3941 ,
376 3903 387 3924 ι
395 3882 503 3930 decuriae
516 3882 663 3941 scribemus,
677 3886 695 3930 i.
704 3899 727 3931 e.
737 3897 807 3928 reeu-
850 3893 937 3930 corrtre
946 3884 1084 3948 Apronium
1093 3898 1161 3934 erent
1171 3905 1360 3954 reeupemom,

299 3971 424 4027 peratore·
436 3961 565 4009 sortiemur
578 3977 609 4009 ex
624 3961 744 4017 decuriis,
764 3974 807 4006 een
850 3975 955 4024 qnorum
971 3979 1003 4010 ex
1017 3965 1134 4011 convivio
1148 3968 1215 4030 qood
1234 3974 1359 4035 Apronius

300 4056 332 4086 ex
345 4047 467 4085 conventu
481 4038 571 4086 civium
583 4053 646 4086 rom.
665 4036 726 4101 (rid.
735 4038 806 4084 Ver-r.
850 4039 898 4086 illie
909 4038 1067 4101 instrueret,
1075 4043 1184 4094 nondum
1195 4048 1325 4099 vinolentia
1335 4063 1358 4101 et

298 4121 319 4179 1,
334 4116 379 4183 fir)
395 4127 419 4164 et
436 4112 533 4164 nomine
552 4132 648 4173 eorum,
663 4131 725 4179 quor
741 4128 807 4165 sorte
850 4117 1121 4170 ebrieuedeterbumr.
