3148 4780
361 421 418 491 m
442 417 660 489 vunnnu
684 418 793 487 rcr.
818 417 876 502 11,
900 417 993 486 cm.
1016 418 1058 484 v.
1171 376 1239 511 437

180 542 252 615 hoc
278 540 514 640 providerim,
533 551 577 609 ut
595 539 766 609 varietate
791 537 983 608 criminum
1001 560 1066 608 ros
1085 550 1243 607 attentos

76 642 81 661 ’
179 665 359 738 tenerem,
375 645 683 747 quemadmodum
700 645 745 718 de
762 660 861 717 tauta
873 670 914 717 re
931 645 1072 717 dicam?
1090 649 1243 744 Opinor,

179 783 276 831 unus
289 756 436 844 modus,
458 772 569 854 atque
586 780 659 828 una
674 757 766 827 ratio
784 770 847 827 est.
866 759 956 827 Rem
978 756 1016 825 'm
1038 754 1157 826 medio
1174 780 1242 853 po·

180 892 282 955 nam;
300 892 381 964 quae
394 881 535 938 tantum
549 863 745 962 babetipsa
753 864 950 961 gravitatis,
962 879 1005 936 ut
1014 888 1134 961 neque
1146 888 1240 950 mea,
1297 902 1300 915 ·

181 1003 263 1075 quae
284 978 384 1049 nulla
399 973 492 1065 est⁶,
513 1000 633 1073 neque
658 975 892 1071 cujusquam,
910 972 957 1045 ad
971 971 1245 1044 inflammandos

180 1100 318 1158 vestros
336 1090 490 1175 animos,
503 1086 710 1183 eloquentia
725 1087 941 1182 requiratur.

228 1196 363 1268 Gavius
381 1195 458 1279 hic,
482 1219 592 1292 quem
622 1192 749 1281 dico⁷,
777 1197 958 1281 Cosauus,
980 1217 1095 1291 quum
1118 1193 1181 1264 illo
1204 1195 1244 1264 in

180 1328 336 1376 numero
353 1304 399 1375 ab
417 1307 490 1380 istu
506 1307 545 1374 in
565 1303 710 1376 vincula
727 1304 913 1398 conjectus
933 1319 1045 1393 esset,
1069 1318 1104 1376 et
1123 1309 1242 1376 nescio

180 1436 253 1509 qua
271 1415 412 1483 ratione
429 1412 556 1495 clame
573 1411 757 1483 lautumiis
772 1408 1008 1509 proffigisset,
1024 1415 1243 1486 Messanam·

182 1525 534 1618 quevenisse13qui
553 1545 673 1619 prope.
685 1521 757 1614 jam
774 1521 911 1592 Italiam
936 1537 972 1593 et
993 1524 1127 1594 moenia
1148 1523 1243 1596 Rbe-

181 1626 373 1726 ginorum⁸
388 1628 546 1717 videret,
562 1644 657 1701 etex
674 1630 736 1699 illo
753 1643 854 1699 metu
871 1631 996 1702 mortis
1011 1657 1052 1703 ac
1066 1632 1243 1721 tenebris,

182 1742 286 1835 quasi
299 1737 379 1810 luce
390 1737 584 1826 libertatis,
600 1753 637 1810 et
648 1735 896 1835 odorealiquo
911 1739 1032 1837 legum
1046 1758 1244 1829 recreatus,

181 1849 386 1936 revixisset3
416 1847 520 1944 loqui
535 1852 706 1919 Messanae
722 1850 849 1944 coepit,
873 1862 909 1919 et
927 1851 1053 1948 queri,
1074 1876 1112 1924 se
1130 1854 1245 1924 civem

181 1980 375 2033 romanum
404 1960 441 2025 in
465 1955 702 2029 vinculaesse
725 1957 930 2061 conjectum
941 1986 956 2046 3.
972 1959 1042 2031 sibi
1063 1976 1160 2032 recta
1177 1965 1246 2041 iter

183 2090 260 2139 esse
280 2072 453 2154 Romam3
479 2066 582 2137 Verri
601 2089 639 2137 se
660 2079 790 2164 praesto
806 2065 1031 2139 advenientia
1045 2068 1219 2141 futurum.

230 2182 336 2259 [ΧΠ.
373 2181 459 2249 Non
499 2175 721 2272 intelligebat
756 2175 890 2262 miser,
925 2176 1017 2247 nihil
1048 2180 1245 2268 interesse,

181 2301 306 2360 utrum
328 2286 404 2361 haec
428 2289 622 2372 Messanae,
650 2309 699 2355 an
721 2282 818 2380 apud
842 2285 959 2382 ipsum
985 2288 1045 2356 in¹
1075 2291 1244 2386 praetorio

182 2398 402 2494 loqueretur.
422 2396 533 2481 Nam,
558 2408 602 2465 ut
620 2408 703 2466 ante
726 2417 791 2463 ros
814 2391 939 2479 docui,
960 2393 1054 2467 banc
1082 2395 1157 2467 sibi-
1178 2401 1245 2469 iste

184 2506 314 2579 urbem
325 2505 526 2601 delegerat,
541 2528 649 2599 quam
664 2501 815 2574 haberet
826 2501 1036 2598 adjutricem
1053 2505 1245 2592 scelerum,

184 2614 364 2689 furtorum
389 2613 643 2712 receptricem,
672 2610 887 2710 flagitiorum
909 2614 1072 2687 omnium
1099 2621 1246 2697 sociam.

151 2725 153 2729 ’
185 2730 311 2821 Itaque
331 2724 378 2796 ad
395 2726 641 2821 magistratum
654 2725 909 2794 Mamertinum
922 2725 1040 2795 statim
1054 2725 1247 2798 deducitur

185 2838 344 2924 Gaviusa
359 2858 476 2932 eoque
498 2836 577 2933 ipso
598 2832 656 2913 die
672 2857 755 2904 casu
771 2836 971 2905 Messanam
989 2835 1086 2904 venit
1107 2837 1245 2908 Verres.

222 3038 250 3087 6.
272 3039 305 3085 Ut
316 3053 393 3102 aequa
405 3054 478 3097 maa,
495 3055 550 3103 qum
562 3037 632 3086 nulla
643 3050 692 3097 ast,
737 3040 861 3105 prolusio,
882 3054 925 3086 ren
942 3038 1080 3103 preparatio
1097 3040 1244 3091 animorum.

188 3132 267 3182 raeque
284 3116 440 3181 crdurquora,
456 3116 493 3164 ad
508 3116 694 3184 inflammandos
736 3121 792 3166 Jam
801 3118 890 3181 incipit
902 3117 1018 3166 narratio.
1123 3176 1127 3189 Ι

187 3194 397 3253 vestrosattimot,
405 3193 542 3259 eloquentia
548 3194 693 3257 requiratur.
773 3198 798 3244 8.
807 3195 977 3261 Rheginum.
987 3196 1058 3245 Cives
1066 3200 1160 3246 romani
1168 3210 1245 3250 erant.

187 3276 219 3324 Ilt
227 3273 258 3322 ad
269 3273 335 3322 bnuc
345 3272 429 3320 locum
438 3283 463 3320 et
472 3271 555 3319 adalia
564 3271 617 3319 loct
628 3273 693 3333 ejur-
736 3275 790 3323 Lib.
800 3276 844 3336 lv,
853 3291 907 3340 cap.
919 3291 960 3324 rr.
968 3278 1052 3340 ltaque
1060 3277 1159 3337 Gavius,
1169 3295 1244 3343 qutun

188 3353 257 3402 modi
266 3352 340 3400 molta
351 3352 377 3399 in
388 3352 520 3412 Cicerone,
529 3353 610 3398 auimo
619 3360 694 3398 atten-
738 3369 821 3403 eorum
834 3356 923 3403 moeoia
933 3353 1044 3415 videret,
1058 3372 1083 3404 re
1094 3356 1145 3418 jam
1159 3360 1245 3407 Rom

189 3432 248 3482 dant
256 3431 341 3491 velim,
354 3430 398 3494 qui
407 3431 548 3488 Ciceronem
557 3440 585 3476 nt
594 3429 694 3476 nimium
738 3448 789 3482 aare
801 3433 972 3482 arbitrabatur.

188 3512 226 3560 rui
242 3512 385 3572 iactatorem
397 3521 485 3558 temere
502 3507 693 3572 reprehendunt.
773 3527 797 3574 9.
819 3512 926 3560 Verrito
942 3522 1034 3576 prerrto
1047 3512 1192 3567 odrmr'anti.
1207 3514 1249 3561 Ad

188 3580 237 3639 Βόα
250 3589 347 3654 quidem
356 3606 371 3636 a
383 3605 409 3637 ae
420 3586 695 3653 gratasuonmediocri·
737 3605 794 3638 enm
810 3590 970 3638 accusandum
989 3592 1133 3654 majestatie,
1148 3601 1249 3655 propter

189 3679 227 3718 ter
246 3669 334 3733 aaepins
351 3669 484 3735 praedicat,
497 3680 584 3717 ernon
597 3666 695 3729 quidem
740 3669 1031 3730 civitatiaJ'nsviolatum,
1049 3680 1073 3717 et
1083 3669 1115 3717 ad
1127 3670 1248 3718 mobean-

189 3751 241 3797 aino
249 3760 366 3807 canaa,at
375 3748 465 3812 ingenii
475 3748 543 3796 dotet
551 3759 576 3796 et
585 3746 699 3811 eloquen-
742 3748 800 3795 dnm
812 3749 913 3808 injuriat
921 3763 976 3795 tuat
986 3746 1052 3811 apud
1060 3747 1156 3807 judicet
1167 3764 1215 3814 ope
1223 3761 1248 3800 et

190 3828 248 3875 tiam
260 3843 327 3875 ruam
348 3841 467 3890 nusquam
485 3824 633 3886 jactat,red
645 3840 698 3871 eam
741 3828 834 3875 anxilio
842 3826 931 3891 legum.

191 3906 273 3968 potins
285 3904 406 3969 deprimit.
413 3904 471 3952 Vitl
486 3903 591 3965 Quintil.
605 3903 635 3950 de
647 3901 697 3950 boc
777 3908 855 3954 an.
871 3922 894 3955 r.
910 3908 940 3952 ln
949 3904 1075 3968 praetorio.
1098 3905 1146 3952 nie
1164 3906 1249 3957 domna

192 3995 333 4046 argumento
345 3983 580 4045 fureydiaserentern,
592 3980 634 4029 lib.
645 3982 697 4042 xl,
740 3985 896 4049 intelligitur,
910 3986 937 4031 in
950 3998 1000 4047 qna
1007 3983 1122 4031 diversari
1133 3998 1249 4050 praetore·

194 4076 247 4126 rap.
264 4077 357 4126 r,pag.
371 4063 434 4124 673,
446 4061 486 4110 ed.
498 4063 576 4126 cipp.
741 4066 868 4129 notente-
876 4054 972 4112 Utarrti
980 4079 1027 4112 vor
1039 4063 1248 4116 recurramus

231 4155 255 4202 7.
269 4138 357 4187 Gavius
370 4139 408 4187 tic
420 4156 490 4204 quem
501 4139 565 4189 dico.
575 4143 698 4189 llactcnna
741 4145 860 4210 explicata
870 4143 924 4194 vid.
936 4142 980 4192 lib.
990 4145 1034 4202 1v,
1042 4159 1095 4208 cap.
1107 4145 1132 4194 8.
