3186 4772
290 382 362 468 284
609 384 657 451 M.
683 384 722 452 T.
747 380 1029 452 CICERONIS

291 517 393 593 sunt,
418 501 610 600 inquibus
635 516 736 573 erant
763 504 901 589 omnia,
927 524 1007 597 quae
1031 497 1158 570 sceleri
1181 498 1352 596 propiora

293 628 398 700 sunt,
425 638 536 709 quam
563 612 737 709 religioni.
763 617 973 682 Tenuerunt
996 609 1092 679 euim
1115 611 1153 678 P.
1180 607 1353 704 Popillio,

291 727 329 794 P.
354 722 497 819 Rupilio
520 719 747 806 consulibus,
773 720 875 791 illum
899 719 1018 791 locum
1040 711 1170 805 servi⁸,
1192 713 1352 813 fugitivi,

290 831 451 921 barbari,
466 833 611 904 hostes:
630 830 693 903 sed
708 854 828 928 neque
843 846 914 901 tam
931 832 1023 900 servi
1037 827 1087 897 illi
1103 826 1353 915 dominorum,

293 966 401 1039 quam
416 959 458 1015 tu
471 942 682 1029 libidinum;
700 966 819 1038 neque
835 954 906 1011 tarn
922 936 1063 1036 fugitivi
1078 935 1129 1006 illi
1144 960 1166 1005 a
1180 935 1354 1023 dominis,

293 1077 403 1149 quam
423 1068 463 1122 tn
477 1052 588 1145 ajure
602 1065 639 1122 et
651 1076 671 1121 a
685 1050 840 1147 legibus3
854 1072 975 1146 neque
989 1062 1060 1118 tam
1075 1043 1217 1116 barbari
1232 1046 1353 1141 lingua

293 1174 331 1235 et
348 1163 495 1231 natione
510 1159 579 1247 illi,
596 1185 705 1257 quam
721 1175 762 1230 tn
778 1175 906 1229 natura
919 1172 954 1229 et
969 1155 1151 1243 moribus3
1169 1179 1287 1252 neque
1302 1154 1351 1223 illi
1397 1204 1402 1218 ,

292 1284 366 1342 tam
393 1271 514 1340 hostes
538 1268 764 1358 hominibus,
792 1293 901 1366 qnam
922 1282 963 1339 tu
988 1265 1057 1337 diis
1079 1264 1349 1336 immortalibus.

293 1381 383 1468 Qnae
403 1378 608 1476 deprecatio
628 1394 681 1450 est
705 1381 813 1476 igitur
830 1382 863 1451 ci
882 1376 1040 1475 reliqua,
1061 1378 1124 1473 qui
1144 1373 1352 1473 indignitate

293 1513 435 1575 servos,
458 1490 659 1560 temeritate
685 1487 872 1586 fugitivos,
898 1488 1032 1560 scelere
1055 1484 1247 1574 barbaros,
1271 1509 1352 1555 cru·

293 1596 438 1668 delitate
462 1595 583 1671 hostes
602 1600 747 1670 vicerit?

342 1710 398 1777 LI.
416 1706 573 1780 Audistis
588 1708 838 1796 Theodorum,
854 1723 892 1779 et
906 1709 1134 1797 Nummium,
1148 1721 1185 1778 et
1197 1708 1355 1780 Nicasio-

293 1841 397 1904 nem,
422 1816 557 1914 legatos
581 1824 788 1906 Ennenses,
809 1817 955 1915 publice
981 1818 1118 1904 dicere,
1145 1842 1221 1889 sese
1243 1842 1262 1887 a
1284 1818 1357 1889 suis

294 1924 432 1997 civibus
453 1926 530 1998 haec
548 1926 682 1999 habere
703 1925 887 2013 mandata,
909 1942 949 1997 ut
967 1925 1011 1997 ad
1029 1931 1177 1997 Verrem
1196 1925 1355 2010 adirent,

295 2050 333 2107 et
353 2061 436 2108 eum
460 2037 686 2108 simulacrum
710 2038 849 2108 Cereris
869 2051 905 2109 et
922 2036 1087 2108 Victoria
1106 2047 1354 2132 reposcerent;

295 2145 333 2216 id
353 2149 383 2217 si
406 2148 675 2245 impetrassent,
700 2162 778 2219 tum
805 2162 846 2218 ut
868 2170 1007 2218 morem
1031 2159 1190 2216 veterem
1210 2149 1355 2214 Ennen-

296 2256 390 2326 aium
409 2272 679 2345 conservarent,
700 2256 845 2356 publice
863 2259 1019 2342 ineam,
1040 2256 1180 2326 tametsi
1198 2268 1358 2325 vexasset

296 2366 469 2454 Siciliam,
494 2381 636 2452 tamen,
661 2369 832 2463 quoniam
860 2366 934 2437 haec
960 2391 981 2436 a
1002 2364 1200 2459 majoribus
1223 2365 1358 2435 consti·

296 2484 397 2543 tuta¹
430 2478 672 2571 accepissent,
697 2477 944 2547 testimonium
972 2472 1144 2570 nequod
1174 2472 1356 2543 dicerent:

295 2583 352 2652 sin
375 2596 494 2652 autem
521 2607 563 2653 ea
584 2608 660 2654 non
684 2583 913 2672 reddidisset,
935 2599 1015 2655 tum
1037 2598 1079 2654 ut
1099 2581 1235 2678 judicio
1254 2578 1355 2650 ades·

296 2705 397 2779 sent,
419 2706 496 2789 tum
523 2694 576 2763 uti
598 2692 644 2764 de
669 2694 747 2789 ejus
770 2696 907 2789 injuriis
920 2693 1059 2790 judices
1081 2693 1271 2779 docerent,
1294 2686 1357 2761 sed

296 2803 413 2871 multo
442 2806 596 2874 maxime
623 2803 668 2875 de
695 2804 867 2899 religione
893 2818 1143 2900 quererentur.
1164 2802 1262 2890 Quas
1282 2799 1359 2870 illo-

295 2937 377 2982 rum
395 2913 640 3010 querimonias
657 2914 787 3003 nolite,
801 2936 867 3011 per
880 2912 968 2983 deos
985 2911 1221 2999 immortales,
1239 2934 1365 3009 asper·-

334 3134 359 3180 8.
371 3133 556 3199 Servi,satgltiei.
567 3135 663 3184 Iudicat
672 3137 713 3185 hic
722 3148 806 3186 orator
848 3135 934 3197 illum,
947 3137 1025 3186 multo
1039 3137 1114 3202 magia
1128 3139 1219 3188 Seneca
1232 3151 1306 3200 quam
1318 3133 1359 3182 Ci-

231 3216 234 3225 '
297 3209 367 3258 civile
378 3210 469 3259 bellum
481 3214 547 3276 quod
556 3214 582 3262 iu
593 3215 673 3261 Sicilia
683 3216 805 3281 Rupilius,
849 3232 936 3265 cetone
947 3215 1047 3280 dignum
1061 3216 1147 3266 videri.
1162 3220 1284 3280 Perpetuo
1295 3212 1359 3261 ludit

297 3288 328 3336 ab
339 3290 410 3336 Eunu
424 3300 449 3338 et
460 3292 561 3340 Clceone
571 3303 676 3350 motum,
691 3295 811 3357 confecit..
848 3298 874 3344 in
898 3296 999 3345 vocibus
1018 3306 1115 3353 oratur,
1134 3312 1235 3361 quaeum
1253 3293 1359 3341 invicem

296 3368 364 3415 Servi
373 3367 447 3431 igitur
459 3370 628 3433 fugientes,et
641 3372 748 3420 dominis
756 3375 805 3421 auis
849 3375 948 3424 alteram
972 3375 1041 3423 alteri
1062 3378 1183 3440 opponit,
1207 3385 1235 3421 ut
1257 3369 1358 3434 aliquod

295 3447 399 3506 infensi,
420 3459 488 3511 parta
506 3450 578 3496 armis
593 3449 703 3499 libertate
723 3452 805 3500 locum
848 3455 907 3501 inde
924 3453 1004 3500 lumen
1025 3452 1113 3502 eliciat.
1131 3455 1189 3502 Nou
1206 3452 1296 3501 arridet
1317 3449 1358 3497 hic

297 3542 352 3574 eum
370 3536 511 3584 tenuerant,
527 3544 599 3590 quem
620 3540 704 3591 postea
719 3531 806 3579 Verres
848 3529 1006 3592 illudingenii
1015 3529 1167 3579 dormitantis
1175 3547 1284 3587 acumen,
1291 3526 1359 3592 quod

296 3606 411 3653 obtinuit.
428 3606 450 3651 li
468 3617 546 3653 tamen
563 3609 673 3670 quamvis
692 3610 806 3657 omnibus
849 3623 927 3671 neque
938 3609 1040 3668 oratori,
1051 3610 1272 3674 nequejndicibm‚
1282 3623 1360 3671 neque

296 3684 470 3747 inimicissimi,
485 3685 558 3733 sacris
572 3686 621 3733 inu
635 3700 807 3751 pepercerant,
848 3687 883 3734 rei
894 3688 1025 3734 tamatroci
1034 3691 1157 3739 convenit.
1166 3690 1283 3753 «Singula
1295 3704 1361 3752 quae-

296 3776 350 3823 quie
361 3776 445 3826 postea
457 3775 549 3827 praetor
560 3765 753 3830 turpissimorum
768 3769 805 3815 vi·
848 3781 896 3830 que
906 3765 989 3814 locum
999 3778 1097 3816 teneant
1108 3770 1194 3818 sortita
1204 3771 1340 3819 decentem.
1348 3788 1361 3808 ι

296 3854 378 3887 rorum
389 3854 503 3891 contactu
517 3846 644 3894 immundo
654 3846 744 3894 violare
755 3863 805 3894 non
885 3847 927 3894 LI.
945 3863 967 3895 1.
983 3849 1115 3912 Majorr‘bns
1128 3849 1267 3897 constituta.
1288 3849 1361 3893 Lam·

296 3914 427 3967 dubitavit.
452 3923 522 3970 Hanc
549 3938 631 3972 orator
652 3925 804 3973 occasionem
848 3923 902 3971 bin.
924 3937 947 3973 et
966 3928 1078 3976 Hottom.
1097 3928 1205 3976 instituta
1226 3924 1360 3980 dederunt,

297 3993 556 4062 arripit‚Ver1-emqu0
569 4020 624 4050 cum
637 4005 712 4051 servia
725 4001 805 4049 vivide
848 4003 917 4066 quod
928 4006 1008 4053 Graev.
1020 4006 1121 4070 probat,
1133 4007 1248 4070 quoniam
1259 4005 1284 4049 ia
1293 4017 1361 4065 regg.

296 4071 398 4119 confert.
413 4073 527 4124 Attamen
539 4079 661 4126 fatendum
675 4091 711 4127 eet
724 4080 804 4127 locum
849 4082 923 4129 codd
932 4088 1046 4133 occurrit.
