3148 4780
402 438 457 510 IN
480 434 699 505 VERRRM
723 437 829 506 ACT.
855 438 913 522 Η,
936 439 1031 506 LIB.
1056 439 1098 506 V.
1210 438 1273 511 381

224 560 478 632 commissurus
496 580 571 627 non
589 552 699 627 fueris
712 558 929 654 (prasertim
947 583 1061 655 quum
1080 565 1279 652 statuisses,

223 684 266 739 ut
284 672 351 755 ais,
371 665 438 738 tibi
451 690 592 738 musam
606 689 682 736 esse
696 663 920 760 dicendam),
937 681 979 737 ut
992 666 1052 738 ille
1068 669 1279 768 archipirata

223 803 298 848 non
316 779 438 875 potius
460 777 575 847 securi
604 773 790 861 feriretur,
810 798 937 872 quam,
966 776 1066 873 qnod
1093 792 1168 849 erat
1194 795 1278 853 ante

223 887 348 959 oculos
372 888 554 984 positum,
565 898 628 954 tuo
647 884 807 981 periculo
827 884 973 955 viveret.
1001 886 1038 956 Si
1066 886 1161 956 euim
1187 903 1280 960 esset

223 1011 409 1083 mortuns,
426 1010 483 1082 tu,
501 995 566 1090 qui
585 998 721 1065 crimen
738 996 789 1064 ais
806 1007 843 1064 te
860 995 1044 1082 metuisse,
1062 1019 1205 1091 quaero,
1221 999 1279 1068 cui

221 1097 439 1203 probares⁸i
453 1108 577 1195 Quum
586 1117 786 1187 constaret,
804 1104 911 1175 istum
929 1105 1110 1199 Syracusis
1119 1102 1165 1174 ab
1177 1106 1278 1177 nullo

222 1217 337 1285 visum
361 1238 440 1305 esse
462 1212 731 1309 archipiratam,
758 1210 803 1282 ab
823 1212 992 1284 omnibus
1012 1211 1278 1303 desideratum

221 1346 335 1417 quum
356 1320 540 1393 dubitaret
554 1344 679 1409 nemo,
700 1323 790 1418 quin
807 1320 871 1392 abs
888 1315 924 1393 te
937 1327 1091 1419 pecnnia
1108 1323 1279 1396 liberatus

221 1446 334 1520 esset,
354 1454 468 1527 quum
489 1429 597 1526 vulgo
616 1429 868 1525 loquerentur,
887 1433 1112 1529 suppositum
1137 1435 1175 1503 in
1201 1435 1279 1528 ejus

221 1540 360 1626 locum,
383 1532 492 1635 quem
527 1562 595 1635 pro
624 1537 686 1607 illo
715 1536 870 1635 probare
885 1539 1034 1628 venosa
1056 1567 1172 1637 quum
1202 1558 1278 1614 tute
1369 1588 1379 1603 .

222 1646 335 1718 fassus
347 1670 458 1733 esses,
476 1661 512 1716 te
526 1645 563 1715 id
581 1648 718 1716 crimen
733 1660 833 1716 tanto
846 1660 930 1717 ante
942 1651 1112 1719 metuisse
1127 1677 1135 1721 ε
1152 1655 1181 1723 si
1195 1677 1279 1724 eum
1386 1712 1388 1715 .

221 1756 358 1828 diceres
377 1779 454 1827 esse
471 1768 674 1843 mortuum,
696 1759 760 1852 qui
783 1770 819 1826 te
844 1754 1007 1828 audiret?
1026 1783 1143 1846 nunc,
1164 1786 1279 1858 quum

154 1946 163 1959 ,
213 1869 343 1937 'vivum
364 1866 474 1937 istum
498 1868 620 1937 nescio
644 1874 797 1962 queru¹⁰
823 1864 1014 1963 producis,
1042 1882 1210 1943 tamenne
1240 1870 1279 1942 id

221 1976 318 2049 credi
336 1976 458 2068 voles?
586 1990 588 1995 '

268 2082 390 2176 Quid?
407 2085 438 2155 si
458 2083 670 2180 aufugisset,
692 2084 722 2154 si
736 2086 853 2157 vincia
871 2090 1026 2185 rupisset
1043 2090 1108 2171 ita,
1129 2103 1171 2160 ut
1186 2092 1276 2162 Nico

220 2194 279 2265 illc
301 2192 581 2265 nobilissimus¹¹
611 2193 723 2290 pirata
752 2191 857 2281 fecit,
886 2218 995 2289 quem
1023 2200 1060 2266 P.
1081 2197 1277 2286 Servilius,

220 2329 293 2400 qua
312 2303 480 2376 felicitate
498 2317 657 2400 ceperat,
683 2301 809 2373 eadem
836 2305 1075 2400 recuperavit,
1110 2304 1199 2402 quid
1221 2306 1277 2377 di·

219 2417 341 2487 ceres?
358 2420 493 2486 Verum
511 2411 675 2484 hocerat
698 2439 705 2483 ε
724 2415 753 2485 si
772 2412 832 2483 ille
858 2411 967 2484 semel
989 2438 1094 2487 verus
1122 2415 1277 2513 archipi-

219 2539 294 2596 rata
313 2525 430 2595 securi
453 2546 644 2622 percussus
667 2538 780 2610 esset,
807 2528 997 2621 pecuniam
1030 2523 1168 2595 iliam¹²
1200 2550 1276 2597 non

220 2635 387 2725 haberes;
413 2637 443 2707 si
455 2634 514 2707 hic
535 2631 644 2706 salsus
659 2647 752 2706 esset
766 2648 946 2721 mortuns,
961 2648 1024 2705 aut
1038 2633 1274 2732 profugisset,

219 2770 294 2818 non
310 2761 401 2819 esset
421 2744 564 2818 difficile
585 2744 696 2817 alium
723 2745 762 2815 in
784 2744 961 2842 suppositi
988 2743 1108 2814 iocum
1138 2767 1275 2842 suppo·

218 2877 317 2927 nere.
336 2857 442 2927 Plura
461 2856 559 2944 dixi,
586 2878 695 2953 quam
721 2853 838 2942 volui,
869 2852 915 2924 de
945 2850 1008 2923 illo
1033 2852 1275 2950 archipirata:

219 3048 261 3080 no
272 3032 322 3094 jam
332 3031 442 3081 dubitare
450 3043 539 3097 potest.
550 3032 599 3082 Sed
608 3032 724 3080 mirahuc
768 3031 840 3091 mini,
856 3045 929 3093 (Ῑυοιιι
946 3040 1026 3078 tamen
1038 3044 1085 3093 pro
1098 3046 1156 3078 vero
1169 3031 1275 3097 archipi-

219 3111 245 3157 in
254 3110 311 3158 loco
329 3109 461 3158 lectionum
473 3112 583 3158 varietas.
594 3112 622 3158 P.
636 3113 722 3160 Franc.
766 3120 817 3157 rata
832 3107 944 3155 obtrudit
957 3106 1037 3156 nobis.
1048 3134 1083 3144 —
1096 3107 1222 3165 Producis,
1237 3122 1276 3158 ta-

219 3189 355 3237 etJnntina
375 3188 451 3236 editio
470 3188 724 3236 Florentinmtnon
768 3202 852 3234 menna
868 3186 895 3233 id
915 3187 982 3235 credi
990 3188 1075 3235 voles?
1089 3191 1159 3236 Hanc
1171 3188 1276 3252 scriptu·

216 3266 293 3315 credo
306 3282 358 3315 esse
378 3265 506 3314 dubium».
519 3262 656 3323 Schfitziua,
671 3276 724 3313 uest
767 3280 833 3324 rana,
845 3265 1056 3328 quamvisnnliine
1066 3266 1276 3315 codiciaauctori·

218 3362 297 3403 nunc,
314 3346 428 3410 cuiquam
452 3343 537 3404 eredo,
559 3342 620 3393 astnss
633 3370 668 3380 —
693 3347 726 3393 Ut
766 3354 815 3392 tate
835 3341 1003 3403 confirmetur,
1016 3355 1158 3408 receperunt
1174 3346 1274 3395 Manus.

217 3425 263 3472 aa.
274 3427 351 3489 Supra
368 3439 421 3489 cap.
439 3438 481 3486 ap.
493 3448 529 3459 —
544 3423 595 3470 Tuo
603 3422 722 3486 periculo.
767 3423 975 3488 StephanLunb.
986 3422 1275 3484 Emesamohconje·

218 3503 282 3563 Quia
293 3502 423 3563 majuntia
434 3501 526 3549 crimen
538 3510 575 3549 cat
584 3500 680 3549 hostem
688 3502 725 3549 vi·
767 3513 834 3550 crura
847 3502 1010 3561 Hotomanui,
1029 3513 1113 3550 contra
1126 3502 1202 3551 libro·
1221 3519 1275 3549 orn·

217 3598 275 3629 vum
286 3582 314 3630 in
326 3582 401 3631 domo
413 3598 457 3630 ιιιι
467 3580 722 3630 nuum-rimor.
766 3595 810 3628 nea
817 3582 941 3644 antiquos,
956 3581 999 3643 qui
1012 3591 1151 3628 constanter
1161 3591 1242 3626 manen
1251 3591 1275 3628 tr

218 3660 305 3709 Adde:
317 3663 389 3727 cipro
395 3663 448 3723 ejus
453 3660 529 3709 calata
538 3661 665 3726 pecuniam
673 3675 723 3709 non
767 3658 872 3706 derideri
881 3658 962 3706 vides.

217 3741 358 3805 accepisses.
551 3766 556 3793 ι
804 3753 844 3787 ιι.
856 3735 1028 3786 Nobilusimrea.
1038 3732 1226 3782 Famoaissimua.
1238 3762 1273 3773 —

254 3819 278 3866 8.
292 3819 466 3884 coaptatam.
478 3817 509 3866 Id
517 3828 565 3877 cet,
575 3818 616 3867 cni
626 3834 723 3884 perena·
766 3816 839 3865 Fecit.
851 3818 913 3865 Mss
924 3813 1036 3863 nonnulli
1044 3811 1225 3861 «nobilissimus
1235 3814 1273 3877 pi-

218 3898 287 3947 deroe
299 3916 354 3947 eum
368 3915 394 3947 re
406 3913 462 3946 vera
480 3913 530 3946 case
539 3908 670 3946 normam.
765 3907 816 3944 rata
826 3894 888 3958 fugit
896 3896 995 3942 ».-1>.
1007 3880 1125 3940 Servilius}
1143 3892 1271 3944 Isauricus.

253 3994 279 4039 9.
297 3979 400 4027 rmum
416 3976 499 4025 uelles.
515 3975 544 4023 ld
557 3986 606 4035 cat,
619 3992 665 4041 pro
678 3976 722 4024 iilo
766 3978 844 4039 Supra
857 3989 913 4037 cap.
927 3974 969 4020 ιθ.

218 4054 446 4103 baberi-mnu
456 4071 525 4103 esses.
535 4056 612 4120 Supra
618 4070 672 4120 cap.
680 4071 722 4119 ις).
805 4070 845 4102 ιι.
854 4051 983 4100 Pecuniam
997 4050 1074 4099 illam.
1092 4053 1171 4115 Quum
1185 4070 1229 4117 pro
1242 4071 1272 4103 eo

257 4148 295 4180 ιο.
305 4133 515 4197 Nucioquam.1d
525 4145 575 4193 eat,
586 4145 672 4184 notum
681 4150 723 4183 ue·
766 4132 892 4197 aoocpisti,
902 4143 928 4180 nt
938 4147 992 4180 enm
1006 4134 1089 4179 virum
1096 4130 1237 4182 dimitteres.
