3176 4770
371 436 425 509 nt
449 435 792 511 vnaasnncr.
818 406 878 519 n,
901 433 999 500 nm.
1021 430 1096 499 111.
1201 449 1269 521 129

204 580 320 659 quum
341 554 447 631 suum
469 558 674 657 probasset,
695 557 854 657 pretium
872 555 907 625 ei
931 551 1112 624 frumento
1131 551 1268 623 consti-

206 664 330 757 tuere,
343 668 441 766 quod
456 669 717 755 constituisset,
730 665 766 736 id
780 660 984 736 civitatibus
995 659 1155 747 auleme3
1168 657 1270 757 quod

206 806 226 852 a
242 780 382 879 populo
399 803 552 851 romano
566 778 779 874 accepisset,
797 789 931 845 tenere.

256 900 410 966 LXXIV.
422 896 523 985 Quot
538 893 669 964 vultis¹
689 916 765 963 esse
779 892 816 960 in
832 914 908 960 uno
924 884 1023 958 furto
1041 899 1272 984 peccatorum

208 1005 360 1104 gradus?
384 1019 426 1076 ut
450 1005 480 1077 si
506 1002 654 1099 singulis
679 1001 842 1072 insistere
866 997 991 1083 velim,
1017 992 1185 1092 progredi
1206 995 1273 1064 iste

209 1140 283 1187 non
297 1118 420 1214 possit.
439 1112 629 1212 Improbas
641 1110 865 1183 frumentum
879 1108 1049 1180 Siculum.
1066 1104 1184 1195 Quid?
1199 1105 1276 1202 ipse

208 1226 308 1323 quod
338 1224 502 1297 mittis2?
530 1222 748 1321 peculiarem
779 1218 891 1290 habes
921 1218 1078 1315 aliquam
1105 1214 1280 1300 Siciliam,

208 1360 289 1433 quae
304 1334 371 1405 tibi
382 1360 425 1406 ex
437 1334 507 1404 alio
516 1357 650 1431 genere
664 1330 885 1402 frumentum
900 1326 1130 1426 suppeditare
1144 1325 1280 1422 possit?

210 1446 335 1533 Quum
352 1458 498 1514 senatus
518 1441 697 1529 decernit,
716 1454 757 1511 ut
774 1454 914 1510 ematur
929 1440 967 1508 in
987 1436 1104 1508 Sicilia
1122 1433 1285 1507 frumen·

211 1569 315 1641 tum,
340 1566 403 1624 aut
424 1576 540 1648 quum
562 1550 722 1649 populus
736 1547 860 1644 jubet,
881 1547 970 1634 hoc,
988 1562 1029 1616 ut
1049 1547 1198 1642 opinor,
1222 1545 1280 1614 in-

214 1662 359 1760 telligit,
374 1688 418 1733 ex
432 1663 549 1733 Sicilia
565 1659 725 1733 Siculum
740 1657 965 1729 frumentum
982 1657 1162 1754 apportari
1176 1678 1282 1753 opor·

214 1787 302 1843 tere.
326 1776 400 1866 Tu,
425 1796 541 1870 quum
570 1771 755 1843 civitatum
785 1767 910 1840 Siciliae
940 1766 1049 1864 vulgo
1073 1789 1182 1837 omne
1208 1762 1285 1836 fru-

214 1895 379 1952 mentum
407 1878 608 1979 improbas,
636 1902 725 1950 num
754 1902 799 1952 ex
825 1884 997 1976 AEgyptO,
1024 1891 1086 1948 aut
1113 1901 1157 1947 ex
1184 1875 1285 1972 Syria

215 1988 436 2063 frumentum
453 1995 604 2061 Romam
620 1990 752 2062 mittis?
768 1987 956 2086 Improbas
974 1987 1201 2072 Halesinum,
1217 1989 1286 2055 Ce-

215 2100 522 2200 phaloeditanum,
543 2100 835 2189 Thermitanum,
858 2101 1164 2183 Amestratinum,
1187 2099 1283 2191 Tyn·

215 2210 438 2300 daritanum,
452 2210 683 2299 Herbitense,
698 2211 893 2281 multarum
904 2222 1074 2307 praeterea
1087 2206 1286 2278 civitatum.

217 2317 337 2410 Quid³
355 2320 483 2392 accidit
496 2321 662 2409 tandem,
678 2336 720 2393 ut
736 2321 869 2392 horum
883 2318 1105 2418 populorum
1121 2319 1196 2414 agri
1210 2314 1286 2386 fru-

218 2444 384 2501 mentum
405 2428 605 2525 ejusmodi,
629 2445 666 2502 te
691 2445 861 2529 praetore,
887 2427 1040 2527 ferrent,
1057 2425 1158 2526 quod
1175 2451 1286 2498 num·

217 2564 327 2637 quam
339 2553 463 2629 antea,
476 2556 519 2612 ut
530 2565 650 2639 neque
665 2542 770 2631 mihi,
784 2565 904 2639 neque
917 2539 998 2628 tibi,
1012 2564 1133 2637 neque
1145 2537 1286 2638 populo

217 2674 369 2722 romano
392 2664 515 2749 posset
542 2650 707 2750 probari,
733 2654 928 2751 praesertim
953 2673 1069 2748 quum
1095 2675 1141 2721 ex
1158 2648 1285 2721 iisdem

221 2764 330 2856 agris,
353 2761 588 2860 ejusdemque
611 2763 698 2834 anni
717 2761 939 2834 frumentum
961 2784 1006 2830 ex
1029 2759 1191 2830 decumis
1212 2763 1287 2830 Ro·

222 2893 319 2940 mam
345 2874 552 2971 mancipes⁴
577 2873 825 2946 advexissent?
845 2869 935 2971 quid
953 2868 1130 2942 acciderat
1137 2865 1164 2958 ⁵,
1184 2883 1227 2940 ut
1243 2894 1288 2940 ex

222 2978 352 3052 eodem
372 2978 505 3052 horreo
523 2982 766 3056 decumanum
781 2980 1010 3082 probaretur,
1030 2993 1193 3077 emptum
1212 3002 1288 3049 non

161 3144 166 3159 ⁸
258 3143 376 3193 LXXIV.
393 3158 416 3192 r.
429 3143 495 3205 Quot
501 3143 588 3194 vultis.
600 3145 672 3194 Adde
679 3161 731 3194 cm-
776 3142 833 3195 Sola.
844 3143 925 3210 legno,
936 3142 1053 3210 progredi
1060 3142 1110 3208 pse
1121 3158 1171 3190 non
1180 3157 1289 3207 possem,

224 3223 298 3289 plina.
313 3248 345 3264 ·-
355 3224 512 3271 Peccatontm
522 3223 625 3288 gradus.
640 3224 671 3272 ld
683 3235 734 3284 est,
777 3225 805 3274 id
820 3235 873 3285 est,
885 3223 917 3273 nd
927 3224 973 3273 uia
986 3239 1098 3289 pergere,
1112 3222 1158 3271 erit
1171 3223 1241 3286 qumi
1252 3222 1291 3271 di·

223 3300 736 3369 peocntcnlinnliinmajorn.dddctotsunt
779 3316 831 3367 eut,
850 3301 975 3353 infinitum
999 3318 1052 3352 eeu
1072 3317 1111 3350 me
1129 3312 1256 3366 oporteat,
1269 3302 1292 3350 si

224 3393 251 3431 et
262 3390 340 3440 unta,
359 3393 387 3430 ue
399 3380 422 3430 si
432 3379 546 3446 singulti,
566 3392 616 3430 etc.
637 3382 737 3447 Ellipeis
779 3383 896 3451 singulis,
913 3393 960 3431 etc.

224 3460 388 3525 indignationi
400 3472 425 3510 et
444 3476 533 3525 magno
546 3462 624 3511 cuivis
637 3460 737 3511 affectui
816 3478 841 3513 a.
856 3461 930 3526 Quod
943 3462 1037 3511 mittis?
1049 3462 1128 3526 Quale
1140 3471 1177 3509 est
1186 3460 1295 3509 frumen·

224 3541 340 3603 urnam.
353 3541 448 3589 Ernest.
461 3550 491 3589 ut
508 3539 536 3588 in
555 3541 662 3590 obscuro
679 3541 737 3590 loeo
781 3554 834 3591 turn
846 3541 915 3607 quod
930 3541 1070 3606 dequesta
1083 3543 1188 3590 Romam
1200 3538 1295 3588 mittis?

130 3651 136 3659 -
227 3618 293 3679 conj.
308 3640 321 3660 ι
331 3628 371 3667 tot
379 3617 469 3667 videtis
482 3635 534 3667 esee
545 3620 573 3670 in
586 3637 655 3678 nno,
669 3631 717 3669 etc.
725 3642 738 3663 ιι
820 3623 844 3669 3.
859 3620 933 3683 Quid.
945 3622 1085 3680 Lambinus,
1092 3621 1162 3686 qumi
1170 3618 1297 3667 insolitum

226 3697 608 3764 AuMm-Progndi.vemm
618 3699 681 3749 ultra
689 3716 740 3747 non
784 3702 816 3750 sit
828 3700 927 3749 dicendi
940 3716 1034 3765 genus,
1050 3700 1173 3764 rescripsit
1186 3720 1199 3740 ι
1207 3697 1297 3747 eccidit

123 3774 127 3781 '
223 3776 556 3841 possitpeocendoddut,
570 3795 614 3827 vos
627 3779 741 3840 recteju·
785 3778 885 3828 tandem
908 3794 990 3831 curn:
1014 3790 1057 3827 ant
1073 3776 1204 3842 legendnm
1216 3788 1299 3827 censet

131 3880 136 3885 ·
229 3854 342 3905 dio-bitu
353 3855 667 3922 istumuonhnbere,qno
681 3873 740 3924 pro·
785 3858 837 3925 qui.
846 3859 1005 3909 nocentiores
1016 3858 1079 3907 nihil
1089 3868 1194 3907 mutant.
1297 3873 1302 3882 ’

228 3934 422 3999 grcdintnrultn
432 3935 566 4001 peccando.
572 3936 619 3985 vel
622 3936 742 4002 progredi
823 3950 848 3996 4.
868 3936 1004 4003 Mancrpos.
1017 3940 1081 3987 Sunt
1098 3934 1239 4002 publicani,
1257 3937 1301 4002 qui

230 4030 278 4062 non
286 4014 378 4079 possit,
391 4015 418 4064 id
428 4027 477 4073 eet,
489 4028 518 4066 ut
535 4017 599 4066 dixit
609 4033 694 4082 supra,
704 4030 742 4066 te-
786 4018 886 4083 publice
895 4034 940 4067 suo
949 4029 1044 4082 quaestu
1053 4031 1078 4068 et
1087 4019 1198 4084 periculo
1206 4030 1300 4067 emunt.

232 4103 342 4151 uretur,
353 4092 518 4144 n'eoullnmin
529 4109 744 4167 pertemeommo·
824 4100 849 4148 5.
866 4098 934 4162 Quid
951 4098 1085 4149 occiderat.
1105 4101 1241 4166 Reponunt
1261 4097 1303 4146 alli

233 4181 290 4220 vete
302 4188 328 4221 te
339 4184 438 4236 postem
451 4173 525 4222 reici
545 4190 602 4223 cum
621 4170 707 4225 Lami.
721 4186 746 4223 et
791 4176 842 4241 qui.

334 4261 378 4328 ll.
406 4276 634 4338 cumaena.
724 4264 725 4269 ’
1163 4289 1186 4362 9
