3186 4772
417 392 473 463 an
496 357 707 461 raanan
730 391 839 460 acu.
866 392 923 477 11,
946 392 1038 462 ma.
1065 394 1107 464 v.
1144 386 1148 393 ·
1224 395 1294 492 3η

232 540 308 612 quo
319 512 461 585 helloii
478 537 546 584 nos
559 514 658 583 enim
670 528 753 610 post
766 512 804 584 id
818 512 972 601 bellum,
987 516 1086 610 quod
1097 516 1156 588 Μ’.
1169 519 1294 616 Aquil-

232 624 302 695 lius
318 624 490 712 confecit,
512 625 563 693 sic
583 624 804 721 accepimus,
824 620 965 695 nullum
984 624 1023 693 iu
1040 625 1156 697 Sicilia
1169 625 1294 725 fugiri-
1374 700 1378 705 .

230 759 360 806 vorum
384 733 522 806 bellum
547 730 668 806 irrisae.
694 738 741 805 At
764 736 803 804 iu
825 731 949 805 ltalia⁵
972 732 1040 806 fuit
1065 761 1074 805 t
1096 734 1228 827 fateor,
1257 755 1294 812 et

229 868 401 943 magnum
425 844 590 941 quidem,
613 869 655 915 ac
674 843 869 917 vehemens
879 840 906 914 ⁶.
929 845 1025 917 Num
1053 846 1163 943 igitur
1185 872 1230 919 ex
1248 875 1293 931 eo

229 952 327 1025 bello
347 968 486 1051 partem
507 954 665 1051 aliquam
683 952 800 1025 laudis
821 968 993 1052 appetere
1015 956 1181 1027 conaris?
1202 982 1293 1030 num

228 1062 809 1162 tibiilliusvictoriaegloriamcum
819 1068 1293 1153 M.Crasso⁷‚autCn.Pom·

227 1175 311 1271 peio
325 1173 664 1247 communicandam
682 1175 810 1274 putas?
826 1178 910 1247 Non
921 1169 1096 1246 arbitror8
1106 1175 1294 1250 hocetiam

227 1282 374 1356 deesset
392 1300 463 1356 tuae
480 1284 731 1382 impudentiae,
752 1300 796 1357 ut
815 1286 1017 1383 quidquam
1043 1286 1220 1382 ejusmodi
1231 1288 1294 1361 ‘di-

226 1417 307 1464 cere
325 1393 468 1465 audeas.
491 1395 668 1465 Obstitisti
683 1393 867 1484 videlicet,
888 1419 935 1467 ne
954 1419 999 1466 ex
1018 1395 1119 1467 Italia
1141 1400 1293 1468 transire

227 1506 266 1572 in
282 1504 436 1574 Siciliam
450 1500 684 1599 fugitivorum
697 1505 808 1601 copiae
825 1520 995 1601 possent:
1012 1504 1100 1576 nbi?
1120 1507 1293 1603 quando?

226 1637 300 1709 qua
324 1638 367 1682 ex
389 1614 515 1709 parte?
531 1626 645 1709 quum
664 1628 727 1684 aut
748 1613 920 1702 navibus.
943 1628 1006 1685 aut
1022 1613 1161 1686 ratibus
1181 1641 1290 1688 cona·

226 1735 354 1791 rentur
362 1719 590 1794 accedereiN
591 1746 632 1793 os
641 1724 738 1794 enim
748 1721 839 1794 nihil
853 1747 1028 1820 umquam
1041 1737 1292 1822 prorsus¹⁰au·

258 1897 287 1945 4.
299 1890 354 1952 Quo
364 1887 535 1936 belloFVerrea
544 1888 669 1948 refellitur,
678 1890 736 1954 quia
778 1890 843 1939 hanc
866 1890 944 1940 Italiae
965 1901 1074 1957 partem,
1091 1893 1193 1943 terribili
1211 1906 1291 1960 atrage

224 1984 255 2016 eo
269 1978 376 2033 praetore
392 1967 483 2016 bellum
501 1969 528 2016 iu
542 1970 624 2019 Sicilia
639 1971 734 2020 nullum
777 1967 940 2035 depopulatur
952 1983 997 2021 eat.

223 2049 279 2098 t‘uit.
813 2065 839 2111 7.
851 2050 1290 2101 cinnomacmomerom

259 2129 284 2177 5.
304 2132 339 2174 Ae
354 2126 380 2174 in
394 2124 480 2176 Italia.
498 2127 620 2190 Obieetio.
639 2128 734 2178 Bellum
775 2127 859 2191 prium
882 2129 1034 2188 coniunctim
1056 2129 1168 2176 nominat
1191 2140 1288 2190 orator,

222 2205 309 2254 terrile
326 2206 353 2255 in
371 2206 441 2258 ltalia
461 2207 578 2256 excitarit
596 2224 662 2255 anuo
681 2210 733 2257 oto
775 2205 845 2268 quari
856 2207 977 2268 pertineat
987 2207 1020 2254 ad
1030 2216 1160 2269 utrumque
1171 2206 1230 2256 belli
1241 2225 1289 2257 aer·

219 2287 364 2350 Spumeua,
377 2300 464 2348 genere
477 2284 575 2346 Thrax,
592 2287 635 2351 qul
653 2302 732 2336 roma·
775 2283 831 2331 vilia
845 2283 951 2332 confecti
968 2283 1058 2348 gloria,
1068 2301 1124 2348 qne
1141 2286 1220 2335 Craaai
1235 2298 1289 2338 tota

222 2379 276 2411 nam
291 2364 350 2413 aliae
365 2363 476 2411 militiam
489 2375 620 2427 aequatur,
636 2374 688 2413 tum
700 2382 733 2414 ex
773 2371 825 2420 eat;
841 2361 889 2411 niai
905 2362 974 2426 quod
991 2364 1118 2424 homines,
1133 2365 1165 2413 ad
1179 2367 1290 2432 quinqua

221 2459 292 2492 servo
305 2442 433 2506 gladiator,
447 2458 479 2504 7⁰
492 2444 565 2491 eociia
577 2446 732 2507 pereumitut
773 2440 865 2501 millia,
879 2441 974 2505 clapaoa
992 2443 1072 2491 Crassi
1089 2443 1120 2491 de
1134 2440 1201 2493 carde
1214 2448 1291 2494 Pom-

220 2539 267 2587 pro
286 2539 328 2571 aua
346 2523 431 2587 potine
447 2521 560 2569 libertate
579 2535 731 2586 pugnarent,
774 2520 843 2584 puina
852 2538 884 2569 ex
897 2521 1014 2586 Hispania
1026 2533 1084 2587 poet
1097 2523 1220 2571 devictum
1233 2527 1287 2573 Ser·

220 2618 293 2666 quarn
306 2616 353 2665 pro
371 2598 460 2648 civium
472 2599 607 2663 voluptate.
619 2602 730 2663 Lentuli,
773 2600 864 2649 torium
880 2612 1016 2662 revertam,
1033 2602 1163 2666 oppressit.
1181 2603 1230 2651 Sed
1246 2604 1288 2653 hie

220 2681 263 2744 qui
273 2695 315 2728 eoa
328 2681 411 2743 Capua
421 2678 514 2739 alebat,
526 2670 599 2728 ludus
612 2682 730 2730 contiuuo
773 2679 810 2728 uti
820 2681 847 2727 in
855 2679 897 2727 illa
904 2696 951 2744 pro
960 2680 1013 2743 lege
1021 2682 1132 2741 Manilia,
1142 2691 1167 2730 et
1175 2683 1287 2732 amicitiae

221 2759 349 2817 elfractua3
361 2774 427 2806 arma
439 2770 465 2807 et
482 2759 603 2822 Capuania
616 2769 641 2808 et
653 2760 730 2808 riato·
772 2758 883 2823 Pompeii
901 2758 1013 2821 indulget
1032 2771 1133 2817 orator,
1150 2770 1176 2807 et
1191 2760 1287 2811 levitati

220 2836 289 2884 ribus
304 2847 401 2900 mepta,
416 2837 662 2903 ducarqueappellrti
673 2854 728 2887 cum
770 2836 891 2895 hominia,
913 2836 999 2900 gloriae
1020 2837 1092 2885 etiam
1109 2837 1210 2896 alienae,
1231 2839 1287 2902 plur

220 2917 336 2979 Spartam
356 2917 497 2965 OEnouaaua
518 2928 544 2965 et
563 2918 669 2982 Cryaua.
688 2919 729 2968 Ab
770 2916 1064 2981 uimioappetcutie‚qui
1077 2915 1167 2965 exleri
1177 2917 1220 2965 illo
1230 2934 1288 2965 auc-

220 2996 250 3041 iia
263 2993 355 3043 bellum
371 2994 398 3040 in
414 2994 484 3043 ltalia
500 2995 578 3045 tribua
592 2996 642 3046 iera
659 2999 729 3047 annia
771 3009 840 3043 cesau
861 3005 1024 3058 occupaverat
1036 2995 1105 3059 prior
1124 2994 1157 3043 ad
1174 3007 1283 3045 renatum

220 3084 314 3137 gentum
324 3082 361 3120 eat
369 3072 436 3120 varia
445 3073 543 3123 iormna
551 3107 560 3133 ,
569 3075 662 3140 quippe
670 3077 729 3126 Clo·
771 3072 888 3131 aeribera,
896 3074 1026 3123 aCraaaum
1032 3073 1131 3137 quidem
1139 3073 1288 3137 gladiatores

219 3154 275 3202 diua
282 3164 375 3217 pretor
385 3161 475 3201 exutae
482 3153 577 3208 caenia,
587 3169 650 3217 cepe
660 3155 729 3205 lnam
770 3153 823 3201 acie
835 3150 938 3211 fudiaee,
951 3167 977 3200 ae
990 3168 1048 3200 raro
1061 3152 1153 3201 bellm
1166 3153 1284 3203 radicitua

220 3236 247 3282 P.
266 3231 385 3291 Varium
406 3233 434 3279 L.
453 3230 547 3279 Gallina
565 3232 664 3291 oonaul,
686 3235 729 3297 qui
771 3229 1018 3293 emtirpaue».1³lnr.
1031 3230 1058 3279 in
1069 3232 1156 3296 Pomp.

218 3315 331 3378 Cryxurn
344 3311 451 3373 vicerat,
465 3326 482 3359 a
495 3311 611 3375 Spartaco
623 3314 729 3363 revictae
806 3311 832 3360 8.
845 3311 902 3359 Non
909 3309 1024 3358 arbitror.
1038 3308 1069 3358 Ial
1082 3323 1131 3369 eet,
1142 3311 1249 3360 arbitror
1258 3323 1284 3361 te

219 3395 271 3458 ipae
283 3402 336 3454 eet,
351 3402 377 3440 et
390 3391 489 3454 lugetur
506 3390 593 3439 eonaul
604 3391 728 3443 Leutulua.
770 3404 822 3439 aare
830 3405 857 3437 ea
866 3390 937 3437 etiarn
945 3389 1111 3454 impudentia,
1121 3401 1150 3440 ut
1160 3407 1213 3439 rem
1222 3391 1284 3452 ejua·

218 3475 322 3536 Jamque
333 3470 425 3519 Urbem
434 3485 491 3517 euru
502 3480 600 3518 centum
611 3481 636 3518 et
644 3470 728 3519 boam
770 3468 839 3517 modi
850 3468 931 3517 dicere
943 3466 1040 3517 andrae.

218 3550 325 3599 millibus
338 3548 447 3613 peditum
456 3547 555 3612 petebat
566 3549 646 3598 uictor
654 3551 729 3614 ,Spar-
806 3563 831 3610 9·
840 3544 938 3599 sehin.
948 3549 1079 3597 eerneat.
1088 3549 1217 3607 warentia,
1226 3563 1284 3595 esse.

219 3641 384 3697 tacuaqquum
395 3628 418 3676 ei
429 3630 466 3676 tt.
476 3627 577 3677 Craaeua
585 3629 703 3690 occurrit,
712 3647 727 3678 a
770 3628 871 3678 Canum
880 3645 932 3677 nou
944 3628 1024 3679 video.
1037 3632 1062 3678 J.
1071 3629 1102 3675 V.
1112 3630 1141 3677 1.

218 3724 269 3771 quo
279 3708 352 3756 aemel
360 3717 435 3771 atque
442 3708 533 3755 iterum
541 3718 681 3771 superatne,
690 3720 727 3758 at·
808 3723 847 3754 ao.
864 3711 967 3759 Prorsus
983 3706 1129 3756 audivimus.
1150 3706 1227 3770 Quasi
1241 3717 1282 3757 tua

218 3786 527 3849 quetaudemoeciauaeat.
538 3786 726 3839 Sioccufeotum
770 3784 894 3849 diligentia
919 3787 1076 3850 lugitivorum
1103 3785 1188 3849 copiae
1213 3785 1283 3837 aditu

219 3876 255 3913 eat
267 3865 358 3914 bellum
369 3864 433 3914 utun
443 3881 510 3914 anuo
523 3866 584 3915 682.
597 3867 662 3917 Flor.
675 3871 725 3930 111,
770 3863 858 3913 Sicilia
874 3864 1037 3929 prohibuerit.
1058 3862 1154 3912 Montio
1171 3865 1207 3913 tui
1220 3865 1282 3914 laeta

220 3944 364 4004 acanthen.
376 3946 425 4004 Vl,
436 3959 479 3993 ar.
770 3959 901 4008 numquam
910 3942 1156 4007 estquuilugiuvn
1166 3943 1283 4009 aliquare

254 4023 281 4072 6.
294 4022 727 4075 7εΙιωιω.Ἑιιιοτὶ11υοι·νὶΙίειιοη
770 4021 902 4073 obstiterit.
921 4025 999 4071 Porro
1016 4021 1121 4072 navibua
1136 4040 1166 4072 ac
1188 4024 1284 4074 ratibua

220 4103 376 4168 Campaniam
398 4103 490 4166 modo,
512 4102 556 4153 aad
578 4114 657 4157 totam
677 4107 727 4156 fere
769 4101 796 4155 iu
812 4102 920 4155 simun
936 4103 1045 4167 trajicere
1063 4104 1193 4168 Spartacua
1210 4118 1282 4173 arque
