3200 4768
310 400 404 509 ,54Ι
622 400 669 468 Μ.
694 401 733 468 r.
761 398 1054 470 erenronn

309 533 347 598 P.
360 532 532 597 Arietem
547 544 683 593 nomen
692 535 768 592 erat
778 521 945 607 incisum,
957 544 1116 617 eumque
1128 523 1369 594 Crnrneonrr

307 661 424 707 cirri
441 655 673 717 exeruntur,
693 630 942 729 perscriptum.
961 629 1156 719 Colebatur
1175 657 1195 701 a
1211 631 1369 721 civibus;

308 751 354 823 ab
366 747 534 821 omnibus
545 745 691 817 advenis
705 743 907 835 visebatur,
922 770 1035 843 quum
1049 759 1222 844 quaestor²
1237 772 1369 836 essem,

308 861 399 931 nihil
412 860 502 930 mihi
516 855 562 927 ab
576 857 645 926 illis
660 870 714 926 est
726 854 1011 927 demonstratum
1026 858 1136 954 prius.
1150 860 1234 928 Erat
1248 857 1371 928 admo·

307 969 395 1041 dum
411 968 572 1065 amplum
586 979 623 1036 et
634 964 814 1036 excelsum
829 967 971 1062 signum
984 989 1065 1037 eum
1083 963 1211 1055 stola³;
1232 990 1370 1038 verum·

306 1094 427 1150 tamen
449 1081 564 1148 inerat
581 1076 619 1146 in
641 1075 700 1161 illa
718 1075 963 1172 magnitudine
986 1090 1070 1147 aetas
1092 1091 1200 1174 atque
1223 1075 1367 1146 habitus

308 1187 519 1287 virginalis:
546 1186 680 1283 sagittae
707 1183 918 1286 pendebant
944 1182 990 1254 ab
1015 1183 1170 1257 humero
1195 1213 1203 1256 ε
1224 1185 1367 1255 sinistra

310 1326 419 1373 manu
434 1296 612 1371 retinebat
627 1320 770 1388 areum,
794 1293 920 1368 dextra
937 1294 1124 1369 ardentem
1147 1295 1259 1368 facem
1273 1318 1366 1395 prte-

303 1409 451 1483 ferebat.

355 1524 457 1591 Hane
474 1540 589 1616 quum
605 1519 672 1590 iste
692 1539 875 1588 sacrorum
890 1516 1054 1585 omnium
1071 1513 1204 1601 hostis,
1224 1512 1366 1611 religio·

306 1655 469 1730 numque
486 1627 606 1728 praedo
619 1628 780 1715 vidisset,
800 1628 901 1724 quasi
915 1623 975 1696 illa
991 1628 1069 1723 ipsa
1085 1623 1163 1696 iace
1177 1647 1368 1722 percussus

307 1755 416 1829 esset,
440 1741 489 1811 ita
509 1739 656 1836 flagrare
684 1735 879 1836 cupiditate
903 1749 1014 1832 atque
1038 1736 1215 1806 amentia⁴
1246 1736 1367 1833 coepit.

304 1853 461 1947 Imperat
481 1846 745 1947 magistratibus
764 1837 845 1932 iste,
876 1858 919 1914 ut
942 1869 1021 1914 earn
1047 1843 1306 1931 demoliantur,
1333 1858 1369 1915 et

304 1959 373 2031 sibi
386 1958 474 2032 dent
488 1986 496 2029 :
514 1959 603 2030 nihil
617 1957 686 2028 sibi
702 1957 836 2056 gratius
850 1953 1007 2026 ostendit
1022 1950 1196 2027 futurum.
1211 1955 1267 2025 llli
1280 1979 1367 2026 vero

301 2068 435 2157 dicere,
462 2068 498 2139 id
521 2067 589 2140 sibi
609 2066 708 2139 nefas
727 2089 821 2151 esse;
846 2088 958 2162 seque
980 2089 1094 2162 quum
1119 2089 1259 2136 summa
1283 2064 1366 2135 reli·

303 2181 430 2274 gione,
445 2194 521 2249 tum
535 2198 677 2248 summo
690 2191 790 2247 metu
799 2170 941 2273 legum⁵
955 2188 993 2244 et
1003 2174 1222 2269 judiciorum
1238 2177 1365 2246 teneri.

303 2292 376 2359 lste
393 2304 472 2359 tum
490 2303 613 2386 petere
632 2286 677 2358 ab
693 2286 781 2375 illis,
796 2300 872 2357 tum
894 2287 1041 2373 minari,
1060 2299 1139 2355 tum
1152 2309 1274 2383 spem,
1289 2300 1366 2357 tum

303 2412 443 2468 metum
466 2394 667 2467 ostendere.
686 2395 930 2493 opponebant
952 2394 1004 2464 illi
1027 2395 1208 2466 interdum
1230 2420 1365 2466 nomen

304 2504 479 2593 Africani3
497 2503 636 2575 donum
652 2505 779 2603 populi
796 2503 961 2577 romani⁶
977 2504 1068 2577 illud
1084 2531 1159 2578 esse
1174 2505 1361 2593 dicebant3

339 2716 364 2747 π.
376 2701 488 2763 Quartor
496 2714 579 2747 essem.
590 2699 619 2746 In
630 2698 710 2746 Sicilie
721 2697 813 2745 seilicet
854 2698 986 2763 perculsus.
999 2698 1073 2747 Male.
1083 2699 1123 2748 Cl.
1135 2698 1214 2747 Bentl.
1227 2699 1259 2746 ed
1271 2703 1358 2748 Horat.

303 2796 368 2828 enno
382 2780 445 2840 678.
857 2778 903 2841 Ep.
917 2778 1108 2836 x1,2‚«amore
1119 2794 1258 2844 pereuntum
1271 2779 1365 2842 gravi»,

337 2862 364 2908 3.
376 2858 434 2907 cum
444 2858 516 2906 stola.
524 2855 667 2907 Vertimentl
678 2871 754 2920 genus
761 2865 813 2903 eret
857 2866 882 2904 et
894 2856 976 2903 liurm.
985 2856 1017 2904 ed
1029 2856 1104 2906 ovid.
1117 2859 1218 2906 Metam.
1232 2858 1275 2916 Π,
1291 2859 1348 2905 ι38.

301 2939 367 3002 apud
380 2939 479 2986 Graeeoe
489 2937 620 2995 usitatum,
632 2951 769 2999 nomenque
776 2934 812 2982 la·
892 2936 917 2984 t.
936 2938 1034 2984 Summo
1052 2948 1117 2984 metu
1138 2938 1228 3003 legum.
1248 2938 1301 2985 Nee
1314 2937 1366 2985 eine

218 3064 226 3077 ,
300 3019 379 3065 tinum
400 3026 485 3080 poster
498 3014 600 3062 delinxit
616 3015 642 3061 in
665 3029 811 3063 termonem.
855 3013 1367 3080 eenrequidemmemquegreriesimreup·

301 3095 448 3142 Stolaveetie
457 3104 507 3141 eret
518 3092 646 3158 peculiaris
655 3092 811 3153 feminarum,
854 3093 928 3159 plieie
940 3093 971 3142 ab
984 3096 1019 3143 eir
1036 3095 1209 3157 sumebantur,
1225 3111 1277 3143 non
1290 3095 1364 3142 modo

300 3173 332 3220 ad
341 3174 402 3219 talos
409 3188 484 3236 usque
495 3171 811 3235 demirer,etmultoquam
854 3172 897 3236 qui
909 3173 968 3221 deor
982 3173 1062 3223 erede
1076 3190 1119 3222 rue
1135 3174 1309 3231 detmxiesent,
1323 3172 1365 3220 red

301 3262 357 3314 toga
369 3252 476 3297 virorum
488 3249 601 3313 amplior.
610 3275 645 3285 -
656 3250 754 3297 Facem.
764 3253 811 3298 Ar·
854 3254 927 3300 etiarn
940 3253 982 3317 qui
989 3252 1082 3317 aliquid
1092 3269 1187 3301 summo
1197 3262 1364 3301 eoneeerrtum

299 3345 357 3378 eum
370 3330 434 3375 enim
450 3327 581 3386 Dianam
597 3329 719 3387 venatrix,
734 3329 810 3377 fecem
854 3333 947 3380 numini
975 3343 1054 3381 errent
1082 3333 1164 3381 furati.
1192 3334 1280 3381 Narrat
1300 3330 1365 3378 enirn

299 3425 374 3467 vero,
386 3418 414 3456 ut
423 3407 498 3465 lune,
509 3406 660 3471 prael'erebrt.
854 3411 941 3459 AElian.
952 3412 1017 3459 Hirr.
1031 3413 1063 3471 V,
1076 3413 1120 3470 ιθ,
1132 3428 1234 3475 puerum
1245 3409 1364 3472 uerilegil

336 3498 361 3545 l..
376 3485 512 3552 Cupiditate
520 3497 547 3534 et
555 3485 671 3535 amentia.
681 3489 759 3535 Furor
768 3487 810 3535 ille
854 3490 993 3538 demnatum
1002 3489 1086 3547 iniere,
1093 3491 1161 3553 quod
1170 3504 1270 3539 aureum
1278 3489 1363 3537 lolium

298 3569 343 3632 qui
352 3570 452 3616 Verrem
461 3565 552 3630 abripit
560 3581 610 3613 uno
621 3566 698 3614 verbo
711 3577 735 3614 et
745 3568 809 3631 opti·
853 3568 922 3632 quod
932 3582 961 3615 ex
971 3567 1056 3616 Dirnae
1067 3584 1158 3618 corona
1171 3571 1307 3627 decideret,
1319 3569 1363 3615 im·

299 3664 336 3696 me
361 3648 460 3713 quidem
480 3645 629 3710 depingitur.
648 3646 725 3693 Diana
744 3647 809 3695 enim
852 3646 1366 3712 pmdenreubripueret.1udedelritalueis

297 3727 458 3777 exhibebatur
475 3727 552 3775 larem
572 3724 657 3798 dextra
672 3742 768 3789 gerens,
785 3737 809 3774 et
854 3726 1019 3791 religiosisque
1032 3726 1093 3775 loeis
1106 3729 1240 3775 venerrtio.
1324 3723 1327 3730 ’

298 3808 418 3855 neminem
425 3807 550 3866 hirneam
558 3805 621 3854 lune
627 3805 810 3864 nomine,men·
888 3804 913 3853 6.
926 3806 1016 3871 Populi
1024 3806 1128 3855 romani.
1138 3807 1223 3866 Eine,
1242 3817 1270 3854 nt
1281 3804 1364 3852 Veri-tr

297 3893 346 3930 tem
355 3901 437 3934 eorum
447 3885 808 3949 omuinoevertere,quoeirrta
852 3884 931 3932 eeelur
946 3887 1042 3949 gravior
1055 3886 1223 3943 demonstrem
1238 3900 1288 3932 non
1299 3884 1363 3931 euim

297 3962 388 4011 lumine
402 3965 530 4027 tangebat:
546 3966 627 4029 itaque
646 3975 729 4013 orator
740 3964 806 4028 lym·
852 3964 939 4029 populi
949 3967 1058 4023 romani,
1071 3965 1114 4013 red
1123 3964 1244 4029 Scipionis
1254 3961 1364 4010 Auiani

296 4039 400 4104 pharum
414 4053 553 4103 pretorem,
568 4053 592 4090 et
603 4044 704 4091 omnino
713 4043 750 4088 eui
760 4042 806 4087 irn-
850 4059 907 4090 vere
920 4043 1012 4091 donum
1033 4056 1097 4102 erat,
1118 4044 1161 4108 qui
1173 4052 1278 4091 stutirem
1297 4040 1365 4089 illum

296 4127 421 4184 potentem
434 4118 521 4180 arguit.
531 4120 597 4165 Loco
608 4134 735 4181 percussus
748 4117 807 4164 olim
852 4123 988 4186 Segannie
1000 4124 1143 4172 restituent,
