3016 4774
351 314 421 414 576
700 313 985 385 sxcnnsns
1015 318 1059 384 x.

347 441 416 529 ipsa
430 435 618 518 conjunctio
636 449 688 519 et,
704 451 743 501 ut
759 436 857 509 simul
875 451 933 500 aut
947 433 1206 501 affirmationem
1225 439 1401 528 importent,

347 560 404 611 aut
416 543 632 633 negationem.
648 541 737 605 Infra
756 564 826 630 cap.
842 564 904 605 so:
921 541 1012 604 «Iam
1029 542 1210 625 restitues,
1231 544 1261 608 si
1278 561 1351 609 tuus
1366 567 1404 607 nc

346 650 480 715 libertus
496 648 680 728 dejecerit...
702 671 800 736 quam
819 648 852 711 si
866 662 1092 736 procurator...
1105 650 1195 712 Tam
1214 650 1403 730 restituent

347 778 434 821 unus
450 756 613 835 servulus,
628 775 725 842 qunnr
749 754 777 818 si
798 753 935 833 familia,
950 767 1038 853 etc.»
1055 754 1097 817 Et
1112 776 1189 843 cap.
1211 754 1253 819 31
1274 755 1405 833 similiter,
1445 766 1454 817 t

348 862 440 926 etita
458 860 587 950 passim.
605 859 674 922 Janr
693 881 771 923 vero
788 850 911 948 Appius
933 857 1043 921 Caeeus
1062 860 1264 948 quempiam
1285 882 1401 949 presen-

348 984 415 1032 tem
432 964 606 1030 convenire
629 986 696 1028 non
715 965 882 1051 potuisset.
900 964 1008 1047 Quam
1031 964 1074 1028 ob
1098 965 1271 1029 causam?
1291 964 1404 1053 qiusil-

348 1072 433 1154 lum,
456 1085 570 1135 contra
590 1091 689 1157 quem
708 1070 838 1159 agebat,
854 1076 1028 1158 compicere
1039 1092 1107 1134 non
1120 1086 1270 1158 poterat.
1289 1066 1403 1154 Quando

347 1166 526 1244 absurdum
537 1175 601 1240 hoc
611 1175 792 1240 necessario
802 1176 992 1264 contingere
1003 1176 1209 1264 oportebat?
1226 1178 1263 1241 Si
1280 1176 1404 1241 homine

349 1305 419 1348 rem
447 1302 485 1345 ac
508 1302 640 1344 sensum
663 1278 837 1343 verborum
861 1301 929 1343 non
959 1279 1227 1364 considentem,
1259 1296 1401 1346 consecu-

350 1403 464 1453 rentur
476 1401 584 1451 autem
598 1385 665 1474 ipsa
683 1384 913 1449 tantummodo
929 1385 1045 1467 verba,
1057 1385 1092 1450 h.
1105 1409 1134 1452 e.
1148 1387 1179 1450 si
1191 1401 1403 1476 putarentnon

351 1494 427 1559 satis
443 1513 533 1571 esse,
556 1505 595 1554 ut
612 1510 751 1577 presens
767 1488 967 1556 adversarius
986 1492 1044 1573 sit,
1067 1491 1142 1556 licet
1162 1516 1238 1558 non
1254 1488 1403 1580 conspicis·

350 1616 420 1680 tur,
439 1619 477 1661 ac
503 1594 622 1659 vellent
644 1596 749 1684 reipsa
771 1597 914 1686 conspici
936 1598 1028 1667 illuni
1047 1597 1178 1663 debere.
1198 1595 1403 1685 Hincoptint

351 1704 484 1768 Cicero:
503 1700 558 1765 «Si
574 1716 640 1765 tam
656 1724 730 1766 vere
746 1701 897 1767 homines
912 1704 1011 1768 verba
1024 1721 1311 1779 consectarentur,
1325 1720 1402 1790 quam

351 1831 436 1891 rem,
451 1806 544 1888 cujus
560 1831 656 1872 causa
676 1808 772 1872 verba
787 1826 882 1891 sunt,
895 1833 963 1874 non
983 1811 1233 1877 considerarent
1246 1834 1254 1877 ε
1267 1810 1307 1898 (si
1316 1826 1401 1872 rerer

350 1915 501 1980 homines
519 1929 552 1978 et
566 1913 697 1979 rerba...
708 1930 742 1979 et
754 1935 842 1995 rem,
860 1915 942 2004 etc.)
952 1946 965 1971 ν
981 1932 1020 1981 ut
1036 1919 1123 1982 eninr
1140 1917 1230 1983 illud
1247 1910 1401 1981 absurdum

351 2035 580 2109 consequatur,
599 2036 777 2108 utrumqne
798 2019 896 2085 debet
920 2023 1129 2110 contingere,
1148 2041 1192 2087 ut
1219 2021 1359 2087 homines
1375 2027 1399 2076 et

351 2126 449 2192 verbo
466 2142 705 2209 consectentur,
719 2141 752 2191 et
767 2148 836 2189 rem
850 2148 917 2193 non
935 2126 1150 2209 considerent.
1172 2130 1277 2194 Fun.

352 2316 1394 2354 wwummu'smwwnmwwuwwnmmwwnmffl

558 2445 1061 2666 nxcnnsns
1107 2546 1218 2665 xi

436 2788 501 2859 sn
527 2788 802 2857 oninonsn
826 2789 916 2859 rno
940 2790 1137 2879 cneus,
1162 2794 1262 2864 cnr.
1287 2810 1337 2858 20.

747 2983 791 2988 0-
801 2969 1034 2999 «κο-

401 3142 506 3229 Quum
523 3140 583 3204 stbt
597 3139 655 3202 hoc
660 3142 892 3228 proposuerint,
910 3154 948 3206 ut
965 3166 1014 3207 me
1029 3151 1172 3210 restituas
1180 3173 1194 3228 ,-
1212 3150 1275 3212 sive
1290 3156 1322 3207 tu
1330 3135 1396 3225 deje-

354 3254 442 3328 ceris,
454 3263 514 3311 etc.
530 3243 684 3308 Praeclare
697 3269 715 3308 n
729 3267 781 3309 me
796 3246 851 3309 hic
867 3248 959 3312 locus
978 3250 1146 3316 restitutus
1164 3268 1231 3334 est,
1252 3270 1312 3339 ope
1327 3255 1395 3306 vett·

356 3355 400 3421 ris
418 3347 552 3431 codicis,
571 3372 674 3437 quum
691 3351 725 3414 in
743 3350 832 3414 libris
847 3353 985 3442 vulgatis
1001 3362 1145 3421 restituas
1161 3357 1393 3423 desideraretur*

355 3477 536 3551 pronomen
554 3478 602 3519 me
618 3472 701 3519 esset
713 3456 787 3519 loco
803 3480 864 3522 suo
877 3477 1023 3543 motum,
1037 3478 1070 3527 et
1086 3463 1119 3527 in
1137 3464 1241 3528 alieno
1258 3457 1394 3550 positum,

356 3570 391 3632 in
411 3586 478 3653 quo
497 3563 543 3625 sic
565 3561 699 3651 legitur:
715 3585 839 3648 «quum
868 3565 929 3628 sibi
954 3565 1018 3629 hoc
1045 3569 1290 3656 proposuerint,
1306 3575 1339 3626 ut
1353 3569 1393 3617 11¹⁶

357 3670 519 3750 restituas,
534 3667 600 3731 sive
619 3684 656 3730 tu
673 3666 841 3750 dejeceris,
858 3685 917 3734 etc.
929 3701 942 3727 ι
954 3671 1058 3737 Lens.

402 3776 508 3863 Quum
526 3772 586 3835 sibt
600 3770 658 3835 hoc
666 3778 902 3861 proposuerint,
921 3779 978 3841 nti.
991 3777 1116 3843 Locum
1133 3794 1317 3869 corruptum
1328 3765 1391 3832 libe·

357 3880 441 3960 rius,
462 3894 500 3942 ut
519 3877 600 3941 mihi
620 3875 760 3955 videtur,
781 3880 912 3971 corrigit
929 3881 977 3946 vir
999 3872 1125 3949 doctus.
1146 3883 1300 3950 Particula
1316 3868 1394 3938 utin·

356 3983 480 4049 cucata
501 3982 629 4049 videtur
654 4000 729 4074 post
746 3990 987 4075 proposuerim
1010 4014 1050 4055 ex
1073 3992 1159 4058 illius
1180 3990 1268 4058 rerbi
1286 3975 1391 4051 dunas
