3054 4772
285 350 358 424 608
598 348 874 421 EXCURSUS
899 350 1044 421 xxlv.
1183 378 1186 389 ·

284 491 413 542 tantum
428 467 587 554 addebat,
603 501 617 527 κ
626 488 763 562 propter
776 472 1020 540 usumfructum
1030 504 1054 540 ι.
1065 474 1277 540 continuatio
1285 496 1365 564 pos-

287 578 438 649 sessionis
461 600 520 666 per
539 577 715 661 colonum,
737 597 771 645 et
791 580 969 645 aditionem
988 579 1175 645 hereditatis
1193 582 1363 646 manifesta

286 704 347 754 eat.
366 684 493 751 AEbutii
508 684 630 749 etenim
646 703 754 775 partes
776 703 887 769 erant,
903 686 1047 753 fundum
1062 686 1245 769 vindicare,
1264 703 1365 776 atque

291 793 335 860 ad
359 791 560 859 Caemnnism
581 791 689 857 solum
709 794 954 859 usumfructum
979 794 1176 884 pertinuisse
1196 795 1362 882 probam:

290 898 381 989 quod
396 898 450 963 ille
471 913 543 962 tum
564 895 697 963 demum
719 899 824 966 facem
842 900 1003 982 instituit,
1027 922 1132 988 quum
1149 900 1182 963 ri
1203 900 1363 965 Genium
1393 921 1404 943 ·

290 1007 434 1096 depulit,
450 1004 576 1094 qui,'ut
592 1005 687 1071 heres
699 1006 869 1070 intereain
885 1005 1003 1070 veteris
1021 1005 1190 1070 ioeationis
1201 1006 1273 1087 jura
1286 1026 1363 1069 sae·

290 1128 431 1181 cesserat
448 1134 458 1177 ε
472 1128 506 1176 et
520 1111 586 1178 hoe
598 1129 668 1196 est,
685 1112 776 1200 quod
790 1112 921 1195 dicitur,
936 1111 1046 1176 eodem
1053 1114 1141 1200 jum.
1161 1111 1243 1177 Gn.

292 1305 566 1325 mmmmm
571 1304 847 1325 mmm
1202 1306 1334 1325 m

452 1495 955 1620 EXCURSUS
1002 1501 1209 1622 XXV

375 1733 440 1803 AD
464 1732 741 1805 ORATIONEM
765 1734 855 1804 PRO
881 1735 1083 1821 CAECINA,
1106 1736 1204 1806 CAP.
1230 1735 1286 1809 33.

712 1898 949 1923 -Φκ-

339 2053 375 2118 Sr
392 2073 473 2130 oure
490 2073 544 2115 rus
559 2071 623 2115 non
637 2070 731 2113 rsssr
746 2069 887 2131 nosset,
901 2071 975 2114 rsus
990 2072 1035 2115 sa
1052 2074 1138 2118 tres
1151 2074 1290 2118 nmmos
1308 2077 1367 2119 ao·

298 2182 417 2226 earum
434 2158 557 2247 Legum
566 2155 771 2253 principium
788 2155 935 2220 hocerat
952 2178 961 2221 t
981 2186 995 2213 ι
1007 2159 1149 2242 Consul,
1168 2161 1221 2224 rel
1239 2177 1366 2249 praetor,

297 2265 349 2330 rel
365 2265 447 2329 alius
463 2263 685 2352 magistratus,
697 2261 841 2349 quicum
856 2261 979 2351 populo
991 2280 1116 2353 egerat,
1127 2267 1288 2353 populum
1296 2267 1366 2347 jure

296 2371 431 2460 rogavit,
441 2369 650 2457 populusque
657 2367 778 2431 scirit».
786 2367 976 2432 Extremum
984 2368 1065 2435 iilud
1075 2373 1144 2436 usi
1154 2372 1235 2460 quid
1239 2376 1293 2455 jus
1303 2394 1366 2439 oon

297 2477 360 2541 fuit
371 2475 496 2565 rogari,
512 2472 580 2554 ejus
592 2494 628 2537 ea
638 2473 709 2562 lege
723 2472 863 2537 nihilum
878 2491 1051 2564 rogatum»
1062 2497 1070 2541 t
1081 2495 1209 2543 constat
1219 2504 1259 2546 ex
1267 2483 1366 2571 prima

296 2582 330 2646 in
354 2579 554 2659 Antonium,
578 2594 611 2642 et
632 2578 703 2669 lege
722 2577 862 2666 quadam
885 2579 974 2668 apud
998 2582 1196 2650 Frontinum
1214 2586 1255 2652 de
1276 2608 1366 2675 aqum

250 2736 255 2747 .
297 2679 468 2761 ductibus,
484 2695 518 2744 et
536 2678 621 2744 libro
637 2678 756 2743 Valerii
770 2679 870 2763 Probi
887 2680 928 2747 de
948 2683 1043 2748 Notis
1059 2687 1233 2775 Antiquis,
1250 2689 1283 2752 io
1301 2710 1368 2778 quo

297 2808 407 2855 tamen
423 2787 571 2877 quaedatn
584 2803 738 2875 corrupta
754 2804 832 2852 suot
849 2810 858 2853 t
874 2788 1021 2878 itemque
1037 2810 1071 2858 et
1087 2811 1168 2861 orat.
1186 2819 1249 2885 pro
1263 2799 1369 2862 Domo

299 2919 357 2961 sua
374 2894 424 2959 his
442 2894 550 2958 verbis
570 2916 578 2959 τ
599 2893 704 2975 «Quae
726 2909 781 2957 tua
800 2894 863 2958 fuit
878 2899 1102 2963 eonsecratio?
1123 2902 1295 2986 Toleram,
1318 2903 1369 2967 in·

299 3001 389 3093 quit,
407 3015 446 3064 ut
463 2999 545 3064 mihi
564 2998 693 3080 liceret,
710 2997 791 3087 quid
815 3022 883 3064 non
904 3022 1149 3092 exceperus3ut
1165 3008 1193 3072 si
1211 3009 1304 3096 quod
1317 3010 1369 3090 jus

299 3131 368 3197 non
385 3122 470 3175 esset
491 3126 622 3194 rogare,
643 3128 686 3169 ne
710 3123 794 3173 esset
815 3109 1011 3198 rogatumi»
1027 3111 1134 3176 Etiam
1157 3114 1190 3195 in
1215 3115 1308 3205 epist.
1330 3114 1371 3182 ad

300 3212 462 3294 Atticum,
477 3210 561 3274 libro
575 3209 646 3291 ΙΙΙ,
663 3209 808 3298 Epistola
823 3234 832 3275 t
846 3212 933 3278 Adv
948 3211 1015 3281 kal.
1029 3215 1086 3280 uhi
1107 3220 1313 3307 rogationem
1330 3220 1370 3285 de

299 3341 334 3384 se
355 3313 557 3407 restituendo
582 3313 734 3402 scriptam
758 3321 1043 3404 commemoravit,
1069 3322 1120 3386 his
1145 3325 1232 3389 notis
1257 3328 1366 3407 utitem

299 3445 373 3517 qum
389 3420 454 3484 hoc
475 3416 677 3510 significant,
693 3421 736 3485 E.
756 3421 798 3485 H.
819 3421 857 3485 L.
878 3424 923 3488 N.
942 3424 979 3489 Ii.
1000 3426 1059 3490 ubi
1076 3444 1185 3493 tamen
1203 3430 1230 3495 Ι.
1252 3454 1312 3519 pro
1328 3431 1364 3495 L.

298 3542 453 3616 corrupte
478 3524 607 3614 legitur.
632 3525 755 3590 Verum
776 3542 814 3590 ut
836 3526 878 3592 ad
899 3552 967 3599 rem
992 3547 1205 3616 revertamur,
1224 3535 1302 3624 quid
1321 3536 1364 3598 ita

300 3635 396 3700 Sullae
412 3654 480 3696 non
496 3630 561 3696 fuit
571 3629 624 3711 jus
637 3629 672 3695 id
688 3632 826 3721 rogare?
839 3633 903 3698 hoc
918 3634 1110 3726 intelligitur
1121 3662 1162 3704 ex
1172 3640 1283 3706 eadem
1295 3662 1371 3705 ora·
1448 3707 1453 3713 ,

301 3742 413 3807 tione:
428 3738 561 3821 *Quum
573 3738 654 3819 hoc,
666 3738 775 3826 inquit
786 3785 796 3820 ,
806 3738 888 3820 juris
904 3764 922 3804 a
937 3742 1116 3825 majoribus
1130 3746 1298 3836 proditum
1313 3747 1369 3830 sit,

301 3863 339 3909 ut
364 3869 461 3909 nemo
486 3846 563 3910 ciris
583 3867 665 3909 rona.
692 3861 749 3909 aut
774 3845 1056 3930 liberorumne
1081 3853 1245 3917 civitatem
1269 3855 1372 3943 possit

300 3951 465 4032 amittere,
484 3948 546 4015 nisi
562 3951 630 4038 ipse
643 3967 757 4017 auctor
773 3952 877 4019 fectus
896 3954 948 4020 sit.
959 3987 972 4013 ι
987 3957 1031 4021 Et
1050 3958 1158 4045 paullo
1179 3976 1277 4048 post:
1293 3963 1373 4027 «ius

302 4052 509 4134 amajoribus
519 4056 638 4121 nostris
652 4057 696 4121 ita
709 4074 933 4145 comparatum
950 4078 1017 4145 est,
1034 4079 1073 4127 ut
1084 4063 1164 4130 civis
1179 4086 1261 4130 rom.
1274 4066 1375 4131 liber-
