<?xml version="1.0" encoding="UTF-8"?>
<!DOCTYPE html PUBLIC "-//W3C//DTD XHTML 1.0 Transitional//EN"
    "http://www.w3.org/TR/xhtml1/DTD/xhtml1-transitional.dtd">
<html xmlns="http://www.w3.org/1999/xhtml" xml:lang="en" lang="en">
 <head>
  <title>
</title>
<meta http-equiv="Content-Type" content="text/html;charset=utf-8" />
  <meta name='ocr-system' content='tesseract 3.04.00' />
  <meta name='ocr-capabilities' content='ocr_page ocr_carea ocr_par ocr_line ocrx_word'/>
</head>
<body>
  <div class='ocr_page' id='page_1' title='image "./mtciceronisquae00bouigoog_0340.png"; bbox 0 0 3186 4772; ppageno 0'>
   <div class='ocr_carea' id='block_1_1' title="bbox 603 434 1258 509">
    <p class='ocr_par' dir='ltr' id='par_1_1' title="bbox 603 434 1258 509">
     <span class='ocr_line' id='line_1_1' title="bbox 603 434 1258 509; baseline 0.011 -7"><span class='ocrx_word' id='word_1_1' title='bbox 603 434 868 505; x_wconf 87' lang='lat' dir='ltr'><strong>SYNOPSlS.</strong></span> <span class='ocrx_word' id='word_1_2' title='bbox 1193 437 1258 509; x_wconf 76' lang='lat'><strong>321</strong></span> 
     </span>
    </p>
   </div>
   <div class='ocr_carea' id='block_1_2' title="bbox 193 536 1335 3144">
    <p class='ocr_par' dir='ltr' id='par_1_2' title="bbox 237 536 1335 2275">
     <span class='ocr_line' id='line_1_2' title="bbox 242 536 1334 629; baseline 0.006 -14"><span class='ocrx_word' id='word_1_3' title='bbox 242 555 279 615; x_wconf 68' lang='lat' dir='ltr'><strong>aa</strong></span> <span class='ocrx_word' id='word_1_4' title='bbox 303 553 512 614; x_wconf 65' lang='lat' dir='ltr'><strong>saeuiturum</strong></span> <span class='ocrx_word' id='word_1_5' title='bbox 536 553 756 629; x_wconf 61' lang='lat' dir='ltr'><strong>adversarium</strong></span> <span class='ocrx_word' id='word_1_6' title='bbox 786 557 909 616; x_wconf 69' lang='lat' dir='ltr'><strong>docear</strong></span> <span class='ocrx_word' id='word_1_7' title='bbox 927 556 1037 616; x_wconf 73' lang='lat' dir='ltr'><strong>nuttam</strong></span> <span class='ocrx_word' id='word_1_8' title='bbox 1059 558 1146 618; x_wconf 62' lang='lat' dir='ltr'><strong>fuae</strong></span> <span class='ocrx_word' id='word_1_9' title='bbox 1164 562 1266 622; x_wconf 68' lang='lat' dir='ltr'><strong>vara</strong></span> <span class='ocrx_word' id='word_1_10' title='bbox 1329 536 1334 547; x_wconf 80' lang='grc'><em>’</em></span> 
     </span>
     <span class='ocr_line' id='line_1_3' title="bbox 242 650 1266 734; baseline 0.006 -22"><span class='ocrx_word' id='word_1_11' title='bbox 242 672 360 732; x_wconf 81' lang='lat' dir='ltr'>operam</span> <span class='ocrx_word' id='word_1_12' title='bbox 375 653 405 710; x_wconf 90' lang='lat' dir='ltr'><strong>in</strong></span> <span class='ocrx_word' id='word_1_13' title='bbox 418 650 495 710; x_wconf 90' lang='lat' dir='ltr'><strong>bello</strong></span> <span class='ocrx_word' id='word_1_14' title='bbox 510 651 723 729; x_wconf 87' lang='lat' dir='ltr'><strong>fugitivorume</strong></span> <span class='ocrx_word' id='word_1_15' title='bbox 736 655 867 734; x_wconf 79' lang='lat' dir='ltr'>Spartaci</span> <span class='ocrx_word' id='word_1_16' title='bbox 879 654 1018 732; x_wconf 87' lang='lat' dir='ltr'><strong>reliquiis.</strong></span> <span class='ocrx_word' id='word_1_17' title='bbox 1026 660 1099 714; x_wconf 86' lang='lat' dir='ltr'><strong>Nam</strong></span> <span class='ocrx_word' id='word_1_18' title='bbox 1111 676 1164 734; x_wconf 90' lang='lat' dir='ltr'><strong>per</strong></span> <span class='ocrx_word' id='word_1_19' title='bbox 1173 670 1266 718; x_wconf 91' lang='lat' dir='ltr'><strong>totum</strong></span> 
     </span>
     <span class='ocr_line' id='line_1_4' title="bbox 242 749 1268 831; baseline 0.005 -22"><span class='ocrx_word' id='word_1_20' title='bbox 242 751 343 809; x_wconf 88' lang='lat' dir='ltr'><strong>Verris</strong></span> <span class='ocrx_word' id='word_1_21' title='bbox 364 749 519 808; x_wconf 88' lang='lat' dir='ltr'><strong>triennium</strong></span> <span class='ocrx_word' id='word_1_22' title='bbox 540 749 570 806; x_wconf 94' lang='lat' dir='ltr'><strong>in</strong></span> <span class='ocrx_word' id='word_1_23' title='bbox 591 750 688 810; x_wconf 83' lang='lat' dir='ltr'><strong>Sicilia</strong></span> <span class='ocrx_word' id='word_1_24' title='bbox 707 750 816 811; x_wconf 87' lang='lat' dir='ltr'><strong>bellum</strong></span> <span class='ocrx_word' id='word_1_25' title='bbox 836 752 939 810; x_wconf 80' lang='lat' dir='ltr'><strong>servile</strong></span> <span class='ocrx_word' id='word_1_26' title='bbox 963 750 1042 809; x_wconf 90' lang='lat' dir='ltr'><strong>haud</strong></span> <span class='ocrx_word' id='word_1_27' title='bbox 1058 752 1164 825; x_wconf 78' lang='lat' dir='ltr'><strong>fuisse3</strong></span> <span class='ocrx_word' id='word_1_28' title='bbox 1178 774 1268 831; x_wconf 88' lang='lat' dir='ltr'><strong>quum</strong></span> 
     </span>
     <span class='ocr_line' id='line_1_5' title="bbox 243 842 1271 929; baseline 0.006 -25"><span class='ocrx_word' id='word_1_29' title='bbox 243 866 339 926; x_wconf 87' lang='lat' dir='ltr'><strong>neque</strong></span> <span class='ocrx_word' id='word_1_30' title='bbox 355 866 391 905; x_wconf 82' lang='lat' dir='ltr'><strong>ex</strong></span> <span class='ocrx_word' id='word_1_31' title='bbox 404 846 488 905; x_wconf 87' lang='lat' dir='ltr'><strong>Italia</strong></span> <span class='ocrx_word' id='word_1_32' title='bbox 501 847 579 904; x_wconf 85' lang='lat' dir='ltr'><strong>servi</strong></span> <span class='ocrx_word' id='word_1_33' title='bbox 594 847 625 904; x_wconf 90' lang='lat' dir='ltr'><strong>in</strong></span> <span class='ocrx_word' id='word_1_34' title='bbox 639 848 765 908; x_wconf 86' lang='lat' dir='ltr'><strong>Siciliam</strong></span> <span class='ocrx_word' id='word_1_35' title='bbox 781 848 903 906; x_wconf 87' lang='lat' dir='ltr'><strong>transire</strong></span> <span class='ocrx_word' id='word_1_36' title='bbox 915 842 1083 926; x_wconf 71' lang='lat' dir='ltr'><strong>potuerint,</strong></span> <span class='ocrx_word' id='word_1_37' title='bbox 1098 867 1151 905; x_wconf 93' lang='lat' dir='ltr'><strong>nec</strong></span> <span class='ocrx_word' id='word_1_38' title='bbox 1164 849 1194 906; x_wconf 92' lang='lat' dir='ltr'><strong>in</strong></span> <span class='ocrx_word' id='word_1_39' title='bbox 1207 851 1271 929; x_wconf 88' lang='lat' dir='ltr'><strong>ipsa</strong></span> 
     </span>
     <span class='ocr_line' id='line_1_6' title="bbox 242 941 1270 1024; baseline 0.003 -24"><span class='ocrx_word' id='word_1_40' title='bbox 242 943 336 1001; x_wconf 88' lang='lat' dir='ltr'><strong>insula</strong></span> <span class='ocrx_word' id='word_1_41' title='bbox 348 941 517 1001; x_wconf 77' lang='lat' dir='ltr'><strong>serviacum</strong></span> <span class='ocrx_word' id='word_1_42' title='bbox 529 943 587 1001; x_wconf 90' lang='lat' dir='ltr'><strong>telo</strong></span> <span class='ocrx_word' id='word_1_43' title='bbox 603 963 665 1002; x_wconf 86' lang='lat' dir='ltr'><strong>essa</strong></span> <span class='ocrx_word' id='word_1_44' title='bbox 678 944 807 1017; x_wconf 82' lang='lat' dir='ltr'><strong>licuerit,</strong></span> <span class='ocrx_word' id='word_1_45' title='bbox 821 944 998 1021; x_wconf 85' lang='lat' dir='ltr'><strong>omninoque</strong></span> <span class='ocrx_word' id='word_1_46' title='bbox 1012 963 1047 1002; x_wconf 90' lang='lat' dir='ltr'><strong>ea</strong></span> <span class='ocrx_word' id='word_1_47' title='bbox 1061 944 1169 1003; x_wconf 84' lang='lat' dir='ltr'><strong>fuerint</strong></span> <span class='ocrx_word' id='word_1_48' title='bbox 1181 965 1270 1024; x_wconf 90' lang='lat' dir='ltr'><strong>supe-</strong></span> 
     </span>
     <span class='ocr_line' id='line_1_7' title="bbox 242 1040 1272 1120; baseline 0.002 -22"><span class='ocrx_word' id='word_1_49' title='bbox 242 1041 352 1098; x_wconf 81' lang='lat' dir='ltr'><strong>riorum</strong></span> <span class='ocrx_word' id='word_1_50' title='bbox 365 1052 522 1118; x_wconf 84' lang='lat' dir='ltr'><strong>praetorum</strong></span> <span class='ocrx_word' id='word_1_51' title='bbox 535 1040 677 1113; x_wconf 88' lang='lat' dir='ltr'><strong>instituta,</strong></span> <span class='ocrx_word' id='word_1_52' title='bbox 696 1060 788 1119; x_wconf 88' lang='lat' dir='ltr'><strong>eaque</strong></span> <span class='ocrx_word' id='word_1_53' title='bbox 807 1040 1020 1120; x_wconf 77' lang='lat' dir='ltr'><strong>negotiatorum</strong></span> <span class='ocrx_word' id='word_1_54' title='bbox 1034 1060 1220 1100; x_wconf 89' lang='lat' dir='ltr'><strong>romanorum</strong></span> <span class='ocrx_word' id='word_1_55' title='bbox 1242 1054 1272 1119; x_wconf 90' lang='lat' dir='ltr'><strong>et</strong></span> 
     </span>
     <span class='ocr_line' id='line_1_8' title="bbox 237 1136 1269 1217; baseline 0.002 -22"><span class='ocrx_word' id='word_1_56' title='bbox 237 1137 395 1196; x_wconf 82' lang='lat' dir='ltr'><strong>siculorum</strong></span> <span class='ocrx_word' id='word_1_57' title='bbox 411 1136 581 1211; x_wconf 84' lang='lat' dir='ltr'><strong>concordia,</strong></span> <span class='ocrx_word' id='word_1_58' title='bbox 604 1151 637 1197; x_wconf 91' lang='lat' dir='ltr'><strong>ut</strong></span> <span class='ocrx_word' id='word_1_59' title='bbox 652 1139 764 1198; x_wconf 90' lang='lat' dir='ltr'><strong>nullum</strong></span> <span class='ocrx_word' id='word_1_60' title='bbox 788 1139 819 1196; x_wconf 90' lang='lat' dir='ltr'><strong>in</strong></span> <span class='ocrx_word' id='word_1_61' title='bbox 843 1139 907 1217; x_wconf 91' lang='lat' dir='ltr'><strong>ipsa</strong></span> <span class='ocrx_word' id='word_1_62' title='bbox 928 1137 1078 1216; x_wconf 85' lang='lat' dir='ltr'><strong>provincia</strong></span> <span class='ocrx_word' id='word_1_63' title='bbox 1092 1138 1199 1197; x_wconf 89' lang='lat' dir='ltr'><strong>malum</strong></span> <span class='ocrx_word' id='word_1_64' title='bbox 1212 1138 1269 1197; x_wconf 93' lang='lat' dir='ltr'><strong>do-</strong></span> 
     </span>
     <span class='ocr_line' id='line_1_9' title="bbox 240 1228 1270 1313; baseline 0.002 -21"><span class='ocrx_word' id='word_1_65' title='bbox 240 1235 390 1293; x_wconf 88' lang='lat' dir='ltr'><strong>mesticum</strong></span> <span class='ocrx_word' id='word_1_66' title='bbox 406 1228 484 1294; x_wconf 87' lang='lat' dir='ltr'><strong>nasci</strong></span> <span class='ocrx_word' id='word_1_67' title='bbox 495 1234 642 1312; x_wconf 88' lang='lat' dir='ltr'><strong>potuerit,</strong></span> <span class='ocrx_word' id='word_1_68' title='bbox 654 1255 717 1313; x_wconf 91' lang='lat' dir='ltr'><strong>cap.</strong></span> <span class='ocrx_word' id='word_1_69' title='bbox 729 1243 788 1304; x_wconf 69' lang='lat' dir='ltr'><strong>nl.</strong></span> <span class='ocrx_word' id='word_1_70' title='bbox 800 1240 902 1312; x_wconf 85' lang='lat' dir='ltr'><strong>Itaque</strong></span> <span class='ocrx_word' id='word_1_71' title='bbox 917 1233 989 1292; x_wconf 89' lang='lat' dir='ltr'><strong>nihil</strong></span> <span class='ocrx_word' id='word_1_72' title='bbox 1000 1253 1135 1312; x_wconf 84' lang='lat' dir='ltr'><strong>umquam</strong></span> <span class='ocrx_word' id='word_1_73' title='bbox 1146 1237 1270 1294; x_wconf 83' lang='lat' dir='ltr'><strong>Verrem</strong></span> 
     </span>
     <span class='ocr_line' id='line_1_10' title="bbox 242 1327 1269 1408; baseline 0.002 -21"><span class='ocrx_word' id='word_1_74' title='bbox 242 1329 279 1388; x_wconf 88' lang='lat' dir='ltr'><strong>de</strong></span> <span class='ocrx_word' id='word_1_75' title='bbox 292 1329 421 1390; x_wconf 89' lang='lat' dir='ltr'><strong>motibus</strong></span> <span class='ocrx_word' id='word_1_76' title='bbox 443 1330 474 1387; x_wconf 90' lang='lat' dir='ltr'><strong>in</strong></span> <span class='ocrx_word' id='word_1_77' title='bbox 496 1329 594 1390; x_wconf 89' lang='lat' dir='ltr'><strong>Sicilia</strong></span> <span class='ocrx_word' id='word_1_78' title='bbox 613 1349 764 1388; x_wconf 89' lang='lat' dir='ltr'><strong>servorum</strong></span> <span class='ocrx_word' id='word_1_79' title='bbox 779 1334 902 1389; x_wconf 84' lang='lat' dir='ltr'><strong>Romam</strong></span> <span class='ocrx_word' id='word_1_80' title='bbox 919 1327 1037 1407; x_wconf 91' lang='lat' dir='ltr'><strong>publice</strong></span> <span class='ocrx_word' id='word_1_81' title='bbox 1053 1329 1269 1408; x_wconf 79' lang='lat' dir='ltr'><strong>conscripsisse.</strong></span> 
     </span>
     <span class='ocr_line' id='line_1_11' title="bbox 240 1424 1270 1504; baseline -0.001 -19"><span class='ocrx_word' id='word_1_82' title='bbox 240 1427 297 1486; x_wconf 83' lang='lat' dir='ltr'><strong>llic</strong></span> <span class='ocrx_word' id='word_1_83' title='bbox 312 1425 354 1485; x_wconf 91' lang='lat' dir='ltr'><strong>ibi</strong></span> <span class='ocrx_word' id='word_1_84' title='bbox 370 1440 466 1484; x_wconf 89' lang='lat' dir='ltr'><strong>tamen</strong></span> <span class='ocrx_word' id='word_1_85' title='bbox 479 1439 606 1502; x_wconf 89' lang='lat' dir='ltr'><strong>coeptum</strong></span> <span class='ocrx_word' id='word_1_86' title='bbox 619 1444 680 1483; x_wconf 92' lang='lat' dir='ltr'><strong>esse</strong></span> <span class='ocrx_word' id='word_1_87' title='bbox 699 1426 729 1483; x_wconf 93' lang='lat' dir='ltr'><strong>in</strong></span> <span class='ocrx_word' id='word_1_88' title='bbox 742 1425 839 1484; x_wconf 88' lang='lat' dir='ltr'><strong>Sicilia</strong></span> <span class='ocrx_word' id='word_1_89' title='bbox 852 1425 962 1485; x_wconf 87' lang='lat' dir='ltr'><strong>moveri</strong></span> <span class='ocrx_word' id='word_1_90' title='bbox 974 1424 1121 1483; x_wconf 81' lang='lat' dir='ltr'><strong>servitium</strong></span> <span class='ocrx_word' id='word_1_91' title='bbox 1140 1426 1270 1504; x_wconf 87' lang='lat' dir='ltr'><strong>suspica-</strong></span> 
     </span>
     <span class='ocr_line' id='line_1_12' title="bbox 243 1518 1272 1599; baseline 0.001 -19"><span class='ocrx_word' id='word_1_92' title='bbox 243 1534 305 1593; x_wconf 89' lang='lat' dir='ltr'><strong>tur;</strong></span> <span class='ocrx_word' id='word_1_93' title='bbox 320 1520 428 1599; x_wconf 89' lang='lat' dir='ltr'><strong>quibus</strong></span> <span class='ocrx_word' id='word_1_94' title='bbox 437 1541 473 1578; x_wconf 89' lang='lat' dir='ltr'><strong>ex</strong></span> <span class='ocrx_word' id='word_1_95' title='bbox 482 1518 608 1578; x_wconf 90' lang='lat' dir='ltr'><strong>motibus</strong></span> <span class='ocrx_word' id='word_1_96' title='bbox 622 1523 728 1578; x_wconf 90' lang='lat' dir='ltr'><strong>Verres</strong></span> <span class='ocrx_word' id='word_1_97' title='bbox 740 1533 880 1598; x_wconf 87' lang='lat' dir='ltr'><strong>quaestum</strong></span> <span class='ocrx_word' id='word_1_98' title='bbox 888 1520 1063 1599; x_wconf 87' lang='lat' dir='ltr'><strong>captaverit.</strong></span> <span class='ocrx_word' id='word_1_99' title='bbox 1077 1526 1122 1581; x_wconf 86' lang='lat' dir='ltr'><strong>lta</strong></span> <span class='ocrx_word' id='word_1_100' title='bbox 1134 1521 1272 1581; x_wconf 82' lang='lat' dir='ltr'><strong>Leonidae</strong></span> 
     </span>
     <span class='ocr_line' id='line_1_13' title="bbox 243 1617 1273 1696; baseline 0.004 -20"><span class='ocrx_word' id='word_1_101' title='bbox 243 1638 342 1677; x_wconf 88' lang='lat' dir='ltr'><strong>servos</strong></span> <span class='ocrx_word' id='word_1_102' title='bbox 355 1619 386 1676; x_wconf 91' lang='lat' dir='ltr'><strong>in</strong></span> <span class='ocrx_word' id='word_1_103' title='bbox 401 1619 592 1696; x_wconf 84' lang='lat' dir='ltr'><strong>suspicionem</strong></span> <span class='ocrx_word' id='word_1_104' title='bbox 603 1617 810 1694; x_wconf 86' lang='lat' dir='ltr'><strong>conjurationis</strong></span> <span class='ocrx_word' id='word_1_105' title='bbox 820 1632 938 1678; x_wconf 79' lang='lat' dir='ltr'><strong>vocatos</strong></span> <span class='ocrx_word' id='word_1_106' title='bbox 946 1620 1107 1694; x_wconf 88' lang='lat' dir='ltr'><strong>damnavit,</strong></span> <span class='ocrx_word' id='word_1_107' title='bbox 1120 1620 1273 1681; x_wconf 89' lang='lat' dir='ltr'><strong>damnatos</strong></span> 
     </span>
     <span class='ocr_line' id='line_1_14' title="bbox 245 1715 1271 1796; baseline 0.004 -23"><span class='ocrx_word' id='word_1_108' title='bbox 245 1715 352 1793; x_wconf 85' lang='lat' dir='ltr'><strong>etjam</strong></span> <span class='ocrx_word' id='word_1_109' title='bbox 373 1715 410 1774; x_wconf 90' lang='lat' dir='ltr'><strong>ad</strong></span> <span class='ocrx_word' id='word_1_110' title='bbox 433 1716 531 1795; x_wconf 87' lang='lat' dir='ltr'><strong>palum</strong></span> <span class='ocrx_word' id='word_1_111' title='bbox 555 1717 686 1795; x_wconf 89' lang='lat' dir='ltr'><strong>alligatos</strong></span> <span class='ocrx_word' id='word_1_112' title='bbox 705 1715 806 1794; x_wconf 89' lang='lat' dir='ltr'><strong>grandi</strong></span> <span class='ocrx_word' id='word_1_113' title='bbox 824 1716 947 1793; x_wconf 56' lang='lat' dir='ltr'><strong>moenia</strong></span> <span class='ocrx_word' id='word_1_114' title='bbox 968 1716 1133 1796; x_wconf 91' lang='lat' dir='ltr'><strong>redemptos</strong></span> <span class='ocrx_word' id='word_1_115' title='bbox 1151 1718 1271 1778; x_wconf 91' lang='lat' dir='ltr'><strong>domino</strong></span> 
     </span>
     <span class='ocr_line' id='line_1_15' title="bbox 243 1811 1271 1894; baseline 0.003 -23"><span class='ocrx_word' id='word_1_116' title='bbox 243 1811 381 1881; x_wconf 86' lang='lat' dir='ltr'><strong>reddidit,</strong></span> <span class='ocrx_word' id='word_1_117' title='bbox 393 1812 419 1871; x_wconf 82' lang='lat'><strong>5.</strong></span> <span class='ocrx_word' id='word_1_118' title='bbox 433 1811 514 1871; x_wconf 90' lang='lat' dir='ltr'><strong>Idem</strong></span> <span class='ocrx_word' id='word_1_119' title='bbox 528 1813 594 1871; x_wconf 83' lang='lat' dir='ltr'><strong>lecit</strong></span> <span class='ocrx_word' id='word_1_120' title='bbox 608 1813 639 1871; x_wconf 89' lang='lat' dir='ltr'><strong>in</strong></span> <span class='ocrx_word' id='word_1_121' title='bbox 652 1812 715 1871; x_wconf 93' lang='lat' dir='ltr'><strong>aliis</strong></span> <span class='ocrx_word' id='word_1_122' title='bbox 729 1812 853 1871; x_wconf 89' lang='lat' dir='ltr'><strong>aliorum</strong></span> <span class='ocrx_word' id='word_1_123' title='bbox 862 1813 953 1872; x_wconf 86' lang='lat' dir='ltr'><strong>servis</strong></span> <span class='ocrx_word' id='word_1_124' title='bbox 966 1825 996 1871; x_wconf 91' lang='lat' dir='ltr'><strong>et</strong></span> <span class='ocrx_word' id='word_1_125' title='bbox 1006 1813 1124 1885; x_wconf 77' lang='lat' dir='ltr'><strong>villicis,</strong></span> <span class='ocrx_word' id='word_1_126' title='bbox 1139 1836 1166 1891; x_wconf 89' lang='lat'><strong>7.</strong></span> <span class='ocrx_word' id='word_1_127' title='bbox 1179 1816 1271 1894; x_wconf 82' lang='lat' dir='ltr'><strong>Apol·</strong></span> 
     </span>
     <span class='ocr_line' id='line_1_16' title="bbox 243 1909 1270 1989; baseline 0.005 -23"><span class='ocrx_word' id='word_1_128' title='bbox 243 1910 352 1968; x_wconf 90' lang='lat' dir='ltr'><strong>lonium</strong></span> <span class='ocrx_word' id='word_1_129' title='bbox 363 1910 611 1979; x_wconf 87' lang='lat' dir='ltr'><strong>Panormitanum,</strong></span> <span class='ocrx_word' id='word_1_130' title='bbox 625 1909 706 1987; x_wconf 86' lang='lat' dir='ltr'><strong>cujus</strong></span> <span class='ocrx_word' id='word_1_131' title='bbox 718 1930 834 1969; x_wconf 82' lang='lat' dir='ltr'><strong>serrum</strong></span> <span class='ocrx_word' id='word_1_132' title='bbox 847 1910 1012 1989; x_wconf 83' lang='lat' dir='ltr'><strong>conjurasse</strong></span> <span class='ocrx_word' id='word_1_133' title='bbox 1018 1924 1047 1970; x_wconf 84' lang='lat' dir='ltr'><strong>et</strong></span> <span class='ocrx_word' id='word_1_134' title='bbox 1054 1912 1124 1971; x_wconf 85' lang='lat' dir='ltr'><strong>alias</strong></span> <span class='ocrx_word' id='word_1_135' title='bbox 1137 1913 1270 1986; x_wconf 80' lang='lat' dir='ltr'><strong>familias,</strong></span> 
     </span>
     <span class='ocr_line' id='line_1_17' title="bbox 242 2004 1269 2085; baseline 0.002 -21"><span class='ocrx_word' id='word_1_136' title='bbox 242 2006 261 2064; x_wconf 92' lang='lat' dir='ltr'><strong>i.</strong></span> <span class='ocrx_word' id='word_1_137' title='bbox 272 2026 298 2064; x_wconf 90' lang='lat' dir='ltr'><strong>e.</strong></span> <span class='ocrx_word' id='word_1_138' title='bbox 310 2005 367 2064; x_wconf 88' lang='lat' dir='ltr'><strong>alia</strong></span> <span class='ocrx_word' id='word_1_139' title='bbox 378 2006 494 2065; x_wconf 87' lang='lat' dir='ltr'><strong>servitia</strong></span> <span class='ocrx_word' id='word_1_140' title='bbox 506 2008 664 2065; x_wconf 80' lang='lat' dir='ltr'><strong>concitasse</strong></span> <span class='ocrx_word' id='word_1_141' title='bbox 673 2004 801 2079; x_wconf 88' lang='lat' dir='ltr'><strong>dicebat,</strong></span> <span class='ocrx_word' id='word_1_142' title='bbox 811 2026 865 2085; x_wconf 93' lang='lat' dir='ltr'><strong>per</strong></span> <span class='ocrx_word' id='word_1_143' title='bbox 871 2007 1032 2066; x_wconf 89' lang='lat' dir='ltr'><strong>octodecim</strong></span> <span class='ocrx_word' id='word_1_144' title='bbox 1041 2028 1153 2066; x_wconf 87' lang='lat' dir='ltr'><strong>menses</strong></span> <span class='ocrx_word' id='word_1_145' title='bbox 1164 2007 1196 2064; x_wconf 91' lang='lat' dir='ltr'><strong>in</strong></span> <span class='ocrx_word' id='word_1_146' title='bbox 1206 2009 1269 2066; x_wconf 89' lang='lat' dir='ltr'><strong>vin·</strong></span> 
     </span>
     <span class='ocr_line' id='line_1_18' title="bbox 242 2100 1271 2179; baseline 0 -19"><span class='ocrx_word' id='word_1_147' title='bbox 242 2102 315 2160; x_wconf 87' lang='lat' dir='ltr'><strong>culis</strong></span> <span class='ocrx_word' id='word_1_148' title='bbox 337 2101 481 2174; x_wconf 81' lang='lat' dir='ltr'><strong>detinuit,</strong></span> <span class='ocrx_word' id='word_1_149' title='bbox 503 2123 558 2160; x_wconf 91' lang='lat' dir='ltr'><strong>nec</strong></span> <span class='ocrx_word' id='word_1_150' title='bbox 573 2102 627 2159; x_wconf 91' lang='lat' dir='ltr'><strong>nisi</strong></span> <span class='ocrx_word' id='word_1_151' title='bbox 644 2100 745 2179; x_wconf 89' lang='lat' dir='ltr'><strong>grandi</strong></span> <span class='ocrx_word' id='word_1_152' title='bbox 765 2103 888 2177; x_wconf 91' lang='lat' dir='ltr'><strong>pecunia</strong></span> <span class='ocrx_word' id='word_1_153' title='bbox 905 2114 1023 2178; x_wconf 90' lang='lat' dir='ltr'><strong>accepta</strong></span> <span class='ocrx_word' id='word_1_154' title='bbox 1045 2100 1170 2174; x_wconf 88' lang='lat' dir='ltr'><strong>dimisit,</strong></span> <span class='ocrx_word' id='word_1_155' title='bbox 1191 2102 1226 2177; x_wconf 89' lang='lat'><strong>8,</strong></span> <span class='ocrx_word' id='word_1_156' title='bbox 1241 2123 1271 2179; x_wconf 88' lang='lat'><strong>9.</strong></span> 
     </span>
     <span class='ocr_line' id='line_1_19' title="bbox 243 2196 1335 2275; baseline -0.003 -16"><span class='ocrx_word' id='word_1_157' title='bbox 243 2204 369 2259; x_wconf 91' lang='lat' dir='ltr'><strong>Tantum</strong></span> <span class='ocrx_word' id='word_1_158' title='bbox 382 2219 454 2257; x_wconf 82' lang='lat' dir='ltr'><strong>vero</strong></span> <span class='ocrx_word' id='word_1_159' title='bbox 468 2198 563 2257; x_wconf 83' lang='lat' dir='ltr'><strong>abluit</strong></span> <span class='ocrx_word' id='word_1_160' title='bbox 574 2210 607 2256; x_wconf 90' lang='lat' dir='ltr'><strong>ut</strong></span> <span class='ocrx_word' id='word_1_161' title='bbox 617 2203 724 2257; x_wconf 86' lang='lat' dir='ltr'><strong>Verres</strong></span> <span class='ocrx_word' id='word_1_162' title='bbox 740 2196 897 2275; x_wconf 81' lang='lat' dir='ltr'><strong>providere</strong></span> <span class='ocrx_word' id='word_1_163' title='bbox 911 2199 1055 2272; x_wconf 88' lang='lat' dir='ltr'><strong>potuerit,</strong></span> <span class='ocrx_word' id='word_1_164' title='bbox 1070 2217 1107 2254; x_wconf 92' lang='lat' dir='ltr'><strong>ne</strong></span> <span class='ocrx_word' id='word_1_165' title='bbox 1120 2196 1230 2257; x_wconf 91' lang='lat' dir='ltr'><strong>bellum</strong></span> <span class='ocrx_word' id='word_1_166' title='bbox 1242 2199 1275 2256; x_wconf 89' lang='lat' dir='ltr'><strong>in</strong></span> <span class='ocrx_word' id='word_1_167' title='bbox 1333 2262 1335 2275; x_wconf 41' lang='lat'><strong>,</strong></span> 
     </span>
    </p>

    <p class='ocr_par' dir='ltr' id='par_1_3' title="bbox 193 2293 1324 2566">
     <span class='ocr_line' id='line_1_20' title="bbox 244 2293 1272 2373; baseline -0.001 -19"><span class='ocrx_word' id='word_1_168' title='bbox 244 2295 340 2355; x_wconf 90' lang='lat' dir='ltr'><strong>Sicilia</strong></span> <span class='ocrx_word' id='word_1_169' title='bbox 354 2294 491 2367; x_wconf 87' lang='lat' dir='ltr'><strong>oriretur,</strong></span> <span class='ocrx_word' id='word_1_170' title='bbox 513 2307 547 2352; x_wconf 93' lang='lat' dir='ltr'><strong>ut</strong></span> <span class='ocrx_word' id='word_1_171' title='bbox 560 2294 657 2372; x_wconf 90' lang='lat' dir='ltr'><strong>potius</strong></span> <span class='ocrx_word' id='word_1_172' title='bbox 669 2293 700 2351; x_wconf 91' lang='lat' dir='ltr'><strong>in</strong></span> <span class='ocrx_word' id='word_1_173' title='bbox 715 2313 752 2351; x_wconf 92' lang='lat' dir='ltr'><strong>eo</strong></span> <span class='ocrx_word' id='word_1_174' title='bbox 766 2312 864 2352; x_wconf 88' lang='lat' dir='ltr'><strong>omnes</strong></span> <span class='ocrx_word' id='word_1_175' title='bbox 877 2293 1073 2373; x_wconf 74' lang='lat' dir='ltr'><strong>imperatorin</strong></span> <span class='ocrx_word' id='word_1_176' title='bbox 1087 2294 1208 2353; x_wconf 78' lang='lat' dir='ltr'><strong>virtutes</strong></span> <span class='ocrx_word' id='word_1_177' title='bbox 1221 2293 1272 2353; x_wconf 90' lang='lat' dir='ltr'><strong>de·</strong></span> 
     </span>
     <span class='ocr_line' id='line_1_21' title="bbox 193 2374 1276 2470; baseline 0.001 -20"><span class='ocrx_word' id='word_1_178' title='bbox 193 2374 196 2385; x_wconf 35' lang='lat'><em>¹</em></span> <span class='ocrx_word' id='word_1_179' title='bbox 243 2392 426 2462; x_wconf 83' lang='lat' dir='ltr'><strong>siderentur3</strong></span> <span class='ocrx_word' id='word_1_180' title='bbox 447 2390 527 2470; x_wconf 86' lang='lat' dir='ltr'><strong>quod</strong></span> <span class='ocrx_word' id='word_1_181' title='bbox 541 2391 652 2468; x_wconf 82' lang='lat' dir='ltr'><strong>exejus</strong></span> <span class='ocrx_word' id='word_1_182' title='bbox 671 2390 738 2449; x_wconf 79' lang='lat' dir='ltr'><strong>vitas</strong></span> <span class='ocrx_word' id='word_1_183' title='bbox 756 2382 869 2448; x_wconf 81' lang='lat' dir='ltr'><strong>ratione</strong></span> <span class='ocrx_word' id='word_1_184' title='bbox 886 2391 918 2449; x_wconf 90' lang='lat' dir='ltr'><strong>in</strong></span> <span class='ocrx_word' id='word_1_185' title='bbox 934 2390 1032 2451; x_wconf 84' lang='lat' dir='ltr'><strong>Sicilia</strong></span> <span class='ocrx_word' id='word_1_186' title='bbox 1046 2390 1276 2462; x_wconf 85' lang='lat' dir='ltr'><strong>demonstratur,</strong></span> 
     </span>
     <span class='ocr_line' id='line_1_22' title="bbox 247 2486 1324 2566; baseline 0 -19"><span class='ocrx_word' id='word_1_187' title='bbox 247 2490 357 2561; x_wconf 80' lang='lat'><strong>10-13,</strong></span> <span class='ocrx_word' id='word_1_188' title='bbox 368 2488 417 2546; x_wconf 89' lang='lat' dir='ltr'><strong>cni</strong></span> <span class='ocrx_word' id='word_1_189' title='bbox 428 2507 510 2547; x_wconf 87' lang='lat' dir='ltr'><strong>suam</strong></span> <span class='ocrx_word' id='word_1_190' title='bbox 523 2487 554 2545; x_wconf 93' lang='lat' dir='ltr'><strong>in</strong></span> <span class='ocrx_word' id='word_1_191' title='bbox 570 2498 716 2564; x_wconf 81' lang='lat' dir='ltr'><strong>quaestura</strong></span> <span class='ocrx_word' id='word_1_192' title='bbox 729 2486 864 2544; x_wconf 85' lang='lat' dir='ltr'><strong>siciliensi</strong></span> <span class='ocrx_word' id='word_1_193' title='bbox 877 2487 965 2546; x_wconf 85' lang='lat' dir='ltr'><strong>vitam</strong></span> <span class='ocrx_word' id='word_1_194' title='bbox 977 2487 1116 2566; x_wconf 90' lang='lat' dir='ltr'><strong>opponit,</strong></span> <span class='ocrx_word' id='word_1_195' title='bbox 1133 2489 1236 2557; x_wconf 58' lang='lat' dir='ltr'><strong>alt-16.</strong></span> <span class='ocrx_word' id='word_1_196' title='bbox 1321 2516 1324 2523; x_wconf 92' lang='lat'>·</span> 
     </span>
    </p>

    <p class='ocr_par' dir='ltr' id='par_1_4' title="bbox 244 2580 1276 3144">
     <span class='ocr_line' id='line_1_23' title="bbox 283 2580 1275 2663; baseline 0 -19"><span class='ocrx_word' id='word_1_197' title='bbox 283 2584 419 2644; x_wconf 89' lang='lat' dir='ltr'><strong>Secundo</strong></span> <span class='ocrx_word' id='word_1_198' title='bbox 432 2584 498 2642; x_wconf 89' lang='lat' dir='ltr'><strong>loeo</strong></span> <span class='ocrx_word' id='word_1_199' title='bbox 514 2602 604 2662; x_wconf 89' lang='lat' dir='ltr'><strong>quum</strong></span> <span class='ocrx_word' id='word_1_200' title='bbox 620 2580 678 2641; x_wconf 92' lang='lat' dir='ltr'><strong>dici</strong></span> <span class='ocrx_word' id='word_1_201' title='bbox 694 2595 792 2660; x_wconf 84' lang='lat' dir='ltr'><strong>posset</strong></span> <span class='ocrx_word' id='word_1_202' title='bbox 809 2586 930 2642; x_wconf 87' lang='lat' dir='ltr'><strong>Verrem</strong></span> <span class='ocrx_word' id='word_1_203' title='bbox 951 2597 1052 2644; x_wconf 91' lang='lat' dir='ltr'><strong>contra</strong></span> <span class='ocrx_word' id='word_1_204' title='bbox 1066 2583 1176 2643; x_wconf 89' lang='lat' dir='ltr'><strong>bellurn</strong></span> <span class='ocrx_word' id='word_1_205' title='bbox 1194 2604 1275 2663; x_wconf 83' lang='lat' dir='ltr'><strong>pran-</strong></span> 
     </span>
     <span class='ocr_line' id='line_1_24' title="bbox 244 2679 1276 2761; baseline 0 -20"><span class='ocrx_word' id='word_1_206' title='bbox 244 2681 355 2741; x_wconf 89' lang='lat' dir='ltr'><strong>donum</strong></span> <span class='ocrx_word' id='word_1_207' title='bbox 375 2682 493 2742; x_wconf 79' lang='lat' dir='ltr'><strong>classem</strong></span> <span class='ocrx_word' id='word_1_208' title='bbox 515 2679 651 2739; x_wconf 86' lang='lat' dir='ltr'><strong>habuisse</strong></span> <span class='ocrx_word' id='word_1_209' title='bbox 676 2693 823 2752; x_wconf 87' lang='lat' dir='ltr'><strong>ornatam,</strong></span> <span class='ocrx_word' id='word_1_210' title='bbox 842 2680 872 2738; x_wconf 93' lang='lat' dir='ltr'><strong>in</strong></span> <span class='ocrx_word' id='word_1_211' title='bbox 895 2700 989 2757; x_wconf 91' lang='lat' dir='ltr'><strong>eoque</strong></span> <span class='ocrx_word' id='word_1_212' title='bbox 1014 2680 1191 2760; x_wconf 80' lang='lat' dir='ltr'><strong>diligentiam</strong></span> <span class='ocrx_word' id='word_1_213' title='bbox 1214 2683 1276 2761; x_wconf 70' lang='lat' dir='ltr'><strong>q&#39;us</strong></span> 
     </span>
     <span class='ocr_line' id='line_1_25' title="bbox 247 2776 1275 2856; baseline 0.003 -21"><span class='ocrx_word' id='word_1_214' title='bbox 247 2778 420 2856; x_wconf 77' lang='lat' dir='ltr'><strong>singularem</strong></span> <span class='ocrx_word' id='word_1_215' title='bbox 441 2779 546 2851; x_wconf 83' lang='lat' dir='ltr'><strong>luisse,</strong></span> <span class='ocrx_word' id='word_1_216' title='bbox 572 2777 735 2837; x_wconf 86' lang='lat' dir='ltr'><strong>ostenditur</strong></span> <span class='ocrx_word' id='word_1_217' title='bbox 749 2777 780 2835; x_wconf 91' lang='lat' dir='ltr'><strong>in</strong></span> <span class='ocrx_word' id='word_1_218' title='bbox 798 2776 855 2835; x_wconf 89' lang='lat' dir='ltr'><strong>hoc</strong></span> <span class='ocrx_word' id='word_1_219' title='bbox 870 2796 929 2835; x_wconf 90' lang='lat' dir='ltr'><strong>uno</strong></span> <span class='ocrx_word' id='word_1_220' title='bbox 946 2796 1051 2854; x_wconf 88' lang='lat' dir='ltr'><strong>genere</strong></span> <span class='ocrx_word' id='word_1_221' title='bbox 1067 2797 1167 2836; x_wconf 88' lang='lat' dir='ltr'><strong>omnes</strong></span> <span class='ocrx_word' id='word_1_222' title='bbox 1181 2779 1275 2838; x_wconf 87' lang='lat' dir='ltr'><strong>inesse</strong></span> 
     </span>
     <span class='ocr_line' id='line_1_26' title="bbox 247 2864 1273 2951; baseline 0.004 -20"><span class='ocrx_word' id='word_1_223' title='bbox 247 2874 347 2951; x_wconf 88' lang='lat' dir='ltr'><strong>culpas</strong></span> <span class='ocrx_word' id='word_1_224' title='bbox 361 2875 423 2951; x_wconf 83' lang='lat' dir='ltr'><strong>ejus</strong></span> <span class='ocrx_word' id='word_1_225' title='bbox 437 2875 575 2934; x_wconf 82' lang='lat' dir='ltr'><strong>maximas</strong></span> <span class='ocrx_word' id='word_1_226' title='bbox 589 2864 731 2947; x_wconf 68' lang='lat' dir='ltr'><strong>arandae,</strong></span> <span class='ocrx_word' id='word_1_227' title='bbox 743 2872 915 2951; x_wconf 88' lang='lat' dir='ltr'><strong>majestatis,</strong></span> <span class='ocrx_word' id='word_1_228' title='bbox 928 2870 1074 2945; x_wconf 90' lang='lat' dir='ltr'><strong>libidinis,</strong></span> <span class='ocrx_word' id='word_1_229' title='bbox 1086 2873 1273 2936; x_wconf 85' lang='lat' dir='ltr'><strong>crudelitatis.</strong></span> 
     </span>
     <span class='ocr_line' id='line_1_27' title="bbox 246 2969 1276 3048; baseline -0.001 -19"><span class='ocrx_word' id='word_1_230' title='bbox 246 2971 375 3029; x_wconf 75' lang='lat' dir='ltr'><strong>Prhnum</strong></span> <span class='ocrx_word' id='word_1_231' title='bbox 389 2971 466 3032; x_wconf 89' lang='lat' dir='ltr'><strong>enim</strong></span> <span class='ocrx_word' id='word_1_232' title='bbox 476 2991 539 3030; x_wconf 89' lang='lat' dir='ltr'><strong>rem</strong></span> <span class='ocrx_word' id='word_1_233' title='bbox 551 2973 683 3031; x_wconf 83' lang='lat' dir='ltr'><strong>navalem</strong></span> <span class='ocrx_word' id='word_1_234' title='bbox 693 2971 735 3029; x_wconf 90' lang='lat' dir='ltr'><strong>sic</strong></span> <span class='ocrx_word' id='word_1_235' title='bbox 747 2969 977 3041; x_wconf 84' lang='lat' dir='ltr'><strong>administrasse,</strong></span> <span class='ocrx_word' id='word_1_236' title='bbox 997 2989 1057 3027; x_wconf 91' lang='lat' dir='ltr'><strong>non</strong></span> <span class='ocrx_word' id='word_1_237' title='bbox 1068 2970 1111 3026; x_wconf 87' lang='lat' dir='ltr'><strong>uti</strong></span> <span class='ocrx_word' id='word_1_238' title='bbox 1125 2970 1276 3048; x_wconf 88' lang='lat' dir='ltr'><strong>provincia</strong></span> 
     </span>
     <span class='ocr_line' id='line_1_28' title="bbox 247 3064 1275 3144; baseline 0 -19"><span class='ocrx_word' id='word_1_239' title='bbox 247 3066 461 3138; x_wconf 77' lang='lat' dir='ltr'><strong>defenderetur,</strong></span> <span class='ocrx_word' id='word_1_240' title='bbox 474 3066 525 3125; x_wconf 91' lang='lat' dir='ltr'><strong>sed</strong></span> <span class='ocrx_word' id='word_1_241' title='bbox 538 3080 571 3125; x_wconf 90' lang='lat' dir='ltr'><strong>nt</strong></span> <span class='ocrx_word' id='word_1_242' title='bbox 583 3067 679 3126; x_wconf 89' lang='lat' dir='ltr'><strong>classis</strong></span> <span class='ocrx_word' id='word_1_243' title='bbox 691 3067 809 3125; x_wconf 89' lang='lat' dir='ltr'><strong>nomine</strong></span> <span class='ocrx_word' id='word_1_244' title='bbox 824 3064 949 3144; x_wconf 88' lang='lat' dir='ltr'><strong>pecunia</strong></span> <span class='ocrx_word' id='word_1_245' title='bbox 961 3078 1149 3143; x_wconf 80' lang='lat' dir='ltr'><strong>quaereretur.</strong></span> <span class='ocrx_word' id='word_1_246' title='bbox 1166 3069 1275 3144; x_wconf 67' lang='lat' dir='ltr'><strong>ltaque</strong></span> 
     </span>
    </p>
   </div>
   <div class='ocr_carea' id='block_1_3' title="bbox 149 3150 1275 3243">
    <p class='ocr_par' dir='ltr' id='par_1_5' title="bbox 149 3150 1275 3243">
     <span class='ocr_line' id='line_1_29' title="bbox 149 3150 1275 3243; baseline -0.002 -20"><span class='ocrx_word' id='word_1_247' title='bbox 149 3150 154 3185; x_wconf 53' lang='lat'><em>³</em></span> <span class='ocrx_word' id='word_1_248' title='bbox 247 3162 480 3243; x_wconf 79' lang='lat' dir='ltr'><strong>locupletissimae</strong></span> <span class='ocrx_word' id='word_1_249' title='bbox 495 3162 602 3221; x_wconf 87' lang='lat' dir='ltr'><strong>civitati</strong></span> <span class='ocrx_word' id='word_1_250' title='bbox 618 3164 799 3221; x_wconf 75' lang='lat' dir='ltr'><strong>Mamertinae</strong></span> <span class='ocrx_word' id='word_1_251' title='bbox 813 3182 867 3221; x_wconf 89' lang='lat' dir='ltr'><strong>nec</strong></span> <span class='ocrx_word' id='word_1_252' title='bbox 880 3181 1002 3235; x_wconf 87' lang='lat' dir='ltr'><strong>narem,</strong></span> <span class='ocrx_word' id='word_1_253' title='bbox 1027 3182 1080 3221; x_wconf 91' lang='lat' dir='ltr'><strong>nec</strong></span> <span class='ocrx_word' id='word_1_254' title='bbox 1094 3175 1204 3221; x_wconf 87' lang='lat' dir='ltr'><strong>certum</strong></span> <span class='ocrx_word' id='word_1_255' title='bbox 1222 3181 1275 3221; x_wconf 91' lang='lat' dir='ltr'><strong>nu·</strong></span> 
     </span>
    </p>
   </div>
   <div class='ocr_carea' id='block_1_4' title="bbox 248 3257 1278 4306">
    <p class='ocr_par' dir='ltr' id='par_1_6' title="bbox 248 3257 1278 4306">
     <span class='ocr_line' id='line_1_30' title="bbox 248 3257 1278 3338; baseline -0.001 -19"><span class='ocrx_word' id='word_1_256' title='bbox 248 3279 361 3319; x_wconf 87' lang='lat' dir='ltr'><strong>merum</strong></span> <span class='ocrx_word' id='word_1_257' title='bbox 373 3270 526 3319; x_wconf 87' lang='lat' dir='ltr'><strong>nautarum</strong></span> <span class='ocrx_word' id='word_1_258' title='bbox 540 3259 719 3337; x_wconf 88' lang='lat' dir='ltr'><strong>militumque</strong></span> <span class='ocrx_word' id='word_1_259' title='bbox 736 3261 912 3338; x_wconf 80' lang='lat' dir='ltr'><strong>imperasse3</strong></span> <span class='ocrx_word' id='word_1_260' title='bbox 930 3259 1083 3337; x_wconf 89' lang='lat' dir='ltr'><strong>pecuniam</strong></span> <span class='ocrx_word' id='word_1_261' title='bbox 1096 3279 1167 3318; x_wconf 85' lang='lat' dir='ltr'><strong>vero</strong></span> <span class='ocrx_word' id='word_1_262' title='bbox 1187 3257 1224 3318; x_wconf 86' lang='lat' dir='ltr'><strong>ab</strong></span> <span class='ocrx_word' id='word_1_263' title='bbox 1241 3257 1278 3318; x_wconf 90' lang='lat' dir='ltr'><strong>iis</strong></span> 
     </span>
     <span class='ocr_line' id='line_1_31' title="bbox 248 3338 1277 3436; baseline -0.003 -20"><span class='ocrx_word' id='word_1_264' title='bbox 248 3357 409 3436; x_wconf 87' lang='lat' dir='ltr'><strong>accepisse;</strong></span> <span class='ocrx_word' id='word_1_265' title='bbox 422 3369 563 3435; x_wconf 77' lang='lat' dir='ltr'><strong>praeterea</strong></span> <span class='ocrx_word' id='word_1_266' title='bbox 576 3374 680 3414; x_wconf 88' lang='lat' dir='ltr'><strong>navem</strong></span> <span class='ocrx_word' id='word_1_267' title='bbox 691 3338 858 3429; x_wconf 82' lang='lat' dir='ltr'><strong>maximam,</strong></span> <span class='ocrx_word' id='word_1_268' title='bbox 868 3355 1015 3434; x_wconf 86' lang='lat' dir='ltr'><strong>Cybeam,</strong></span> <span class='ocrx_word' id='word_1_269' title='bbox 1029 3355 1085 3415; x_wconf 91' lang='lat' dir='ltr'><strong>sibi</strong></span> <span class='ocrx_word' id='word_1_270' title='bbox 1096 3355 1231 3417; x_wconf 65' lang='lat' dir='ltr'><strong>edificari</strong></span> <span class='ocrx_word' id='word_1_271' title='bbox 1242 3375 1277 3414; x_wconf 87' lang='lat' dir='ltr'><strong>ac</strong></span> 
     </span>
     <span class='ocr_line' id='line_1_32' title="bbox 249 3451 1276 3533; baseline -0.004 -20"><span class='ocrx_word' id='word_1_272' title='bbox 249 3453 353 3514; x_wconf 91' lang='lat' dir='ltr'><strong>donari</strong></span> <span class='ocrx_word' id='word_1_273' title='bbox 359 3453 487 3533; x_wconf 83' lang='lat' dir='ltr'><strong>jussisse,</strong></span> <span class='ocrx_word' id='word_1_274' title='bbox 496 3472 554 3531; x_wconf 88' lang='lat' dir='ltr'><strong>qna</strong></span> <span class='ocrx_word' id='word_1_275' title='bbox 565 3451 693 3530; x_wconf 81' lang='lat' dir='ltr'><strong>praedam</strong></span> <span class='ocrx_word' id='word_1_276' title='bbox 705 3472 742 3511; x_wconf 77' lang='lat' dir='ltr'><strong>ex</strong></span> <span class='ocrx_word' id='word_1_277' title='bbox 753 3453 849 3513; x_wconf 87' lang='lat' dir='ltr'><strong>Sicilia</strong></span> <span class='ocrx_word' id='word_1_278' title='bbox 859 3453 1037 3532; x_wconf 79' lang='lat' dir='ltr'><strong>deportaret,</strong></span> <span class='ocrx_word' id='word_1_279' title='bbox 1051 3454 1153 3526; x_wconf 78' lang='lat'><strong>17-23.</strong></span> <span class='ocrx_word' id='word_1_280' title='bbox 1163 3451 1276 3512; x_wconf 90' lang='lat' dir='ltr'><strong>Deinde</strong></span> 
     </span>
     <span class='ocr_line' id='line_1_33' title="bbox 249 3548 1275 3630; baseline -0.005 -20"><span class='ocrx_word' id='word_1_281' title='bbox 249 3571 339 3630; x_wconf 92' lang='lat' dir='ltr'><strong>quum</strong></span> <span class='ocrx_word' id='word_1_282' title='bbox 362 3551 420 3609; x_wconf 86' lang='lat' dir='ltr'><strong>hoc</strong></span> <span class='ocrx_word' id='word_1_283' title='bbox 436 3563 511 3610; x_wconf 88' lang='lat' dir='ltr'><strong>esset</strong></span> <span class='ocrx_word' id='word_1_284' title='bbox 529 3549 559 3608; x_wconf 92' lang='lat' dir='ltr'><strong>in</strong></span> <span class='ocrx_word' id='word_1_285' title='bbox 575 3549 673 3609; x_wconf 88' lang='lat' dir='ltr'><strong>Sicilia</strong></span> <span class='ocrx_word' id='word_1_286' title='bbox 691 3549 867 3622; x_wconf 88' lang='lat' dir='ltr'><strong>institutum,</strong></span> <span class='ocrx_word' id='word_1_287' title='bbox 887 3563 920 3609; x_wconf 92' lang='lat' dir='ltr'><strong>ut</strong></span> <span class='ocrx_word' id='word_1_288' title='bbox 938 3562 1086 3629; x_wconf 84' lang='lat' dir='ltr'><strong>sumptum</strong></span> <span class='ocrx_word' id='word_1_289' title='bbox 1109 3567 1224 3607; x_wconf 88' lang='lat' dir='ltr'><strong>omnem</strong></span> <span class='ocrx_word' id='word_1_290' title='bbox 1244 3548 1275 3606; x_wconf 89' lang='lat' dir='ltr'><strong>in</strong></span> 
     </span>
     <span class='ocr_line' id='line_1_34' title="bbox 251 3645 1276 3725; baseline -0.003 -19"><span class='ocrx_word' id='word_1_291' title='bbox 251 3648 369 3707; x_wconf 86' lang='lat' dir='ltr'><strong>classem</strong></span> <span class='ocrx_word' id='word_1_292' title='bbox 383 3648 549 3719; x_wconf 83' lang='lat' dir='ltr'><strong>frumento,</strong></span> <span class='ocrx_word' id='word_1_293' title='bbox 575 3645 720 3725; x_wconf 90' lang='lat' dir='ltr'><strong>stipendio</strong></span> <span class='ocrx_word' id='word_1_294' title='bbox 735 3645 895 3723; x_wconf 87' lang='lat' dir='ltr'><strong>ceterisque</strong></span> <span class='ocrx_word' id='word_1_295' title='bbox 908 3645 996 3704; x_wconf 81' lang='lat' dir='ltr'><strong>rebus</strong></span> <span class='ocrx_word' id='word_1_296' title='bbox 1011 3664 1064 3705; x_wconf 89' lang='lat' dir='ltr'><strong>suo</strong></span> <span class='ocrx_word' id='word_1_297' title='bbox 1078 3661 1202 3722; x_wconf 83' lang='lat' dir='ltr'><strong>quaeque</strong></span> <span class='ocrx_word' id='word_1_298' title='bbox 1221 3662 1276 3703; x_wconf 90' lang='lat' dir='ltr'><strong>na·</strong></span> 
     </span>
     <span class='ocr_line' id='line_1_35' title="bbox 250 3737 1273 3821; baseline -0.008 -18"><span class='ocrx_word' id='word_1_299' title='bbox 250 3745 359 3804; x_wconf 83' lang='lat' dir='ltr'><strong>varcho</strong></span> <span class='ocrx_word' id='word_1_300' title='bbox 372 3744 473 3804; x_wconf 82' lang='lat' dir='ltr'><strong>civitas</strong></span> <span class='ocrx_word' id='word_1_301' title='bbox 485 3743 580 3811; x_wconf 85' lang='lat' dir='ltr'><strong>daret,</strong></span> <span class='ocrx_word' id='word_1_302' title='bbox 594 3743 645 3821; x_wconf 88' lang='lat' dir='ltr'><strong>qui</strong></span> <span class='ocrx_word' id='word_1_303' title='bbox 659 3740 771 3801; x_wconf 78' lang='lat' dir='ltr'><strong>civibus</strong></span> <span class='ocrx_word' id='word_1_304' title='bbox 786 3743 845 3800; x_wconf 89' lang='lat' dir='ltr'><strong>suis</strong></span> <span class='ocrx_word' id='word_1_305' title='bbox 860 3744 1002 3802; x_wconf 88' lang='lat' dir='ltr'><strong>rationem</strong></span> <span class='ocrx_word' id='word_1_306' title='bbox 1016 3742 1124 3799; x_wconf 79' lang='lat' dir='ltr'><strong>referre</strong></span> <span class='ocrx_word' id='word_1_307' title='bbox 1137 3737 1273 3811; x_wconf 86' lang='lat' dir='ltr'><strong>deberet,</strong></span> 
     </span>
     <span class='ocr_line' id='line_1_36' title="bbox 250 3833 1274 3920; baseline -0.007 -20"><span class='ocrx_word' id='word_1_308' title='bbox 250 3846 372 3900; x_wconf 80' lang='lat' dir='ltr'><strong>Verrem</strong></span> <span class='ocrx_word' id='word_1_309' title='bbox 383 3840 548 3920; x_wconf 88' lang='lat' dir='ltr'><strong>imperasse,</strong></span> <span class='ocrx_word' id='word_1_310' title='bbox 556 3853 589 3898; x_wconf 91' lang='lat' dir='ltr'><strong>ut</strong></span> <span class='ocrx_word' id='word_1_311' title='bbox 604 3859 638 3898; x_wconf 86' lang='lat' dir='ltr'><strong>ea</strong></span> <span class='ocrx_word' id='word_1_312' title='bbox 652 3838 774 3918; x_wconf 59' lang='lat' dir='ltr'><strong>moenia</strong></span> <span class='ocrx_word' id='word_1_313' title='bbox 787 3838 889 3911; x_wconf 90' lang='lat' dir='ltr'><strong>omnis,</strong></span> <span class='ocrx_word' id='word_1_314' title='bbox 901 3858 918 3896; x_wconf 85' lang='lat' dir='ltr'><strong>a</strong></span> <span class='ocrx_word' id='word_1_315' title='bbox 934 3835 1100 3897; x_wconf 81' lang='lat' dir='ltr'><strong>civitatibus</strong></span> <span class='ocrx_word' id='word_1_316' title='bbox 1115 3833 1171 3895; x_wconf 89' lang='lat' dir='ltr'><strong>sibi</strong></span> <span class='ocrx_word' id='word_1_317' title='bbox 1181 3834 1274 3893; x_wconf 89' lang='lat' dir='ltr'><strong>adnu-</strong></span> 
     </span>
     <span class='ocr_line' id='line_1_37' title="bbox 252 3932 1275 4014; baseline -0.006 -18"><span class='ocrx_word' id='word_1_318' title='bbox 252 3950 421 4011; x_wconf 88' lang='lat' dir='ltr'><strong>meraretur,</strong></span> <span class='ocrx_word' id='word_1_319' title='bbox 435 3950 465 3996; x_wconf 84' lang='lat' dir='ltr'><strong>et</strong></span> <span class='ocrx_word' id='word_1_320' title='bbox 477 3951 512 3996; x_wconf 91' lang='lat' dir='ltr'><strong>ut</strong></span> <span class='ocrx_word' id='word_1_321' title='bbox 523 3937 548 3996; x_wconf 90' lang='lat' dir='ltr'><strong>is</strong></span> <span class='ocrx_word' id='word_1_322' title='bbox 561 3955 626 3995; x_wconf 90' lang='lat' dir='ltr'><strong>eam</strong></span> <span class='ocrx_word' id='word_1_323' title='bbox 641 3934 793 4014; x_wconf 89' lang='lat' dir='ltr'><strong>pecuniam</strong></span> <span class='ocrx_word' id='word_1_324' title='bbox 812 3947 964 4007; x_wconf 77' lang='lat' dir='ltr'><strong>tractaret,</strong></span> <span class='ocrx_word' id='word_1_325' title='bbox 982 3953 1070 4012; x_wconf 88' lang='lat' dir='ltr'><strong>quem</strong></span> <span class='ocrx_word' id='word_1_326' title='bbox 1087 3932 1150 4011; x_wconf 90' lang='lat' dir='ltr'><strong>ipsc</strong></span> <span class='ocrx_word' id='word_1_327' title='bbox 1166 3933 1275 4011; x_wconf 83' lang='lat' dir='ltr'><strong>praefe-</strong></span> 
     </span>
     <span class='ocr_line' id='line_1_38' title="bbox 252 4029 1275 4112; baseline -0.003 -19"><span class='ocrx_word' id='word_1_328' title='bbox 252 4034 352 4107; x_wconf 89' lang='lat' dir='ltr'><strong>cisset,</strong></span> <span class='ocrx_word' id='word_1_329' title='bbox 372 4042 418 4103; x_wconf 75' lang='lat' dir='ltr'><strong>nl.</strong></span> <span class='ocrx_word' id='word_1_330' title='bbox 432 4039 526 4095; x_wconf 88' lang='lat' dir='ltr'><strong>Unam</strong></span> <span class='ocrx_word' id='word_1_331' title='bbox 543 4034 704 4112; x_wconf 85' lang='lat' dir='ltr'><strong>piratarum</strong></span> <span class='ocrx_word' id='word_1_332' title='bbox 718 4052 821 4092; x_wconf 84' lang='lat' dir='ltr'><strong>navem</strong></span> <span class='ocrx_word' id='word_1_333' title='bbox 834 4052 893 4091; x_wconf 92' lang='lat' dir='ltr'><strong>non</strong></span> <span class='ocrx_word' id='word_1_334' title='bbox 911 4044 1041 4110; x_wconf 84' lang='lat' dir='ltr'><strong>captam,</strong></span> <span class='ocrx_word' id='word_1_335' title='bbox 1063 4029 1275 4098; x_wconf 84' lang='lat' dir='ltr'><strong>sedinventam</strong></span> 
     </span>
     <span class='ocr_line' id='line_1_39' title="bbox 254 4126 1278 4210; baseline -0.005 -20"><span class='ocrx_word' id='word_1_336' title='bbox 254 4149 315 4190; x_wconf 88' lang='lat' dir='ltr'><strong>esse</strong></span> <span class='ocrx_word' id='word_1_337' title='bbox 327 4151 421 4210; x_wconf 89' lang='lat' dir='ltr'><strong>prope</strong></span> <span class='ocrx_word' id='word_1_338' title='bbox 433 4136 604 4209; x_wconf 86' lang='lat' dir='ltr'><strong>Syracusas,</strong></span> <span class='ocrx_word' id='word_1_339' title='bbox 616 4151 652 4191; x_wconf 83' lang='lat' dir='ltr'><strong>ex</strong></span> <span class='ocrx_word' id='word_1_340' title='bbox 662 4151 721 4209; x_wconf 87' lang='lat' dir='ltr'><strong>qna</strong></span> <span class='ocrx_word' id='word_1_341' title='bbox 731 4134 836 4190; x_wconf 88' lang='lat' dir='ltr'><strong>Verres</strong></span> <span class='ocrx_word' id='word_1_342' title='bbox 847 4149 962 4191; x_wconf 89' lang='lat' dir='ltr'><strong>omnem</strong></span> <span class='ocrx_word' id='word_1_343' title='bbox 973 4128 1101 4210; x_wconf 79' lang='lat' dir='ltr'><strong>praedam</strong></span> <span class='ocrx_word' id='word_1_344' title='bbox 1114 4126 1170 4187; x_wconf 88' lang='lat' dir='ltr'><strong>sibi</strong></span> <span class='ocrx_word' id='word_1_345' title='bbox 1183 4146 1278 4188; x_wconf 75' lang='lat' dir='ltr'><strong>sema·</strong></span> 
     </span>
     <span class='ocr_line' id='line_1_40' title="bbox 309 4230 1172 4306; baseline 0 -11"><span class='ocrx_word' id='word_1_346' title='bbox 309 4230 353 4298; x_wconf 79' lang='grc' dir='ltr'><strong>ῙῙ.</strong></span> <span class='ocrx_word' id='word_1_347' title='bbox 381 4245 605 4306; x_wconf 65' lang='lat' dir='ltr'><strong>&amp;sparnacum</strong></span> <span class='ocrx_word' id='word_1_348' title='bbox 1130 4249 1172 4295; x_wconf 78' lang='lat'><strong>21</strong></span> 
     </span>
    </p>
   </div>
   <div class='ocr_carea' id='block_1_5' title="bbox 0 0 1614 4772">
    <p class='ocr_par' dir='ltr' id='par_1_7' title="bbox 0 0 1614 4772">
     <span class='ocr_line' id='line_1_41' title="bbox 0 0 1614 4772; baseline 0 0"><span class='ocrx_word' id='word_1_349' title='bbox 0 0 1614 4772; x_wconf 95' lang='lat' dir='ltr'><strong> </strong></span> 
     </span>
    </p>
   </div>
  </div>
 </body>
</html>
