3054 4772
339 393 410 465 630
681 384 1060 458 ARGUMENTUM.

378 529 479 595 pterea
494 513 573 591 quod
589 512 641 570 itta
656 510 761 569 desunt
773 509 879 588 quibus
890 522 991 567 orator
1003 513 1066 570 Ser.
1078 507 1211 585 Sulpicio
1225 507 1409 567 adolescenti

377 624 407 670 et
420 615 476 671 Cu.
487 610 651 681 Postumio,
671 607 709 667 dc
722 607 882 666 divisorum
895 606 1025 678 indiciis,
1039 604 1076 663 de
1092 604 1223 683 pecuniis
1237 604 1410 684 deprehen-

377 709 431 781 sis,
443 707 480 767 de
491 707 620 786 equitum
636 706 788 772 centuriis,
804 703 971 782 respondit:
989 715 1018 761 at
1032 703 1129 761 nulius
1142 702 1217 761 alius
1230 716 1276 760 est
1293 702 1325 760 in
1346 715 1411 761 tota

377 807 511 864 oratione
524 806 606 864 locus
626 803 664 862 ad
682 822 769 880 quem
781 802 869 860 Plinii
880 800 970 860 verba
988 800 1090 859 referri
1103 799 1224 878 possint.
1235 803 1296 858 Rea
1307 812 1410 857 autem

377 905 508 980 omissa,
526 922 591 981 quaa
611 900 715 960 talibus
735 900 808 958 locis
825 901 964 980 explicari
985 899 1165 975 debuissent,
1186 898 1247 977 peti
1268 911 1409 977 poterant

379 1020 417 1060 ex
436 999 649 1059 commentariis
668 1016 837 1069 causarum,
860 1016 950 1075 quos,
965 1016 983 1055 a
996 1009 1119 1075 patrono
1133 995 1289 1073 diligenter
1303 997 1408 1054 conse

379 1107 457 1168 ctos,
471 1096 543 1156 Tiro
556 1094 704 1154 ediderat:
718 1113 844 1173 quorum
862 1110 948 1170 quam
968 1092 1086 1170 insignis
1107 1092 1215 1151 utilitas
1237 1092 1275 1151 ad
1295 1093 1407 1150 intelli-

380 1192 487 1271 gendas
501 1192 647 1251 orationes
662 1204 750 1263 esset,
776 1189 883 1248 exilia
904 1188 1045 1267 particula
1062 1188 1247 1267 perspicitur,
1268 1208 1346 1266 qua,
1370 1188 1408 1248 ab

380 1288 525 1348 Arusianu
537 1292 648 1359 Messo,
659 1287 755 1345 sireis
766 1290 877 1344 Fronto
889 1297 949 1353 est,
960 1296 1088 1355 servata,
1100 1283 1137 1342 ad
1151 1288 1214 1357 111,
1224 1286 1254 1343 in
1265 1289 1407 1356 Verrem,

381 1405 440 1444 acc.
454 1389 500 1456 ΙΙ,
525 1403 589 1461 cap.
604 1382 658 1455 33,
682 1381 822 1459 praeclare
835 1400 904 1440 usus
917 1394 961 1440 est
972 1380 1091 1440 Fulvius
1104 1380 1235 1441 Ursinus.
1253 1385 1407 1453 Ceterum,

378 1482 459 1561 quod
470 1481 507 1540 ad
518 1481 596 1539 hano
606 1479 770 1537 universam
782 1480 923 1538 rationem
943 1480 1071 1558 pertinet
1088 1478 1330 1558 exponendorum
1346 1480 1409 1538 suia

378 1576 668 1649 commemoratione,
683 1595 743 1635 non
757 1575 996 1654 explicandorum
1012 1576 1156 1648 oratione,
1179 1575 1351 1654 hujusmodi
1364 1597 1409 1635 ce·

379 1675 489 1752 pitum,
510 1692 576 1751 quae
600 1672 638 1731 ad
662 1674 786 1732 nitorem
809 1671 960 1731 tractando
980 1671 1140 1750 perducere
1158 1691 1256 1751 operae
1280 1673 1409 1750 pretinm

381 1770 491 1829 oratori
514 1788 575 1829 uon
588 1771 683 1830 vuum
699 1784 758 1842 est,
778 1788 812 1829 ea
828 1791 888 1829 uon
904 1769 1074 1829 aCicerone
1095 1770 1223 1842 invecta,
1244 1769 1296 1828 sed
1311 1770 1375 1847 jam
1392 1792 1410 1828 a

379 1868 471 1926 Lucio
487 1871 592 1927 Crasso
607 1867 737 1926 adhibita
751 1867 815 1925 fuit.
831 1870 922 1936 (Brut.
936 1886 1001 1944 cap.
1014 1867 1075 1946 44.)

419 1966 462 2024 Ea
481 1983 571 2043 porro
591 1964 748 2042 fragmenta
769 1980 832 2040 quae
857 1962 906 2020 hic
930 1961 1093 2040 prodeunt,
1116 1962 1263 2021 Ciceronis
1287 1962 1409 2039 quidem

381 2062 498 2119 nomine
514 2072 600 2138 atque
614 2061 732 2118 omnino
746 2060 918 2138 paginarum
933 2058 1019 2117 titulo
1032 2071 1151 2117 carent:
1172 2058 1222 2117 sed
1244 2078 1331 2118 neruo
1353 2062 1410 2119 erit

380 2157 431 2235 qui
445 2155 559 2215 dubitet
572 2156 621 2214 iiia
640 2156 676 2214 ad
697 2155 828 2214 eamdem
849 2176 915 2214 cum
933 2155 1043 2231 majore
1061 2154 1223 2233 fragmento
1245 2156 1409 2214 orationem

381 2258 423 2314 Μ.
434 2253 525 2312 Tullii
535 2252 690 2329 pertinere.
711 2257 747 2309 Et
760 2253 882 2310 multum
900 2250 1018 2328 quidem
1036 2250 1156 2308 honoris
1169 2251 1226 2309 iliis
1243 2251 1360 2310 decedit
1373 2272 1409 2310 cx

381 2370 417 2410 eo
434 2349 514 2428 quod
530 2369 567 2406 ne
587 2350 664 2407 inter
685 2368 716 2405 se
739 2347 858 2425 quidem
880 2348 1103 2415 continuantur;
1127 2346 1221 2425 quid?
1243 2346 1324 2425 quod
1347 2368 1409 2407 non

381 2446 450 2506 satis
474 2444 593 2503 evidens
610 2441 705 2501 videri
727 2455 823 2521 potest
842 2443 916 2501 sitne
933 2443 1059 2522 primum
1077 2441 1221 2510 secundo,
1238 2462 1275 2501 nn
1289 2446 1345 2502 hoc
1366 2445 1410 2503 itti

380 2538 627 2620 praeponendum:
647 2558 713 2597 nam
727 2537 764 2597 de
778 2539 866 2597 tertio
882 2550 1030 2597 certares
1051 2551 1105 2596 est.
1128 2537 1185 2596 Sed
1197 2538 1255 2597 hoc
1267 2552 1409 2616 sequtuus

381 2657 444 2697 sum
460 2635 540 2715 quod
555 2637 656 2693 tamin
670 2635 831 2714 iiio‚quod
846 2634 1006 2694 secundum
1022 2636 1094 2707 feci,
1111 2653 1199 2711 quam
1214 2636 1245 2692 in
1261 2637 1359 2708 tertio,
1370 2638 1408 2696 de

382 2731 504 2793 testibus
513 2732 583 2790 furti
596 2744 699 2790 contra
710 2734 760 2791 Μ’.
771 2732 884 2790 Fonteii
898 2743 1073 2808 quaesturam
1087 2749 1183 2788 sermo
1195 2743 1252 2803 est;
1266 2731 1296 2789 in
1312 2733 1408 2811 primo

382 2843 478 2892 autem
488 2829 525 2887 de
538 2849 571 2888 re
583 2829 707 2889 muitum
720 2829 844 2900 diversa,
858 2828 969 2886 scilicet
985 2827 1023 2886 de
1043 2827 1186 2886 solutione
1202 2827 1409 2905 quadrantaria

381 2925 540 2987 secundum
556 2926 647 3002 legem
656 2926 820 2996 Valeriam,
840 2923 1013 3000 disputatur.

422 3126 467 3181 Ex
484 3119 530 3178 his
545 3120 661 3177 demum
677 3118 842 3196 fragmentis
855 3117 1038 3196 perspicitur,
1057 3119 1204 3195 postulato
1218 3119 1268 3176 Μ’.
1284 3120 1408 3178 Fonteio

381 3239 399 3277 a
412 3217 502 3278 Gaiiis
515 3216 578 3294 iege
594 3215 833 3293 repetundarum,
857 3219 899 3275 Μ.
916 3216 1081 3275 Plaetorium
1098 3229 1313 3287 accusatorem,
1326 3216 1408 3296 quod

380 3317 412 3374 in
435 3312 597 3372 accusando
608 3317 701 3371 Verre
726 3313 832 3371 iecerat
852 3313 970 3385 Cicero,
984 3313 1150 3372 universam
1176 3314 1219 3372 rei
1241 3315 1331 3372 vitam
1353 3334 1409 3392 per

381 3430 481 3471 omnes
494 3429 568 3487 quos
577 3423 702 3487 gesserat
714 3411 904 3488 magistratus,
914 3423 1120 3489 persequutum
1134 3430 1204 3471 esse.
1213 3416 1308 3484 Quum
1320 3412 1409 3488 igitur

382 3507 519 3569 Fonteius
540 3506 723 3565 triumviratu
746 3519 775 3564 et
798 3520 958 3584 quaestura,
972 3507 1111 3566 Marianis
1125 3508 1320 3584 Cinnanisque
1334 3521 1409 3566 tem·

381 3603 520 3685 poribus,
535 3603 649 3662 functus
663 3615 752 3672 esset,
775 3615 925 3661 accusator
945 3604 1133 3681 pecuniarum
1157 3623 1212 3682 per
1235 3606 1295 3662 vim
1320 3618 1409 3681 atque

380 3702 517 3781 injuriam
528 3714 679 3778 captarum
694 3699 971 3776 conciliaturumquc
990 3699 1102 3758 crimen
1119 3699 1149 3757 in
1170 3712 1326 3778 utrumque
1339 3719 1407 3758 ma-

381 3800 533 3876 gistratum
544 3798 706 3855 contuierat
718 3818 725 3853 :
741 3815 837 3874 neque
849 3796 972 3854 fortasse
985 3816 1002 3854 a
1015 3796 1110 3855 Gallia
1121 3796 1274 3874 provincia
1286 3816 1408 3875 prorsus

379 3894 472 3952 aliena
492 3907 645 3973 quaesturas
662 3893 736 3953 ratio
754 3907 841 3952 erat:
868 3894 979 3952 tametsi
1001 3893 1049 3952 hic
1070 3893 1251 3972 magistratus
1274 3894 1303 3951 in
1326 3892 1409 3953 Urbe

379 4000 476 4067 gestus
493 3991 579 4049 fuisse
596 3990 739 4050 videatur.
751 3996 792 4049 tt
803 3991 832 4049 in
846 3990 892 4048 his
910 4010 978 4067 qum
987 4010 1065 4050 nunc
1080 3990 1259 4068 postliminio
1272 3990 1408 4063 redeunt,

377 4085 407 4149 id
422 4085 480 4164 agit
494 4099 645 4165 patrunus,
660 4101 692 4147 ut
705 4100 859 4166 quaestura
871 4088 992 4147 crimina
1006 4087 1117 4148 diluat:
1137 4089 1337 4150 triumviratus
1357 4108 1411 4149 ra-
