3116 4774
396 461 591 533 onlrro
616 461 715 530 rao
743 463 781 529 l.
809 462 1022 534 cneius.
1169 462 1242 558 469

176 600 213 658 et
232 583 290 672 id,
307 581 408 680 quod
430 582 532 654 nullo
554 595 718 679 tempore
733 582 816 677 jure
838 580 917 653 lieri
939 596 1079 680 potest,
1101 599 1178 655 tum
1197 584 1243 655 ab

176 719 216 766 se
231 695 313 789 jure
331 690 464 764 factum
483 716 560 764 esse
579 690 838 764 defenderent:
859 707 1071 791 sperarunt,
1089 692 1126 763 id
1141 694 1245 791 quod

176 803 362 901 assequuti
386 816 492 891 sunt,
514 826 553 873 sc
583 802 781 896 injecturos
804 803 908 875 vobis
937 825 1079 874 causam
1106 802 1242 876 delibe-

178 913 303 1000 randi,
330 926 367 983 et
390 910 576 1008 judicandi
599 911 730 1006 justam
754 937 892 983 moram
917 937 958 984 ac
980 913 1244 1009 religionem²;

176 1022 285 1094 simul
305 1022 412 1109 illud,
433 1021 533 1122 quod
557 1021 846 1119 indignissimum
870 1037 942 1108 est,
965 1019 1128 1094 futurum
1149 1022 1244 1094 arbi·

178 1133 261 1203 trati
281 1146 385 1220 sunt,
403 1147 445 1203 ut
463 1136 502 1202 in
523 1130 591 1202 hac
612 1155 721 1203 causa
743 1158 821 1205 non
839 1132 884 1203 de
899 1132 1132 1230 improbitate
1148 1136 1243 1204 Sext.

177 1239 333 1327 AEbutii,
360 1239 423 1312 scd
445 1238 491 1311 de
513 1241 594 1335 jure
615 1240 710 1312 civili
726 1241 902 1336 judicium
924 1240 1002 1313 fieri
1023 1239 1243 1314 videretur³.

176 1354 259 1444 Qua
287 1351 326 1420 in
360 1376 421 1439 re,
449 1354 479 1420 si
504 1350 594 1421 mihi
626 1365 720 1423 esset
749 1357 857 1423 unius
881 1357 922 1421 A.
951 1356 1101 1427 Caecinae
1139 1377 1246 1426 causa

179 1460 337 1558 agenda,
351 1458 544 1559 profiterer
557 1461 641 1531 satis
654 1461 827 1531 idoneum
842 1485 919 1532 esse
931 1485 990 1533 me
1004 1460 1247 1545 defensorem,

177 1584 372 1668 propterea
394 1567 495 1666 quod
516 1567 626 1640 fidem
645 1592 762 1640 meam
783 1568 1081 1668 diligentiamque
1100 1583 1246 1667 praesta·

180 1704 259 1751 rem
276 1706 286 1749 s
304 1704 386 1776 qum
407 1703 521 1775 quum
541 1692 626 1750 sunt
646 1681 685 1749 in
706 1692 828 1749 actore
849 1701 984 1766 cauam,
1000 1677 1091 1749 nibil
1114 1693 1189 1764 est,
1207 1679 1246 1748 in

180 1813 221 1860 re
240 1790 436 1886 praesertim
456 1802 579 1887 aperta
597 1812 638 1860 ac
655 1787 825 1887 simplici,
843 1786 945 1886 quod
958 1789 1134 1861 excellens
1151 1791 1247 1888 inge-

178 1898 282 1970 nium
308 1899 527 1993 requirntur.
550 1897 619 1968 Sed
642 1921 758 1994 quum
780 1896 826 1969 de
850 1921 896 1969 eo
909 1900 993 1994 jure
1010 1899 1097 1969 mihi
1122 1899 1245 1971 dicen-

180 2005 269 2077 dum
283 2008 349 2094 sit,
367 2006 467 2104 quod
480 2011 659 2105 pertineat
673 2005 719 2077 ad
732 2030 877 2096 omnes,
896 2007 995 2105 quod
1010 2009 1247 2079 constitutum

179 2118 226 2188 sit
243 2140 264 2187 a
282 2115 499 2213 majoribus,
519 2108 773 2189 conservatum
792 2140 910 2212 usque
931 2115 977 2187 ad
996 2116 1070 2186 hoo
1087 2131 1248 2213 tempus;

181 2252 257 2324 quo
279 2225 422 2298 sublato
443 2252 518 2298 non
544 2226 663 2298 solum
687 2249 769 2323 pars
793 2225 913 2321 aliqua
931 2226 1022 2320 juris
1044 2224 1249 2311 deminuta,

180 2335 243 2408 sed
268 2340 374 2408 etiam
398 2338 452 2407 vis
473 2361 534 2422 ea,
555 2361 635 2434 quae
658 2336 731 2430 juri
758 2337 913 2406 maxime
936 2350 991 2407 est
1011 2333 1211 2406 adversaria
1220 2337 1248 2420 ⁴,

178 2445 316 2542 judicio
338 2446 548 2518 confirmata
567 2470 643 2517 esse
663 2444 849 2529 videntum
868 2443 974 2516 video
996 2445 1129 2516 summi
1150 2445 1249 2540 inge-

181 2558 232 2627 nii
254 2581 398 2629 causam
420 2581 520 2646 csse3
545 2580 640 2643 non,
661 2560 716 2626 uti
741 2555 1021 2651 demonstretur,
1040 2554 1142 2651 quod
1163 2567 1247 2625 ante

181 2667 308 2740 oculos
327 2682 401 2752 est,
416 2664 479 2737 sed
494 2691 561 2752 ne,
582 2669 612 2738 si
631 2669 712 2764 quis
729 2666 832 2737 vobis
854 2690 955 2736 error
975 2666 1012 2734 in
1032 2678 1129 2735 tanta
1145 2690 1184 2735 re
1202 2666 1247 2735 sit

182 2775 347 2871 objectus
356 2773 383 2864 ⁵,
402 2802 528 2848 omnes
543 2779 662 2873 potius
678 2800 735 2847 me
751 2776 970 2848 arbitrentur
985 2798 1121 2861 causae,
1137 2798 1247 2870 quam

181 2909 247 2955 vos
263 2885 427 2982 religioni
444 2903 569 2957 vestrae
583 2885 749 2958 defuisse.
765 2889 995 2980 Quamquam
1010 2907 1078 2979 ego
1094 2883 1183 2953 mihi
1197 2886 1248 2955 sic

184 2993 402 3092 persuadeo,
423 3010 713 3092 recuperatores,
730 3021 805 3066 non
828 3017 891 3064 vos
906 3006 978 3063 tam
995 3007 1145 3091 propter
1157 2992 1248 3087 juris

103 3136 105 3141 ’
184 3103 375 3175 obscuram
407 3102 629 3202 dubiamque
656 3108 833 3176 rationem
862 3102 919 3174 bis
944 3103 1017 3201 jam
1049 3102 1095 3175 de
1122 3102 1246 3175 eadem

220 3438 246 3471 o.
268 3425 363 3471 Iustam
384 3440 479 3472 moram
501 3435 525 3471 et
546 3422 695 3489 religionem.
739 3424 778 3472 νὶι
791 3424 816 3471 in
827 3422 920 3488 populo
932 3422 1025 3471 abesto.
1044 3420 1114 3469 Nihil
1132 3430 1168 3468 eet
1184 3419 1249 3467 enlm

185 3505 237 3550 lloc
264 3512 315 3561 oet,
330 3503 482 3567 scrupulum.
501 3504 599 3553 Terent.
617 3503 696 3551 Andr.
739 3504 865 3553 exitiosius
874 3499 1145 3560 etvinubusmhttnm
1156 3509 1252 3546 contre·

188 3586 277 3635 «Nihil
288 3602 341 3634 esso
355 3587 415 3635 milri
434 3587 520 3651 religio
537 3598 574 3634 est
587 3585 695 3634 dicere».
739 3584 802 3632 rium
814 3584 899 3644 juriet
914 3581 1024 3646 legibus,
1045 3579 1107 3627 nibil
1120 3578 1201 3625 minna
1215 3575 1252 3622 ci·

185 3664 250 3713 lbid.
274 3686 286 3707 a
299 3666 394 3728 Dignus
422 3682 478 3714 eum
513 3677 554 3714 tuo
579 3665 696 3731 religione
741 3662 788 3709 vile
800 3674 825 3711 et
838 3663 1061 3724 humanum,qnam
1075 3656 1210 3720 composita
1224 3665 1250 3702 et

186 3744 245 3793 odio
252 3767 275 3793 ι,
288 3748 392 3794 Purra.
740 3742 871 3789 constituta
882 3739 1006 3804 republica
1016 3733 1196 3802 quidquemagi
1206 3748 1250 3797 per

221 3825 246 3872 3.
264 3826 302 3871 De
311 3824 369 3889 jure
378 3823 568 3890 eivilr'jndr'oium
578 3856 586 3882 ,
598 3833 645 3871 etc.
658 3825 695 3871 Do
738 3820 796 3868 vim.
810 3823 913 3868 Pmu.

186 3903 234 3951 lroc
252 3904 399 3968 explicando
418 3906 475 3953 vide
494 3909 594 3953 Fxcurs.
608 3904 646 3950 111
663 3901 694 3949 od
775 3901 800 3949 5.
816 3900 855 3946 Ne
871 3898 894 3946 si
906 3895 960 3960 quis
969 3895 1039 3944 vobis
1053 3908 1123 3941 orror
1139 3892 1164 3941 r'n
1178 3902 1249 3940 moto

187 3984 276 4032 aloem
287 3983 360 4044 huius
371 3985 495 4033 orationis.
738 3995 765 4028 ne
779 3978 812 4026 sit
825 3976 943 4042 objectus.
958 3974 996 4023 Ne
1014 3973 1035 4021 ai
1053 3970 1165 4037 quaedam
1177 3971 1250 4019 vobi·

223 4071 249 4118 4.
265 4062 308 4109 Vis
326 4078 369 4120 eo,
389 4080 444 4126 quae
460 4062 516 4127 juri
535 4061 644 4110 inaximo
660 4070 698 4108 est
738 4058 818 4122 caligo
840 4056 871 4104 rit
892 4055 980 4103 onnia.
998 4053 1189 4114 Nonnumquam
1206 4048 1251 4096 lto·

187 4139 339 4191 adversaria.
351 4142 416 4190 ilinc
432 4142 582 4205 praetoriain
593 4140 696 4189 interdi·
739 4148 809 4186 nesto
822 4146 846 4185 et
858 4133 981 4201 probabili
994 4131 1094 4180 nomine
1106 4130 1176 4179 bono
1195 4130 1249 4176 viro
1320 4122 1326 4139 ‘

189 4218 234 4267 cria
244 4218 347 4268 formula
358 4218 475 4286 vimfieri
481 4232 557 4269 veto:
567 4229 592 4268 et
602 4219 696 4283 logum,
735 4216 815 4280 jodici
826 4229 894 4263 error
906 4212 981 4276 objici
991 4212 1060 4261 solet.
1071 4212 1146 4277 loru.
