3148 4780
364 446 420 515 IN
444 445 656 515 VERREM
679 451 787 518 Act.
808 450 866 533 II,
891 450 983 517 LIB.
1003 452 1044 517 V.
1163 450 1233 536 433

174 570 264 638 ritiae
288 581 324 638 te
349 569 466 638 nimiae
490 568 681 663 coarguit:
703 585 765 641 tua
788 568 947 641 defensio
971 567 1102 642 furoris
1117 575 1235 668 cujus·
1264 626 1265 629 ,

176 678 279 765 dam,
309 690 345 748 et
379 679 625 765 immanitatis,
662 695 698 750 et
730 680 896 751 inauditae
932 679 1167 766 crudelitatis,
1200 699 1238 757 et

127 870 131 879 ‚
175 811 277 883 paene
291 810 391 857 novae
405 787 686 883 proscriptionis.

223 896 290 969 Sed
314 921 388 967 non
414 892 521 966 licet³
545 920 603 966 me
623 898 692 967 isto
712 912 812 969 tanto
833 897 949 985 bono,
973 898 1129 993 judices,
1163 906 1236 986 uti;

175 1007 359 1078 nonlicet.
379 1005 519 1078 Adsunt
543 1007 640 1077 enim
665 1008 804 1079 Puteoli
824 1012 892 1079 toti
921 1037 928 1078 :
957 1007 1236 1104 frequentissimi
1330 1042 1333 1051 ¹

174 1131 350 1190 venerunt
368 1116 412 1187 ad
430 1115 501 1187 hoc
515 1116 694 1212 judicium
708 1132 938 1204 mercatores,
960 1119 1124 1189 homines
1135 1120 1236 1190 locu-

173 1228 287 1325 pletes
304 1241 413 1322 atque
436 1227 595 1314 honesti,
616 1231 679 1324 qui
698 1231 828 1327 partim
843 1231 961 1301 socios
977 1254 1082 1316 suos,
1105 1235 1236 1327 partim

174 1337 322 1409 libertos
331 1334 376 1406 ab
390 1336 459 1405 isto
475 1335 666 1432 spoliatos,
680 1342 719 1407 in
733 1337 876 1409 vincula
889 1339 1092 1434 conjectos,
1105 1343 1235 1437 partim

174 1450 212 1516 in
228 1445 382 1517 vinculis
399 1459 561 1528 necatos,
589 1448 720 1543 partim
740 1453 855 1517 securi
877 1472 1065 1545 percussos
1087 1473 1162 1519 esse
1183 1449 1237 1520 di·

175 1569 266 1627 cent.
279 1556 346 1624 Hic
359 1553 460 1638 vide,
482 1578 592 1649 quam
610 1578 668 1624 me
687 1556 733 1625 sis
749 1577 880 1627 usurus
896 1581 1010 1653 aequ0.
1031 1561 1151 1648 Quum
1171 1584 1238 1655 ego

176 1669 211 1735 P.
230 1664 405 1734 Granium
420 1676 546 1733 testem
567 1661 789 1760 produxero,
809 1669 873 1761 qui
894 1689 978 1736 suos
997 1664 1147 1738 libertos
1165 1693 1185 1738 a
1203 1685 1239 1740 tc

91 1852 95 1859 ,
176 1775 292 1846 securi
306 1796 493 1870 percussos
507 1797 583 1843 esse
596 1773 706 1861 dicat,
727 1777 790 1870 qui
802 1790 829 1846 a¹
838 1789 875 1844 te
888 1799 1016 1846 navem
1030 1801 1129 1847 suam
1147 1803 1239 1849 mer·

176 1908 306 1979 cesque
325 1897 464 1980 repetat
485 1910 493 1952 :
516 1879 689 1973 refellito,
717 1887 745 1955 si
765 1887 923 1981 poteris,
955 1911 1078 1956 meum
1109 1902 1236 1963 testem

70 2032 75 2037 ·
176 1994 355 2079 deseram,
377 1993 442 2063 tibi
465 1990 609 2081 laveb03
627 2007 681 2080 te,
700 1997 865 2089 inquam,
891 1990 1092 2090 adjuvabo:
1114 2011 1236 2067 osten-

176 2103 272 2183 dito,
291 2102 372 2173 illos
390 2126 472 2173 cum
492 2104 651 2172 Sertorio
669 2100 793 2189 fnisse,
813 2128 834 2173 a
853 2104 982 2173 Dianio
1000 2100 1176 2197 fugientes
1194 2106 1240 2175 ad

175 2212 328 2284 Siciliam
348 2236 424 2283 esse
446 2211 594 2282 delatos.
619 2210 714 2281 Nihil
733 2226 807 2296 cst,
830 2212 930 2308 quod
950 2226 985 2282 te
1006 2211 1129 2282 malim
1153 2238 1241 2311 pro·

175 2323 262 2396 bare
279 2351 287 2393 :
306 2323 447 2394 nullum
472 2326 569 2393 enim
598 2319 754 2407 lacinus,
785 2321 885 2417 quod
903 2321 1038 2415 majore
1060 2322 1240 2418 supplicio

176 2433 324 2531 dignum
339 2435 403 2519 sit,
421 2432 592 2530 reperiri,
604 2456 724 2527 neque
737 2429 889 2528 proferri
902 2444 1033 2529 potest.
1056 2431 1240 2509 Reducem

176 2544 307 2614 iterum
326 2543 484 2639 equitem
494 2564 702 2625 romanum,
717 2546 756 2612 L.
773 2540 948 2628 Flavium,
968 2544 996 2611 si
1015 2541 1113 2611 voles
1127 2568 1135 2609 :
1149 2567 1240 2638 quo·

177 2653 273 2722 niam
292 2654 411 2749 priore
438 2652 596 2736 actione,
620 2653 822 2749 ntpatroni
844 2654 897 2719 tui
915 2651 1110 2738 dictitant,
1144 2676 1238 2723 nova

177 2760 332 2856 quadam
351 2758 566 2858 sapientia43
581 2776 622 2831 ut
640 2786 765 2832 omnes
782 2759 1004 2855 intelligunt,
1020 2760 1238 2832 conscientia

179 2885 255 2956 tua,
272 2884 380 2965 atque
401 2873 612 2942 auctoritate
633 2895 796 2942 meorum
821 2872 985 2952 testium,
1008 2882 1136 2939 testem
1157 2868 1239 2939 nul·

177 2979 252 3049 lum
265 2980 491 3076 interrogasti
499 2979 525 3050 ⁵.
542 2982 786 3078 Interrogetur
803 2979 940 3049 Flavius
952 3031 962 3066 ,
974 2978 1011 3047 si
1025 2976 1142 3063 voles,
1162 2979 1241 3072 qui·

212 3161 237 3207 3.
249 3157 298 3207 Sed
306 3174 355 3205 nort
368 3156 430 3206 licet.
443 3158 565 3206 Transitio
576 3158 608 3204 ad
619 3158 686 3206 testl-
728 3158 809 3216 istius,
826 3157 1028 3221 quemadmodum
1047 3158 1099 3222 ipse
1117 3157 1239 3221 appellat,

177 3239 284 3285 monium
297 3235 635 3299 Puteolanorumcuperem,
647 3236 686 3282 iu·
729 3237 852 3295 studium,
868 3248 896 3284 ut
914 3238 985 3284 amici
1004 3239 1068 3298 ejus,
1083 3237 1194 3285 morbum
1214 3248 1240 3286 et

177 3314 413 3381 quit,delensiunem
422 3314 500 3373 istam,
507 3330 561 3377 quae
569 3323 591 3360 te
599 3313 686 3361 liberat
729 3315 860 3377 insaniam
874 3327 901 3363 ut
913 3316 987 3363 Siculi
1000 3316 1153 3364 latrocinium
1164 3337 1187 3363 a.
1201 3342 1239 3352 —

177 3394 328 3452 avaritia,ita
339 3405 366 3442 ut
375 3393 565 3441 oneretcriminc
573 3392 686 3440 inauditas
732 3395 881 3443 Conscientia
901 3406 953 3443 tna.
974 3396 1056 3456 Quum
1076 3395 1149 3442 scires
1166 3393 1241 3458 quid-

177 3473 343 3531 crudelitatis,
357 3472 455 3536 probari
467 3471 591 3533 judicibus
605 3488 685 3537 popu·
730 3473 791 3536 quid
801 3473 826 3520 in
835 3474 894 3532 te,si
903 3475 1116 3537 interrogarentur,
1124 3473 1243 3532 dicerent,

177 3552 251 3616 loque
262 3566 375 3611 romano,
386 3550 428 3598 sed
441 3552 557 3599 nonlicet
569 3551 628 3598 mihi
638 3551 686 3598 isto
729 3551 756 3599 id
764 3551 797 3598 ita
805 3566 957 3609 vemmesse,
968 3562 994 3599 ut
1004 3552 1079 3600 refelli
1090 3552 1157 3599 nullo
1165 3550 1241 3597 modo

178 3643 247 3679 tanto
260 3632 327 3679 bono
338 3629 400 3687 frui,
415 3630 471 3693 quis
485 3630 623 3678 testimonio
636 3633 686 3678 Pu·
729 3630 1034 3695 posset—Auctoritas.
1045 3629 1242 3677 Subanddeter-

178 3711 330 3758 teolanomm
343 3721 367 3758 et
382 3710 466 3758 Granii
483 3709 614 3774 probatur,
630 3726 686 3768 eos,
730 3708 800 3756 ritus.
814 3741 846 3751 -
863 3710 972 3754 Moerum
990 3708 1094 3755 testium.
1115 3707 1243 3767 Ejtasmodi

179 3805 242 3851 quos
265 3790 371 3849 necasti,
393 3804 443 3836 non
466 3787 635 3850 Sertorianos,
659 3798 687 3837 ut
731 3786 823 3834 scilicet
833 3787 954 3844 vimman,
968 3797 995 3834 ut
1006 3802 1049 3833 eos
1062 3785 1241 3849 mentiripossa

180 3866 303 3928 dicis,sed
312 3878 455 3914 mercatores
463 3867 543 3915 luisse.
551 3866 689 3915 ——Pueeoli
731 3879 804 3912 nemo
816 3863 915 3911 diceret.

181 3945 303 3995 toti.'1'ota
314 3945 372 3993 nrbs
384 3946 494 4006 Puteoli,
505 3946 530 3994 id
543 3956 594 4008 est,
606 3947 689 3993 cuncti
769 3944 793 3991 5.
805 3944 899 3990 Testem
909 3939 1001 3988 niallam
1011 3940 1176 4005 interrogasti.
1186 3943 1243 3991 Mos

181 4026 315 4073 Puteolani.
733 4032 784 4070 erat
794 4033 822 4070 ut
833 4037 896 4084 quos
908 4030 1033 4069 aecusator
1041 4030 1112 4070 testes
1122 4020 1247 4085 produxe·

218 4111 242 4157 4.
256 4105 326 4151 Nora
337 4104 446 4168 quadam
458 4104 589 4169 sapientia.
601 4103 692 4153 Similis
734 4115 787 4159 rat,
800 4103 819 4149 ii
832 4102 863 4149 ab
876 4116 919 4149 reo
931 4101 1142 4166 interrogarentur.
1157 4100 1245 4149 Verres

181 4179 258 4244 figura
266 4182 336 4229 initio
346 4183 402 4230 utri
411 4185 446 4230 tv
457 4198 464 4231 ε
480 4184 572 4231 «Venio
583 4198 648 4232 nunc
660 4182 692 4231 ad
736 4181 872 4245 autem,vel
883 4182 979 4231 testium
990 4183 1132 4230 auctoritate
1141 4195 1247 4230 eommo-

279 4268 325 4335 Π.
345 4282 391 4329 Cic.
404 4298 460 4344 pars
472 4262 575 4329 secunda.
1101 4263 1146 4333 28
