3054 4772
135 444 1196 470 mmmmmmmmmwmmmmmm

294 675 747 805 EXCURSUS
798 680 1030 800 XXIX

214 924 279 992 AI)
306 922 580 993 ORATIONEM
603 924 695 995 PRO
720 924 916 1010 cAEfflNA,
941 924 1037 995 CAP.
1066 922 1122 1008 34.

538 1108 777 1134 ¹⁸*-

178 1260 298 1351 Quibus
310 1260 377 1348 legs
388 1273 592 1325 autrannus
604 1263 725 1343 cusas,
744 1258 936 1327 autlibertas
948 1275 1055 1349 erepto
1066 1265 1116 1325 sit.
1130 1266 1198 1326 Cur

133 1388 212 1454 ergo
227 1364 391 1453 privilegia
414 1362 455 1429 de
469 1365 627 1429 Cicerone
644 1382 678 1431 et
693 1365 808 1430 Clodio
825 1367 886 1430 lata
904 1382 1001 1449 sunt,
1017 1383 1055 1431 ut
1074 1368 1199 1431 exsula-

17 1532 26 1567 ³.
134 1470 229 1535 rent?
242 1469 424 1558 Responsio
436 1491 476 1534 ex
493 1491 585 1534 ruore
602 1485 635 1534 et
651 1470 800 1537 instituto
819 1470 1016 1560 intelligitur.
1033 1472 1117 1535 Nam
1135 1473 1201 1561 pri-

134 1598 225 1640 mum
242 1597 300 1639 reo
315 1575 384 1640 dies
397 1598 417 1639 a
432 1575 566 1639 tribuno
581 1575 625 1663 pl.
642 1571 684 1640 sd
699 1576 858 1663 populum
873 1577 1064 1643 dicebatur:
1082 1577 1201 1642 deinde

134 1679 302 1763 citabatur,
319 1695 352 1744 et
364 1695 414 1744 ter
423 1694 498 1743 ante
512 1678 692 1745 intermissa
700 1677 753 1743 die
764 1681 983 1764 accusabatur,
993 1705 1090 1770 quam
1100 1684 1201 1747 mults

134 1785 347 1875 irrogaretur3
356 1785 465 1872 iraque
477 1783 669 1851 trinundino
679 1800 845 1849 accusatus
854 1807 873 1849 a
883 1787 1006 1874 populo
1019 1805 1075 1853 aut
1085 1804 1202 1870 morte,

134 1908 192 1956 aut
205 1890 266 1956 aiis
282 1914 376 1980 poens
392 1891 625 1957 damnabatur:
642 1913 718 1959 cunt
737 1912 777 1957 eo
794 1906 905 1957 tamen
925 1907 963 1956 ut
981 1914 1024 1957 ne
1039 1916 1132 1980 poena
1146 1917 1199 1958 oa·

135 1996 209 2085 pitis
228 2018 303 2062 curn
319 1997 457 2085 pecunia
473 1997 745 2086 conjungeretur:
760 1993 795 2059 id
808 2012 872 2078 est,
888 2019 931 2061 ne
946 1997 1044 2061 simul
1056 1999 1202 2084 pecunias

135 2117 169 2166 et
184 2101 297 2191 capitis
319 2101 421 2167 multa
441 2103 471 2167 ei
489 2125 507 2167 a
523 2103 658 2169 tribuno
676 2100 848 2167 diceretur.
866 2101 1072 2191 Magistratus
1092 2119 1201 2166 autern

135 2206 181 2273 sic
197 2208 357 2298 pupulum
374 2209 528 2298 rogabas:
544 2238 557 2267 α
574 2207 702 2284 Velitis,
717 2207 876 2292 jubeatis,
892 2207 1056 2290 Quirites,
1071 2225 1109 2273 ut
1124 2209 1200 2273 Clo·

134 2310 210 2397 dio,
230 2329 326 2402 puta,
349 2329 407 2378 aut
426 2313 472 2379 M.
498 2313 625 2394 Tullio,
649 2336 733 2400 aqua
754 2328 787 2376 et
809 2311 876 2402 igni
900 2310 1145 2379 interdicatur».
1167 2314 1200 2379 Si

134 2419 275 2506 populus
282 2418 428 2500 juberet,
440 2441 534 2508 poena
546 2419 642 2482 etiam
654 2416 868 2500 sanciebatur,
874 2416 902 2480 si
913 2416 985 2504 quis
996 2416 1042 2482 M.
1057 2418 1200 2483 Tullium

135 2538 220 2589 tecto
236 2526 426 2614 recepisset,
449 2540 482 2589 et
498 2547 582 2613 aqua
604 2541 659 2589 aut
677 2525 744 2614 igni
767 2525 920 2589 ceterisve
941 2524 1056 2607 rebus,
1080 2525 1200 2612 quibus

49 2698 53 2707 ,
133 2628 198 2694 vita
215 2631 414 2712 continetur,
425 2629 561 2709 juvaret.
571 2630 647 2695 Non
660 2653 738 2720 ergo
751 2630 916 2695 ferebatur
931 2646 970 2694 ut
986 2630 1110 2695 exirent
1123 2652 1131 2695 t
1144 2630 1201 2695 sed

134 2752 278 2821 tantum,
296 2760 338 2802 ne
356 2739 429 2827 quis
443 2737 619 2826 reciperet;
635 2736 765 2827 quodsi
781 2739 890 2801 minus
907 2737 1006 2809 verbo
1024 2755 1107 2803 esset
1123 2740 1201 2804 civi·

135 2859 234 2908 tatem
250 2842 410 2927 adimere,
427 2867 463 2909 re
475 2842 608 2932 quidem
624 2866 699 2908 vera
715 2843 797 2907 nihil
811 2840 898 2907 aliud
916 2859 993 2907 erat.
1005 2844 1078 2907 Hoc
1090 2860 1199 2909 autern

134 2950 278 3039 primum
299 2952 333 3015 in
359 2974 430 3016 eam
449 2973 519 3015 rent
543 2950 685 3028 valebat,
707 2965 745 3014 ut
767 2949 843 3038 ipsis
866 2971 995 3014 manere
1016 2950 1051 3013 in
1075 2950 1200 3015 civitate

134 3056 258 3139 liceret,
274 3055 435 3144 siquidem
452 3078 525 3121 sere
535 3057 605 3121 solo
616 3056 723 3121 vivere
735 3079 772 3119 ac
786 3056 850 3145 tegi
863 3054 983 3119 vellent
1000 3079 1007 3120 :
1026 3053 1145 3120 deinde
1163 3073 1201 3123 ut

137 3178 179 3226 ne
198 3162 289 3250 prius
305 3162 466 3227 civitatem
485 3184 566 3225 rom.
590 3161 733 3226 amisisse
752 3159 950 3244 viderentur,
973 3185 1071 3250 qatsm
1094 3181 1201 3228 essent

135 3267 169 3331 in
187 3289 257 3331 eam
275 3268 413 3356 recepti,
427 3290 494 3355 quo
509 3268 671 3350 vertendi,
696 3268 760 3331 hoc
779 3283 841 3349 est,
857 3267 1007 3332 mutandi
1022 3268 1081 3332 soli
1104 3292 1200 3333 causa

134 3390 300 3438 venerant.
310 3373 386 3437 Hoec
396 3373 509 3438 Cicero
523 3372 667 3462 disperse
679 3374 712 3436 in
724 3390 804 3437 orat.
822 3397 881 3463 pro
899 3375 1005 3437 Domo
1017 3397 1085 3440 sua.
1095 3376 1200 3440 Horr.

134 3516 179 3530 -
191 3480 312 3568 Quibus
326 3477 394 3567 lege
408 3491 467 3544 aut
482 3482 606 3543 ratione
621 3481 747 3558 civitas,
764 3493 823 3545 aut
831 3480 957 3544 lr'bertus
971 3495 1075 3568 erepta
1083 3485 1132 3543 sit.
1147 3481 1200 3545 Sic

134 3585 169 3649 in
182 3585 346 3651 veteribus
364 3586 464 3650 libris.
485 3587 548 3650 Pro
567 3588 690 3650 ratione
707 3587 886 3674 repositum
905 3601 953 3650 est
970 3608 988 3649 a
1005 3586 1150 3649 Victoriu
1169 3602 1201 3650 et

135 3690 284 3755 Manutio
298 3713 451 3772 romanu5
474 3690 532 3756 sed
554 3692 654 3781 magis
674 3690 778 3779 piacet
801 3694 876 3754 Ant.
895 3691 1068 3780 Augustini
1087 3692 1198 3773 conje-

135 3810 242 3879 ctura,
254 3796 312 3884 qui
322 3820 382 3885 pro
394 3800 517 3861 ratariae
528 3795 866 3885 emendatrogntione‚
877 3796 1023 3884 quamvis
1032 3795 1120 3860 idern
1131 3798 1199 3863 fere

135 3901 187 3967 sit.
202 3902 237 3966 F.
250 3903 363 3968 Ursis.
377 3938 422 3953 ··-
436 3902 555 3988 Que‘hus
568 3902 708 3988 lugeant
723 3926 860 3969 romana
876 3904 1009 3980 civitas,
1025 3916 1085 3967 aut
1103 3902 1199 3969 liber-

136 4020 186 4071 tas
201 4021 305 4094 nepta
320 4010 370 4074 sit.
386 4009 524 4073 Ursinus
536 4025 671 4074 testatur
688 4009 720 4071 in
736 4008 899 4073 veteribus
917 4007 1006 4075 libris
1023 4030 1092 4073 esse
1104 4039 1117 4063 ι
1129 4008 1198 4098 lege

45 4141 76 4191 s
136 4112 1199 4204 autrationeciritssutquodminusprobabilsestquurnscriptura
