3054 4772
328 423 402 500 650
654 428 703 496 Μ.
728 427 766 495 Τ.
793 427 1072 498 CICERONIS

328 574 375 620 ex
396 551 535 619 viarum
552 524 753 619 munitione
772 543 915 637 lecisse5
937 562 979 619 ut
996 562 1061 619 aut
1081 571 1128 619 ne
1150 563 1297 645 cogeret
1316 574 1402 625 mu·

329 661 424 746 nire,
443 672 506 729 aut
527 656 581 746 id,
606 656 706 755 quod
727 659 909 729 munitum
932 672 1043 746 esset,
1064 682 1112 729 ne
1131 657 1397 756 improbaret¹.

327 773 366 841 Si
380 782 418 840 et
435 769 549 841 coacti
565 783 651 840 suut
667 769 811 840 munire
832 793 980 856 omues,
1005 782 1042 840 et
1061 769 1262 839 multorum
1283 795 1401 869 opem

328 876 534 977 improbata
553 892 640 948 sunt
662 904 669 946 ε
692 892 789 950 certe
814 893 1011 975 utrumque
1033 876 1164 951 falsum
1183 893 1257 963 est,
1285 894 1322 950 et
1344 879 1398 951 ob

327 990 577 1061 vacationem²
606 989 765 1086 pretium
785 987 928 1077 datum,
956 1013 1072 1086 quum
1092 990 1265 1060 immunis
1285 1014 1397 1061 nemo

328 1097 454 1187 fuerit3
479 1113 515 1169 et
540 1096 590 1169 ob
615 1098 889 1196 probationem,
915 1123 1031 1196 quum
1055 1099 1170 1170 multa
1192 1098 1397 1195 improbata

328 1212 411 1282 sint.
430 1207 554 1301 Quid?
572 1212 601 1281 si
618 1208 689 1282 lroc
712 1210 849 1281 crimen
871 1212 1019 1307 optimis
1038 1206 1271 1280 nominihus³
1290 1207 1393 1280 dele·

328 1344 413 1418 gare
431 1320 629 1417 possimus,
644 1334 680 1390 et
698 1320 764 1404 ita,
778 1334 819 1390 ut
833 1317 1069 1416 non'culpam
1082 1320 1121 1388 in
1138 1317 1227 1389 alios
1240 1316 1391 1389 transle-

327 1454 467 1515 ramus,
478 1427 540 1500 sed
555 1427 831 1516 utidoceamus,
846 1453 908 1501 eos
923 1430 981 1499 isti
990 1429 1185 1498 munitioni
1196 1426 1394 1526 premisse,

329 1543 394 1638 qui
411 1536 514 1611 facile
535 1536 696 1641 officium
719 1562 826 1611 suum
848 1553 885 1610 et
902 1554 1070 1637 praestare
1084 1552 1120 1609 et
1138 1536 1294 1635 probare
1308 1563 1393 1635 pos·

330 1651 463 1734 sunt43
489 1661 657 1718 tamenne
686 1672 751 1719 ros
774 1651 895 1720 omnia
916 1650 953 1719 in
977 1649 1035 1720 Μ’.
1062 1648 1270 1735 Fonteium,
1296 1651 1394 1719 iratis

328 1754 480 1829 testibus
513 1753 613 1845 freti,
643 1756 858 1830 conferetis?
888 1762 1013 1849 Quum
1041 1760 1241 1854 majoribus
1270 1761 1393 1856 reipu-

328 1865 430 1938 blicae
451 1868 605 1964 negotiis
623 1867 682 1938 Μ’.
704 1872 876 1941 Fonteius
890 1869 1144 1968 impediretur,
1166 1885 1202 1942 et
1217 1895 1333 1968 quum
1348 1868 1392 1940 ad

328 1977 591 2076 rempublicam
614 1979 828 2076 pertineret,
854 1982 949 2052 viam
978 1983 1174 2053 Domitiam
1207 1982 1342 2053 muniri
1357 1978 1392 2065 ⁵,

328 2091 453 2188 legatis
479 2091 569 2177 suis,
600 2091 780 2188 primariis
809 2092 913 2179 viris,
949 2095 988 2162 C.
1020 2094 1139 2163 Annio
1169 2093 1328 2164 Bellieno
1356 2106 1394 2162 et

329 2203 368 2270 C.
390 2201 540 2270 Fonteio
563 2201 749 2296 negotium
771 2199 881 2273 dedit.
906 2206 1034 2299 ltaque
1058 2200 1307 2299 prefuerunt:
1326 2203 1393 2271 im·

329 2324 548 2408 pemverunt
575 2334 642 2407 pro
669 2308 841 2408 dignitate
873 2336 956 2399 sua,
983 2310 1084 2409 quod
1114 2314 1231 2384 visum
1255 2325 1326 2395 est,
1356 2328 1394 2382 et

328 2418 576 2516 probaverunt
586 2416 616 2490 ⁶.
640 2420 751 2510 Quod
772 2445 853 2510 vos,
869 2423 899 2493 si
914 2422 1013 2494 nulla
1031 2422 1099 2495 alia
1115 2448 1160 2495 ex
1175 2448 1232 2509 re,
1248 2445 1289 2493 ex
1307 2421 1391 2491 lite·

327 2530 377 2601 ris
401 2528 549 2624 quidem
576 2531 722 2619 restris,
746 2555 836 2627 quas
862 2532 1052 2631 scripsistis
1071 2544 1105 2621 ⁷,
1131 2547 1167 2603 et
1194 2533 1326 2616 missis,
1351 2544 1392 2601 et

363 2734 420 2783 VII.
445 2750 467 2784 1.
488 2734 648 2798 Improbum.
669 2738 708 2785 De
728 2737 840 2801 preceris
883 2737 971 2787 consul
992 2755 1049 2787 cunr
1072 2738 1149 2786 Gellio
1173 2749 1198 2786 et
1219 2736 1393 2801 Allobrogibus

327 2814 474 2880 probatione
486 2824 529 2863 aut
538 2815 717 2878 improbatione
730 2816 764 2863 its
775 2832 839 2880 saepe
883 2817 973 2867 bellum
983 2821 1064 2882 gessit.
1077 2846 1110 2856 -
1119 2818 1185 2868 Olim
1195 2840 1208 2861 ι
1218 2818 1311 2866 mimice
1321 2840 1343 2864 ι.

329 2894 356 2941 in
374 2897 446 2942 Verr.
468 2892 561 2943 dictum
581 2904 629 2951 est,
653 2903 682 2941 ut
703 2893 839 2958 legentibus
918 2897 943 2947 6.
961 2898 1134 2945 Probaverunt,
1153 2898 1276 2945 Pertiuent
1293 2897 1345 2943 hac
1360 2894 1394 2943 ed

329 2989 402 3037 greve
414 2983 477 3021 esset
485 2989 536 3021 non
545 2972 619 3021 semel
626 2971 692 3020 diors
700 2983 817 3037 repetere.
883 2987 987 3026 veterem
1006 2976 1088 3035 illurn,
1105 2992 1155 3040 que
1174 2976 1201 3024 iu
1216 2975 1331 3041 operibus
1347 2990 1393 3038 pu·

364 3067 389 3099 u.
405 3052 442 3099 Ob
454 3051 620 3100 emtionem.
638 3050 676 3099 Ne
689 3053 784 3100 munire
796 3068 839 3100 eo·
882 3055 953 3104 blicis
975 3055 1117 3117 utebantur,
1138 3056 1323 3120 inscriptionum
1344 3054 1394 3101 for·

330 3140 450 3194 gerentur.
882 3134 1325 3193 mulum:norrsvrrmr·rururnoun
1335 3147 1395 3181 rso-

364 3209 389 3257 3.
403 3208 506 3272 Optimis
515 3207 659 3256 nominibus.
670 3210 710 3257 Sic
723 3209 840 3259 dicuutur
883 3228 1026 3262 severusc.

330 3285 453 3334 debitores
469 3285 616 3351 locupletes,
628 3287 673 3351 qui
692 3289 839 3337 seselienum
920 3307 945 3352 7.
967 3290 1062 3349 Vestn's,
1075 3290 1393 3355 qrrusscrr'psistr's.Vulgrts

329 3364 462 3413 dissolvere
470 3374 495 3411 et
506 3376 619 3428 possunt,
629 3377 655 3414 et
667 3367 761 3415 volunt.
769 3369 841 3417 Dele-
883 3370 958 3419 lectio
970 3386 1023 3419 uun
1031 3382 1104 3435 esptu
1114 3370 1211 3419 facilem
1223 3386 1318 3419 sensum
1330 3386 1393 3434 prte-

328 3460 385 3509 ειη
392 3443 467 3508 igitur
476 3445 568 3492 crimen
578 3444 677 3508 optimis
686 3446 838 3507 nominibus,
883 3448 933 3500 bet.
947 3450 1003 3499 Sive
1016 3452 1080 3499 enirn
1088 3451 1198 3511 judices,
1211 3452 1393 3499 siveuecuuto-

326 3524 355 3573 in
366 3540 408 3573 eos
419 3534 456 3571 eet
464 3523 592 3573 trunsferre
600 3527 706 3586 crimen,
715 3526 758 3590 qui
768 3526 840 3576 [uuile
883 3546 921 3578 res
930 3531 1072 3580 Ciceronem
1083 3530 1176 3595 ulloqui
1186 3531 1213 3578 h.
1227 3529 1245 3580 l.
1256 3529 1392 3583 credemus,

328 3603 545 3670 possuutprobrre
555 3606 657 3652 seomui
666 3605 738 3669 culpa
746 3620 840 3667 moure,
882 3609 1009 3674 quomodo
1028 3626 1059 3657 ex
1075 3609 1127 3657 istis
1143 3625 1158 3657 s
1174 3620 1259 3657 senem
1277 3608 1308 3656 ed
1329 3610 1392 3653 Fou-

329 3685 373 3748 qui
394 3694 499 3749 possunt
523 3683 636 3732 frolllime
662 3677 770 3733 criminis
792 3685 840 3733 sibi
883 3688 958 3737 telum
973 3688 1069 3753 scriptis
1083 3687 1160 3737 literis
1176 3688 1279 3752 intelligi
1294 3695 1391 3750 potest,

326 3763 389 3812 iusti
396 3778 458 3810 onus
469 3755 587 3810 sustinere
596 3772 638 3810 nut
646 3763 763 3812 refellere.
774 3764 839 3812 Male
883 3767 943 3832 quid
963 3767 1005 3816 ille
1022 3768 1053 3816 de
1068 3768 1108 3815 riu
1128 3769 1236 3816 Domitia
1254 3766 1283 3815 sd
1300 3765 1392 3827 legulos

327 3840 354 3887 in
366 3843 438 3891 Junt.
450 3840 490 3889 ed.
504 3857 584 3890 errore
597 3858 725 3907 opemrum
739 3864 751 3884 ι
761 3843 840 3891 homi-
882 3846 1052 3896 mandaverit?
1071 3848 1149 3895 Unice
1165 3846 1228 3895 mibi
1245 3860 1299 3892 ven
1319 3843 1393 3891 Ιωῑίθ

328 3918 402 3967 ¹1le
411 3940 432 3967 ¹·
882 3926 968 3973 Fuerni
981 3923 1078 3973 videtur
1091 3946 1104 3967 r«
1114 3924 1206 3971 nostris
1216 3959 1223 3983 ,
1233 3939 1293 3987 quus
1305 3919 1394 3969 euseri-

364 4005 390 4053 4.
403 3999 461 4044 Eru.
470 4011 582 4061 possent.
596 4002 621 4049 J.
631 4003 665 4049 V.
679 4004 708 4051 L.
855 3984 859 4011 ¹
882 4003 999 4069 puisun,
1021 4019 1076 4066 qne
1097 4003 1129 4051 ad
1147 4012 1301 4051 accusatores
1321 4000 1391 4048 rema

366 4075 390 4124 ⁵.
409 4074 482 4121 Vim
495 4077 636 4129 Domitiam.
653 4081 734 4141 Quam
745 4090 840 4128 struve·
884 4081 1012 4129 menifesto
1024 4097 1095 4129 sensu
1110 4091 1187 4144 peta.
1204 4080 1317 4129 Vidimus
1329 4077 1392 4126 euim

329 4164 365 4204 rut
378 4155 424 4205 Cu.
439 4153 579 4218 Domitius,
595 4158 676 4219 quiin
691 4158 768 4207 Gallis
782 4174 841 4222 pro·
884 4171 931 4209 eut.
950 4160 1024 4225 prim.
1042 4160 1068 4207 in
1088 4160 1158 4208 Verr.
1175 4160 1224 4219 38,
1241 4156 1274 4222 57
1295 4170 1320 4207 et
1331 4172 1395 4223 pm·

1344 4256 1367 4295 0
