3116 4774
373 422 427 492 IN
452 416 673 489 VERREM
695 415 801 488 ACT.
825 414 887 503 ΙΙ,
911 416 1007 489 LIB.
1032 422 1074 490 V.
1182 420 1253 510 445

196 544 359 629 numini,
385 540 486 639 quod
517 540 613 610 illam
645 538 782 611 civibus
814 543 973 612 romanis
1004 565 1147 615 crucem
1180 571 1258 617 non

197 669 318 753 posset
336 656 375 723 iu
396 651 497 735 fore,
518 674 592 721 non
620 652 657 719 iu
679 651 845 737 comitio,
870 675 945 721 non
968 651 1004 720 in
1024 656 1149 725 rostris
1169 654 1257 727 deli-

197 765 304 861 gere?
317 762 424 853 Quod
443 764 561 833 enim7
581 759 636 831 his
654 760 741 830 locis
757 764 795 830 in
813 761 995 857 provincia
1008 785 1089 847 sna,
1108 763 1259 834 celebri-

198 888 269 945 tate
288 873 533 957 simillimum,
561 873 707 966 regione
734 872 941 967 proximum
970 874 1110 967 potuit,
1142 873 1258 970 elegit.

195 986 472 1053 Monumentum
490 979 633 1051 sceleris
649 977 879 1076 audaciaeque
902 1003 974 1050 suae
998 981 1115 1051 voluit
1127 1006 1204 1053 esse
1219 986 1258 1054 in

197 1105 394 1189 conspectu
423 1089 546 1177 Italioe,
578 1087 758 1159 vestibulo
789 1089 937 1176 Sicilire,
965 1094 1259 1187 proetervectione

196 1203 381 1286 omnium,
402 1201 465 1297 qui
487 1199 584 1270 ultro
603 1199 767 1296 citroque
786 1201 1007 1296 navigarent.

243 1316 384 1382 LXVII.
403 1314 438 1380 Si
457 1308 533 1379 haec
555 1334 630 1379 uon
649 1308 694 1379 ad
712 1310 805 1379 cives
827 1333 1016 1395 romanos,
1037 1334 1112 1379 non
1132 1309 1176 1381 ad
1194 1312 1259 1381 ali-

196 1443 289 1517 quos
305 1420 440 1489 amicos
453 1430 583 1487 nostrae
598 1418 765 1503 civitatis,
791 1442 867 1487 uon
882 1418 926 1488 ad
946 1441 1026 1505 eos,
1048 1420 1111 1514 qui
1132 1422 1260 1518 populi

195 1529 334 1599 romani
344 1550 477 1596 nomen
488 1524 687 1611 audissent,
697 1524 872 1621 denique,
888 1529 916 1597 si
931 1552 1005 1598 non
1019 1527 1062 1599 ad
1076 1527 1260 1621 homines,

195 1662 321 1710 verum
340 1637 386 1707 ad
401 1635 548 1721 bestias3
567 1648 628 1705 aut
654 1637 781 1720 etiarn,
805 1650 845 1705 ut
867 1635 1009 1730 longius
1032 1639 1261 1735 progrediar,

195 1750 224 1818 si
246 1748 283 1816 iu
306 1747 424 1841 aliqua
440 1743 678 1816 desertissima
696 1742 891 1814 solitudine
908 1744 953 1814 ad
970 1769 1052 1816 saxa
1069 1760 1106 1816 et
1120 1748 1165 1819 ad
1180 1775 1260 1821 sco·
1325 1778 1328 1791 ·

196 1857 303 1955 pulos
321 1856 398 1927 haec
413 1856 588 1951 conqueri
607 1867 644 1924 et
661 1851 850 1950 deplorare
871 1853 1020 1941 vellem,
1044 1869 1165 1927 tamen
1183 1882 1261 1929 orn·

196 1967 255 2035 nia
275 1980 375 2035 muta
398 1976 506 2059 atque
522 1963 698 2048 inanima,
722 1976 820 2032 tanta
838 1977 874 2033 et
891 1977 963 2034 tam
978 1962 1124 2059 indigna
1139 1988 1259 2038 rerum
1365 1984 1369 1993 “

195 2076 380 2147 atrocitate
402 2084 729 2144 commoverentur.
757 2074 863 2141 Nunc
885 2095 971 2142 vero
994 2095 1108 2167 quum
1131 2072 1260 2171 loquar

196 2184 292 2283 apud
311 2193 515 2255 senatores¹
531 2179 660 2278 populi
677 2181 836 2264 romani,
864 2177 1004 2273 legum,
1021 2178 1258 2272 judiciorum-

195 2321 286 2393 que,
308 2309 344 2366 et
361 2294 454 2390 juris
478 2305 659 2377 auctores,
683 2290 811 2360 timere
837 2313 912 2358 uon
942 2286 1076 2376 debeo,
1104 2314 1152 2361 ne
1181 2317 1258 2365 non

156 2432 160 2441 ·
195 2429 290 2476 unus
311 2408 400 2475 iste²
432 2402 518 2473 civis
545 2423 718 2470 romanus
746 2398 807 2468 illa
838 2422 944 2469 cruce
975 2398 1123 2495 dignus,
1147 2406 1257 2473 ceteri

196 2538 321 2585 omnes
338 2512 443 2584 simili
461 2509 623 2608 periculo
638 2508 876 2606 indignissimi
892 2507 1110 2602 judicentur.
1131 2511 1255 2584 Paullo

194 2637 296 2707 ante,
312 2621 465 2715 judices,
485 2619 655 2715 lacrymas
677 2619 714 2687 in
736 2610 853 2688 morte
877 2622 1006 2689 misera
1032 2633 1141 2716 atque
1165 2622 1258 2693 indi·

196 2734 364 2827 guissima
389 2726 651 2799 navarchorum
675 2753 750 2798 non
773 2726 1006 2815 tenebamus;
1032 2744 1067 2799 et
1088 2747 1185 2802 recte
1215 2757 1258 2806 ac

195 2839 324 2910 merito
348 2841 528 2910 sociorum
553 2841 805 2909 innocentium
836 2839 978 2908 miseria
1004 2841 1256 2913 commoveba-

196 2973 279 3019 mur
302 2976 310 3019 ε
337 2948 427 3045 quid
447 2972 546 3018 nuno
568 2949 605 3017 in
627 2962 752 3019 nostro
773 2949 946 3042 sanguine
972 2944 1117 3016 tandem
1139 2946 1256 3022 facere

195 3120 278 3184 grstia.
301 3123 339 3169 De
359 3120 460 3169 comitio
482 3120 588 3168 diximus
609 3121 652 3170 lib.
673 3123 702 3182 1,
745 3120 810 3183 leges
819 3116 977 3181 eonditae,jus
989 3128 1014 3167 et
1021 3118 1113 3180 judicia
1122 3124 1254 3176 constitura
1276 3096 1280 3112 Ι

119 3184 124 3189 ’
194 3215 249 3263 cap.
261 3215 292 3247 sa
303 3218 310 3258 ς
323 3200 353 3248 de
365 3200 450 3247 rostris
463 3199 506 3248 lib.
517 3200 566 3255 111,
581 3214 634 3263 esp.
642 3201 684 3260 96.
746 3210 814 3258 sunt3
826 3198 852 3245 id
864 3198 928 3245 euim
941 3197 992 3245 sine
1006 3200 1148 3248 anctoritate
1158 3214 1253 3267 patrum

231 3295 255 3339 7.
270 3278 344 3342 Quod
353 3277 424 3325 euim.
439 3276 547 3325 Subaud.
561 3275 658 3336 locum,
676 3278 702 3323 in
745 3275 798 3324 lieri
812 3292 862 3324 nou
872 3285 976 3340 poterat.
989 3279 1043 3324 Liv.
1057 3278 1101 3327 lib.
1113 3282 1138 3339 1,
1151 3299 1253 3347 capua.

194 3369 297 3419 uentr03
314 3356 382 3421 qnod
400 3358 445 3405 etsi
463 3366 500 3403 est
516 3355 635 3412 insoleus,
650 3356 702 3415 ejus
781 3372 805 3404 a.
822 3357 861 3403 Ile
871 3371 920 3403 uon
931 3372 992 3403 unus
1003 3355 1054 3403 iste.
1067 3358 1189 3423 Negantes
1200 3379 1255 3426 par-

194 3450 274 3485 tamen
291 3435 401 3500 exempla
419 3444 558 3482 oemrrunt.
574 3434 613 3481 Sic
630 3435 701 3481 etiam
745 3435 825 3483 ticulae
837 3450 937 3481 aeramen
948 3433 1057 3495 addunt,
1074 3438 1117 3484 sed
1131 3440 1254 3489 interdum

194 3519 274 3565 Varro
294 3515 358 3563 dixit
377 3515 444 3579 apud
471 3513 581 3563 Maerob.
599 3516 637 3563 111
644 3549 651 3571 ‚
670 3520 701 3572 l,
745 3513 888 3561 sententiam
900 3513 1013 3561 nonnihil
1021 3514 1255 3567 obscurant.'1'imere

194 3597 277 3643 «siene
289 3594 370 3642 locum
384 3594 409 3641 iu
426 3610 477 3657 quo
493 3592 594 3656 figerent
613 3592 701 3640 cende·
745 3608 797 3640 non
816 3588 910 3652 debeo,
928 3593 1006 3656 iuquit
1027 3593 1131 3654 Cicero,
1152 3612 1184 3642 ne
1204 3612 1256 3646 non

193 3674 256 3731 lam,
269 3672 440 3721 candelabrum
450 3671 609 3737 appellatur».
616 3699 651 3709 —
659 3671 703 3719 His
745 3685 809 3719 nnus
817 3672 904 3718 Verres
915 3669 975 3718 civis
984 3686 1111 3731 mmsnus,
1127 3670 1168 3720 illa
1182 3691 1255 3725 cruce

195 3754 261 3802 Iocis.
279 3752 309 3800 ld
327 3762 378 3811 est,
395 3752 495 3800 comitio
512 3762 538 3799 et
556 3751 648 3799 rostris.
666 3776 703 3787 -
746 3749 834 3814 dignus
844 3749 982 3808 judicetnr3
992 3749 1019 3796 id
1032 3761 1085 3811 est,
1099 3751 1159 3799 civis
1172 3769 1254 3803 roms·

195 3830 314 3895 Regiones,
327 3831 384 3879 situ.
745 3844 792 3876 nus
809 3840 873 3876 unns
893 3830 980 3875 Verres
1006 3827 1047 3875 ills
1074 3844 1146 3878 eruce
1168 3831 1256 3896 dignus

229 3912 331 3957 valr.
348 3927 371 3958 1.
387 3909 464 3974 Apud
483 3921 613 3958 senatores.
631 3908 703 3958 Jndi·
743 3906 912 3969 judioebitur,
935 3907 1008 3955 ceteri
1033 3923 1117 3957 omnes
1135 3911 1255 3977 indignis-

195 3989 367 4051 oesintellige,
380 3989 703 4051 quiomneserantsensto·
745 3988 811 4035 simi.
836 3984 950 4033 Method.
968 3989 1038 4035 Port.
1060 3989 1092 4035 lt.
1116 3989 1147 4038 de
1175 3993 1254 4041 verbis

196 4082 241 4113 res.
251 4093 284 4103 -
294 4069 546 4130 Legum...auctores.
560 4069 615 4115 lloo
628 4068 703 4116 relm-
747 4081 846 4123 vereor,
863 4078 942 4129 paveo
949 4099 958 4122 ,
977 4077 1023 4115 etc.
1037 4082 1093 4131 pag.
1107 4070 1167 4126 604.
1181 4074 1256 4135 Quod

195 4154 235 4190 tur
243 4144 275 4192 ad
282 4145 704 4208 totumordiuem‚cnjusauetorilate
748 4157 828 4195 sutem
842 4160 854 4191 a
869 4145 948 4196 Gavio
961 4144 993 4193 ud
1002 4146 1101 4195 Verrem
1111 4149 1192 4202 subito
1201 4169 1258 4209 eon·
