3200 4768
311 361 380 446 248
630 364 678 429 M.
704 365 742 429 T.
770 364 1046 456 CICERONIS

308 483 466 553 criminis
479 484 764 577 queriuroniam³
785 488 923 582 possint
938 488 1136 558 sustinere?
1151 492 1228 560 Rex
1244 495 1367 565 Antio-

308 593 417 679 chus,
431 593 495 686 qui
510 596 630 661 Romae
646 606 729 687 ante
748 594 873 666 oculos
888 600 1050 666 omnium
1065 612 1250 688 nostrum,
1265 600 1368 674 hicn·

309 702 412 771 nium
437 698 535 791 fere,
563 703 735 773 comitatu
761 706 859 801 regio
887 719 995 802 atque
1021 722 1153 778 ornatu
1175 706 1368 798 fuisset,is

310 835 424 909 quum
444 813 579 913 amicus
596 827 633 883 et
652 817 770 886 socius
788 815 915 913 populi
934 817 1075 887 romani
1092 831 1205 902 esset,
1226 823 1369 899 amicis-

309 923 400 1013 simo
422 935 538 1021 patre,
556 947 642 1011 avo,
664 923 882 1019 majoribus,
900 925 1176 1024 antiquissimis³
1196 944 1232 1000 et
1249 931 1367 1002 claris·

308 1033 407 1125 simis
430 1030 593 1128 regibus,
614 1032 886 1131 opulentissimo
906 1051 942 1105 et
959 1037 1115 1109 maximo
1131 1060 1262 1135 regno,
1278 1064 1366 1136 prae·

310 1167 395 1240 ceps
406 1168 425 1214 e
439 1138 648 1239 provincia4
659 1144 784 1240 populi
793 1147 933 1235 romani
943 1145 1153 1219 exturbatus
1163 1162 1225 1218 est
1238 1150 1368 1239 Quem·

307 1251 506 1327 admodum
527 1253 598 1325 hoc
614 1268 822 1350 accepturas
837 1255 1001 1326 nationes
1020 1271 1174 1344 externs3
1194 1258 1367 1353 quemad·

312 1350 463 1433 modum
477 1361 585 1458 hujus
602 1365 655 1433 tui
672 1361 754 1434 lacti
771 1362 902 1435 lamam
917 1367 956 1436 iu
970 1390 1081 1462 regua
1096 1367 1246 1439 aliorum
1260 1380 1369 1463 atque

309 1473 347 1541 iu
371 1471 514 1543 ultimas
529 1480 648 1544 'terras
664 1487 920 1570 perventuram
938 1479 1093 1571 putasti,
1113 1501 1227 1573 quum
1246 1477 1368 1551 audie·

311 1578 407 1669 rint⁵
425 1607 445 1653 a
463 1597 615 1679 praetore
635 1583 761 1680 populi
779 1585 919 1653 romani
940 1584 978 1653 in
996 1586 1182 1680 provincia
1197 1586 1370 1656 violatum

310 1716 455 1788 regem,
476 1692 669 1790 spoliatum
690 1692 887 1789 hospitem,
913 1693 1068 1787 ejectum
1086 1698 1225 1768 socium
1244 1696 1372 1794 populi

311 1802 472 1893 romani,
494 1817 603 1898 atque
628 1803 806 1873 amicum?
825 1807 967 1874 Nomen
991 1819 1149 1876 vestrum
1175 1806 1371 1903 populique

310 1912 473 1996 romani,
490 1910 596 1999 odio,
618 1927 728 2007 atque
749 1911 930 1983 acerbitati
948 1916 1075 1984 scitote
1091 1914 1297 1985 nationibus
1312 1940 1370 1985 ex-

311 2023 416 2111 teris,
439 2020 599 2116 judices,
624 2022 807 2111 futurum,
834 2025 862 2092 si
890 2024 991 2094 istius
1015 2023 1091 2095 haec
1119 2040 1214 2095 tanta
1241 2024 1371 2119 injuria

312 2114 490 2227 irupunita
508 2131 734 2203 discesserit:
756 2130 810 2203 sio'
828 2156 955 2203 omnes
980 2132 1263 2220 arbitrabuntur,
1280 2157 1372 2230 prae-

313 2247 436 2314 sertim
457 2268 572 2339 quum
593 2242 670 2314 haec
690 2245 842 2313 omnino
859 2240 952 2313 fama
970 2244 1016 2314 de
1033 2261 1241 2323 nostrorum
1257 2243 1371 2320 bouri-

313 2375 403 2420 num
424 2354 568 2422 avaritia
594 2366 630 2423 et
657 2352 851 2448 cupiditate
873 2352 1156 2449 percrebruerit,
1174 2379 1250 2439 nou
1271 2355 1372 2425 istius

314 2456 425 2530 solius
449 2460 519 2530 hoc
544 2478 621 2531 esse
643 2459 799 2551 facinus,
824 2462 886 2534 sed
912 2487 1040 2535 eorum
1059 2462 1203 2552 etiamfl,
1222 2465 1285 2560 qui
1307 2486 1371 2560 ap·

312 2659 339 2705 iu
361 2660 461 2707 Verrem
483 2660 674 2725 indignationem
696 2662 822 2721 concitat,
903 2679 927 2713 s.
939 2665 1130 2727 Querimom'am.
1139 2668 1197 2715 Post
1205 2667 1268 2714 huuc
1281 2680 1374 2723 vocem,

313 2753 389 2801 quum
403 2742 525 2805 praecipun
534 2741 608 2802 huJus
619 2741 715 2789 sceleris
723 2740 825 2789 artificia
867 2760 898 2790 ex
907 2744 952 2790 MS
963 2761 1012 2809 reg.
1023 2747 1103 2795 Graev.
1115 2747 1187 2793 infert
1191 2745 1288 2810 judices
1293 2744 1373 2804 ,·idem

314 2817 421 2882 explicet
434 2816 824 2889 ostenditque‚quidgrnve,quid
866 2820 928 2869 liber
941 2825 1046 2891 scriptus
1059 2825 1251 2890 hnbetpossunt.
1378 2820 1382 2827 ’

313 2896 442 2962 indignum
457 2900 489 2947 sit
504 2901 531 2946 in
543 2896 589 2947 linc
608 2901 720 2964 praetoris
737 2898 824 2963 egendi
904 2903 928 2949 3.
942 2903 1126 2967 Antiquissimis.
1133 2904 1215 2968 Vulgo
1226 2902 1322 2951 initiunt
1331 2901 1376 2967 Sy·

311 2976 414 3025 rstlone.
425 2979 507 3026 Primo
520 2989 602 3027 orator
614 2979 651 3025 lrls
660 2968 770 3027 sensibus
779 2978 822 3025 ab·
867 2980 909 3028 riae
918 2984 1070 3045 regul,snno
1079 2984 1158 3047 primo
1165 2981 1318 3049 Olympiadis
1326 2997 1336 3045 ¹.
1344 2995 1373 3039 ¹⁷

313 3068 414 3120 septus,
431 3054 493 3120 quos
513 3056 540 3117 lu
558 3056 708 3105 audientium
729 3056 822 3104 animos
865 3062 1007 3125 assignatur.

313 3134 504 3198 injicerecopit‚
517 3146 564 3182 stat
577 3134 682 3193 dubius,
699 3146 823 3197 tamquam
902 3140 926 3188 t.
948 3133 971 3179 E
989 3131 1124 3197 pruvincia.
1145 3131 1344 3194 Prteposltionem
1362 3143 1376 3173 e

315 3212 346 3259 de
361 3204 457 3259 viribus¹
471 3213 616 3277 eloquentie
632 3228 682 3260 suro
696 3212 822 3276 desperet,
866 3223 927 3266 vett.
939 3212 1088 3262 editionibus
1099 3224 1125 3261 et
1135 3213 1198 3261 MSS
1210 3211 1376 3259 restituerunt.

313 3303 339 3339 et
351 3291 413 3337 facts
431 3290 664 3354 verbls‘numquam
682 3307 776 3354 aequnm
797 3309 822 3340 se
866 3291 932 3339 Olim
954 3291 1086 3356 legebant,
1110 3306 1217 3356 preceps
1238 3285 1374 3354 provincia.

315 3385 386 3435 posse
404 3367 542 3433 profitetur.
563 3358 631 3432 Quot
649 3370 758 3417 enimin
778 3369 823 3418 hac
866 3372 934 3420 LV.
948 3374 978 3418 L.

315 3458 386 3498 cause
395 3448 515 3496 homnds
529 3447 618 3512 flugitin
631 3452 776 3497 occurrunt!
787 3449 824 3497 di·
905 3451 928 3497 5.
942 3449 1021 3509 Quum
1036 3447 1167 3495 audierint.
1176 3448 1282 3515 Afflietae
1294 3460 1377 3515 regunt

316 3532 394 3596 gnitas
407 3529 470 3593 regis
490 3527 824 3593 vtolau,p011urumhospi-
868 3527 973 3574 fortunae
996 3527 1186 3575 misericordiam
1209 3534 1324 3582 movent,
1347 3523 1378 3568 iis

315 3610 391 3668 tium,
407 3609 498 3656 amicus
517 3607 604 3671 populi
621 3609 716 3654 romani
738 3624 751 3656 e
766 3626 825 3674 pro·
869 3596 1000 3671 praesertim
1015 3608 1057 3669 qui
1074 3608 1101 3653 in
1113 3621 1188 3670 regno
1201 3606 1301 3665 vivunt;
1321 3602 1378 3666 quin

315 3688 540 3738 vincissvilissimo
550 3679 825 3759 praetoreejectus,poe-
869 3683 935 3750 apud
946 3700 989 3745 eos
1004 3686 1110 3755 sunctius
1125 3693 1149 3731 et
1163 3682 1323 3731 venerabilius
1339 3697 1378 3726 re·
1433 3750 1439 3759 ⁸

315 3756 373 3827 usui
385 3756 468 3815 Verris
481 3778 625 3831 exposcunt.
643 3768 675 3815 Et
685 3768 780 3829 judices
799 3768 825 3814 in
870 3766 935 3843 pium
950 3774 986 3812 est
1005 3779 1107 3821 nornen,
1132 3774 1160 3810 ut
1178 3763 1231 3826 ipse
1249 3762 1334 3809 Cicero
1352 3757 1378 3827 ip

317 3862 388 3895 manu
398 3847 505 3910 positum
516 3846 613 3905 hubent,
620 3864 679 3895 uum
687 3847 774 3913 populi
783 3860 825 3891 ro·
869 3843 1002 3893 Maniliana
1010 3844 1104 3892 scribit.

317 3924 382 3973 mant
405 3939 512 3983 nomen,
532 3925 704 3989 externsspud
727 3934 823 3986 gentes,
904 3926 929 3971 6.
943 3914 1035 3969 Eorum
1053 3921 1136 3969 etiam.
1156 3919 1286 3976 Judlcurn,
1306 3925 1379 3980 atque

317 3999 377 4049 odio
389 4009 430 4047 sut
438 4001 515 4065 amori
523 4002 549 4047 in
562 4012 685 4064 posterum
695 4002 726 4047 sit
734 3999 825 4048 heben-
869 4002 930 4050 adeo
942 4001 1056 4048 senatorii
1075 4000 1183 4057 ordinis,
1195 3997 1237 4060 qui
1251 4006 1288 4045 tot
1297 3995 1380 4057 Verris

318 4078 389 4138 dum,
399 4077 421 4124 si
432 4077 522 4125 Verres
534 4079 668 4140 impunitos
682 4078 825 4131 discesserit.
870 4080 958 4146 lagida
965 4078 1062 4129 silentio
1066 4076 1246 4144 praemisisse
1251 4074 1380 4126 videbitur.
