3200 4768
181 337 192 343 ·
294 317 360 401 aaa
692 315 960 382 excussus

294 437 503 526 quadraginta
524 432 729 514 hominibus3
749 455 826 514 seu,
851 432 940 520 quod
961 431 1047 495 idem
1070 448 1138 515 est,
1157 434 1215 496 uni
1231 433 1356 500 homini

293 566 352 631 per
372 540 582 629 quadraginta
599 536 685 620 dies3
710 554 743 600 at
769 538 888 601 mensis
910 554 965 629 est.
978 536 1102 601 dierum
1126 536 1282 605 duntaxat
1300 541 1356 604 tri·

292 650 390 737 ginta.
409 646 464 710 Sin
484 660 593 708 autem
615 642 715 706 modii
735 643 861 707 familiis
878 643 1012 731 singulis
1034 644 1125 731 quini
1148 646 1356 734 assignaban-

293 769 363 828 tur,
381 768 420 814 ut
436 748 513 813 inde
535 748 761 835 paterfamilias
783 771 850 811 non
873 748 979 811 solum
1002 749 1100 812 vitam
1117 773 1231 832 suam,
1250 751 1358 815 sedet

293 857 438 945 conjugis
452 879 489 919 ac
504 855 641 918 liberum
655 853 820 935 toleraret,
833 853 1001 917 fatendum
1016 870 1064 918 est
1077 878 1172 942 parce
1185 858 1357 945 praebitum

292 965 390 1028 fuisse
407 961 448 1024 ad
463 961 583 1024 victum
599 957 846 1047 quotidianum,
863 973 896 1023 et
911 981 981 1022 rem
994 975 1060 1023 tam
1076 983 1205 1048 parvam
1224 985 1292 1025 non
1305 964 1360 1025 ab·

291 1069 415 1133 salvasse
436 1087 514 1130 cura
521 1064 691 1149 familiari
702 1089 714 1126 .·
733 1079 770 1127 ut
786 1064 831 1127 ait
848 1064 968 1147 Macer,
982 1065 1071 1152 apud
1084 1064 1211 1155 Sallust.
1225 1067 1289 1149 Ill,
1308 1090 1357 1131 10.

292 1173 355 1240 Sed
376 1188 414 1236 ut
435 1170 637 1259 largitionem
661 1156 719 1258 per
744 1168 878 1233 familias
902 1171 1018 1235 factam
1044 1192 1111 1235 non
1135 1171 1264 1236 credam
1285 1173 1361 1237 facit

292 1283 426 1345 Sueton.
446 1278 480 1339 in
494 1277 556 1341 Jul.
572 1299 640 1365 cap.
655 1280 716 1358 41,
735 1276 793 1359 ubi
808 1276 854 1340 sic
866 1277 911 1340 ait
925 1301 932 1341 :
948 1308 961 1332 a
973 1280 1078 1341 Caesar
1092 1299 1202 1342 rerum
1220 1280 1359 1366 potitus,

294 1410 332 1450 ex
348 1383 462 1474 viginti
478 1383 696 1471 trecentisque
714 1383 856 1447 millibus
877 1384 1106 1473 accipientium
1127 1385 1328 1451 frumentum
1342 1409 1360 1450 e

293 1491 444 1580 publico,
461 1488 502 1552 ad
519 1505 651 1555 centum
670 1489 905 1578 quinquaginta
922 1491 1088 1555 retraxit».
1110 1492 1206 1555 Enim
1225 1514 1304 1555 vero
1319 1515 1360 1556 an

295 1614 344 1660 tot
363 1595 556 1660 familiarum
579 1595 674 1658 millia
694 1595 899 1683 acceperint?
916 1619 984 1660 non
1001 1595 1038 1659 fit
1051 1597 1232 1662 verisimile.
1246 1597 1362 1686 Neque

295 1721 400 1767 tamen
424 1701 544 1766 viritim
566 1699 674 1763 datam
699 1717 797 1788 puto,
815 1700 905 1788 quod
927 1701 1064 1790 largius,
1089 1726 1187 1791 quarn
1211 1726 1270 1790 par
1294 1720 1361 1784 est,

295 1807 466 1896 praebitum
481 1806 603 1873 fuisset.
617 1806 650 1869 Si
664 1807 849 1885 conjectura
864 1806 915 1868 uti
927 1806 1019 1887 licet,
1041 1802 1131 1894 quod
1149 1825 1256 1872 tamen
1273 1808 1309 1870 in
1326 1831 1362 1872 re

297 1931 362 1978 tam
381 1914 520 1978 obseura
543 1933 674 1975 necesse
697 1927 761 1992 est,
781 1909 927 1994 credam,
945 1912 1074 1976 feminis
1092 1914 1242 1993 exclusis,
1259 1936 1362 1981 mares

296 2021 397 2100 solos,
417 2034 540 2107 patrem
558 2016 649 2099 dico,
667 2031 820 2098 etnatos,
837 2017 1015 2103 quiessent
1034 2034 1124 2081 aetate
1144 2019 1289 2100 militari,
1304 2017 1363 2083 ad·
1397 2036 1402 2051 ‘

297 2126 412 2190 missos
432 2123 473 2188 ad
493 2124 585 2187 istam
608 2123 812 2211 largitionem
836 2123 953 2203 luisse,
977 2123 1019 2185 ita
1038 2140 1077 2187 nt
1096 2146 1154 2211 per
1171 2125 1274 2212 capita
1293 2125 1363 2188 fru-

298 2248 445 2294 mentum
464 2220 708 2316 quodammodo
723 2226 980 2307 distribueretur,
997 2250 1104 2315 neque
1118 2245 1244 2309 tamen,
1261 2247 1299 2293 ut
1312 2229 1364 2291 Li·

298 2336 402 2398 cinius
417 2333 623 2419 querebatur,
634 2362 646 2386 ιι
657 2332 837 2395 absolveret
848 2354 925 2395 cura
936 2332 1082 2395 familiari
1095 2348 1161 2397 tarn
1174 2356 1270 2421 parva
1282 2357 1332 2397 res
1340 2364 1363 2414 u,

300 2461 371 2526 quae
389 2438 464 2525 quia
482 2434 590 2499 minor
607 2451 675 2497 erat
692 2435 814 2499 alendae
828 2437 885 2499 toti
904 2436 1048 2518 familiae,
1065 2439 1197 2525 marito,
1212 2440 1363 2524 inquam,

299 2560 332 2605 et
352 2540 485 2628 conjugi
506 2562 581 2602 curn
605 2538 733 2622 liberis,
755 2541 882 2626 plebem
905 2540 946 2603 ab
969 2540 1127 2606 industria
1149 2540 1189 2604 ad
1208 2539 1377 2606 desidiam‘

301 2671 366 2711 non
381 2663 538 2711 avocaret.
1072 2638 1074 2643 ’

344 2753 431 2816 VIll.
454 2751 503 2816 Ad
528 2754 730 2816 frumentum
749 2752 916 2840 publicum
936 2754 1190 2818 admittebantur
1209 2753 1293 2817 cives
1309 2775 1365 2817 ro·

208 2884 213 2889 ·
301 2860 387 2923 mani
403 2860 586 2939 tenuiores,
601 2859 666 2922 sive
680 2859 813 2949 ingenui
830 2877 956 2942 essent,
973 2862 1039 2924 sive
1054 2860 1213 2940 libertini,
1229 2860 1296 2923 sive
1310 2882 1366 2923 no·

299 2966 397 3047 biles,
416 2966 482 3029 sive
499 2964 645 3047 obscuri,
663 2964 844 3030 dummodo
859 2968 972 3045 Rornae
985 2966 1186 3032 domicilium
1198 2966 1364 3030 haberent.

300 3072 351 3133 De
368 3069 570 3134 tenuioribus
587 3093 653 3133 non
673 3087 721 3135 est
739 3070 829 3159 quod
848 3069 1046 3139 dubitemus.
1059 3074 1229 3160 Accepisse
1242 3071 1366 3136 nobiles

299 3191 333 3239 et
349 3174 533 3238 consulares
548 3173 702 3239 discimus
719 3199 757 3239 ex
774 3178 945 3260 Cicerone,
965 3180 1039 3266 qui,
1054 3179 1124 3267 lege
1138 3179 1201 3240 lata
1216 3177 1368 3264 Sempro-

300 3281 353 3344 nia
369 3280 520 3343 Pisonem
539 3282 655 3370 Frugi,
672 3284 874 3348 consularem
891 3285 1076 3362 hominem,
1090 3281 1130 3344 ad
1142 3280 1366 3368 accipiendum

300 3389 504 3451 frumentum
523 3386 649 3451 venisse
663 3388 716 3452 ait.
734 3391 864 3455 Tuscul.
888 3392 1009 3471 Quaest.
1025 3387 1093 3467 ΙΙΙ,
1110 3408 1178 3474 cap.
1194 3385 1247 3465 48.
1267 3385 1368 3468 Quod

301 3492 466 3558 Gracchus
487 3515 591 3579 quum
612 3492 754 3576 videret,
773 3518 841 3560 non
864 3493 982 3574 objecit
1003 3491 1113 3556 Pisoni
1133 3492 1297 3556 avaritiam
1315 3492 1367 3554 in·

301 3597 432 3689 dignam
450 3596 520 3662 viro
536 3600 715 3681 consulari,
732 3601 821 3689 quod
835 3621 912 3664 sane
924 3598 1067 3679 fecisset,
1083 3598 1110 3661 si
1123 3621 1141 3661 a
1154 3597 1286 3686 publico
1297 3598 1369 3659 fru-

302 3722 413 3769 mento
427 3706 529 3769 civem
543 3705 694 3770 nobilitas
706 3708 869 3771 arcuisset.
885 3704 1010 3785 Quaerit
1021 3703 1062 3767 ab
1076 3726 1115 3767 eo
1128 3718 1274 3782 tantum,
1288 3732 1301 3758 ι
1311 3701 1369 3787 qui

302 3809 364 3871 sibi
381 3827 524 3893 constet,
542 3835 644 3901 quum
663 3835 700 3875 ea
717 3812 787 3900 lege
803 3810 1006 3876 frumentum
1024 3824 1113 3899 petat
1129 3830 1228 3895 quam
1245 3805 1369 3871 dissua-

303 3931 387 3978 serat
398 3944 419 3977 ν.

346 4017 490 4099 Eorum,
512 4022 568 4106 qui
586 4022 788 4085 frumentum
811 4037 980 4111 caperent,
1002 4022 1136 4087 nomina
1156 4017 1315 4107 descripta
1333 4017 1368 4080 in
