3176 4770
379 408 670 524 ravennata
694 457 799 526 tor.
818 457 872 539 11,
896 452 991 522 mu
1014 452 1083 519 111.
1197 446 1262 519 105

204 600 287 646 nem
309 574 446 659 levare,
468 588 577 671 atque
592 573 645 646 'ab
666 599 704 646 se
725 598 913 646 removere
933 586 1100 671 cuperet,
1121 592 1266 667 recupe-

204 699 340 756 ratores
357 684 441 755 ‹licit
458 709 496 755 se
512 683 557 754 de
572 684 721 756 cohorte
738 710 802 756 sua
817 684 997 756 daturum.
1078 708 1082 715 ·

252 798 322 865 LX.
344 800 413 866 Pro
434 794 542 865 deum
558 793 822 894 hominumque
840 791 966 866 iidem!
985 816 1095 890 quem
1115 815 1184 888 ego
1206 815 1264 861 ac-

204 906 313 974 cuso?
324 907 361 974 in
375 928 451 1001 quo
461 928 577 975 meam
591 903 804 976 industriam
819 930 859 976 ac
873 904 1095 1000 diligentiam
1111 902 1263 999 spectari

202 1017 312 1088 volo?
329 1016 504 1116 quidest,
527 1017 627 1115 quod
646 1043 714 1117 ego
734 1019 903 1105 dicendo,
917 1031 981 1090 aut
1002 1014 1193 1113 cogitando
1211 1011 1263 1085 el·

203 1124 324 1214 licere,
343 1144 406 1199 aut
427 1132 569 1225 assequi
592 1128 769 1201 debeam?
786 1134 929 1214 Teneo,
954 1142 1078 1212 tene0‚
1096 1124 1263 1221 inquam,

202 1239 239 1305 in
262 1237 388 1308 mediis
405 1237 639 1335 vectigalibus
655 1240 783 1338 populi
802 1238 959 1323 romani,
977 1239 1012 1307 in
1036 1236 1121 1334 ipsis
1139 1233 1263 1337 fructi·

201 1344 269 1417 bus
286 1351 478 1444 provinciae
496 1349 637 1439 Siciliae,
652 1348 792 1437 furem,
810 1346 1001 1419 manifesto
1020 1355 1261 1417 avertentem¹

201 1480 276 1526 rem
293 1454 564 1529 frumentariam
580 1482 745 1544 omnem,
764 1460 954 1556 pecuniam
974 1457 1188 1527 maximam:
1211 1469 1263 1525 te·

201 1588 295 1650 neo,
317 1566 487 1661 inquam,
508 1569 577 1653 ita,
600 1582 642 1637 ut
666 1592 798 1665 negare
819 1592 893 1638 non
915 1569 1038 1664 possit.
1060 1569 1150 1637 Nam
1175 1563 1264 1661 quid

91 1670 96 1681 '
202 1671 261 1742 hic
274 1671 390 1744 dicet?
406 1677 560 1772 Sponsio
572 1673 664 1747 lacta
677 1692 732 1749 est
744 1672 829 1748 cum
844 1682 1050 1775 cognitore²
1066 1691 1131 1746 tuo
1146 1678 1264 1772 Apro-

198 1783 262 1859 nio
282 1782 326 1853 de
348 1781 502 1857 fortunis
521 1788 591 1857 tuis
610 1786 802 1874 omnibus,
825 1789 863 1856 ni
880 1782 1044 1857 socium³
1062 1800 1097 1857 te
1113 1784 1202 1856 sibi⁴
1224 1786 1263 1855 in

200 1890 363 1965 decumis
386 1919 462 1966 esse
492 1895 680 1968 dictitaret.
711 1901 928 1995 Exspectant
953 1919 1099 1983 omnes,
1122 1908 1264 1992 quantae

200 1999 265 2073 tibi
282 2027 323 2074 ea
338 2028 395 2075 res
413 2028 508 2076 curae
529 2009 592 2091 sit,
610 2005 919 2103 quemadmodum
939 2006 1131 2077 hominum
1150 2006 1266 2075 existi·

199 2113 347 2183 mationi
361 2128 396 2184 te
412 2130 521 2213 atque
539 2117 781 2188 innocentiam
800 2131 900 2187 tuam
919 2116 1065 2214 probari
1083 2113 1182 2185 velis.
1198 2118 1262 2183 Hic

199 2237 240 2293 tu
261 2222 440 2294 medicum
453 2223 480 2311 ⁵,
503 2239 538 2297 et
557 2229 780 2326 aruspicem,
798 2240 833 2296 et
851 2249 1053 2324 praeconem
1071 2238 1197 2308 tuum,
1213 2247 1265 2293 re·

199 2349 430 2431 superatores
454 2335 576 2423 dabis,
599 2340 787 2408 autetiam
808 2337 908 2407 illum
930 2336 1069 2434 ipsum,
1093 2356 1202 2432 quern
1223 2347 1264 2403 tu

200 2443 237 2512 in
261 2442 412 2516 cohorte
428 2458 489 2516 tua
508 2444 745 2519 Cassianum⁶
765 2446 922 2544 judicem
946 2444 1124 2553 habebas,
1147 2445 1176 2515 si
1192 2469 1266 2541 qua

199 2576 256 2623 res
273 2554 388 2649 major
402 2570 514 2644 esset,
529 2559 711 2654 Papirium
727 2562 961 2631 Potamonem
973 2568 998 2645 ⁷,
1013 2556 1195 2627 hominem
1213 2580 1266 2626 se-

200 2686 344 2749 verum,
366 2688 411 2770 ex
429 2680 550 2737 vetere
572 2665 632 2737 illa
654 2668 813 2764 equestri
831 2667 1043 2766 disciplina?
1066 2664 1266 2738 Scandilius

202 2772 380 2867 postulare
396 2774 441 2846 de
455 2772 661 2848 conventu⁸
675 2792 957 2876 recuperatores.
975 2780 1068 2846 Tum
1080 2777 1147 2845 iste
1162 2789 1265 2871 negat

202 2904 240 2950 se
258 2880 302 2951 de
319 2885 578 2959 existimatione
601 2912 665 2960 sua
678 2890 871 2986 cuiquam,
893 2889 961 2958 nisi
986 2888 1076 2973 suis,
1096 2889 1266 2957 commis·

238 3083 293 3131 Lx.
315 3097 336 3129 1.
355 3082 418 3132 Cod.
436 3087 518 3136 Nann.
541 3090 571 3137 C.
595 3089 710 3153 Stephon.
754 3090 781 3137 in
795 3089 903 3137 ἀοσυωίο
921 3088 1011 3149 nan,
1031 3087 1105 3151 idque
1126 3085 1264 3151 Apronium

204 3163 287 3210 Graes.
311 3161 430 3210 Garaton.
456 3165 529 3213 Beck.
552 3180 709 3215 amntem.
754 3171 834 3233 ipsum
846 3169 975 3217 dictitasse.

203 3241 227 3289 J.
238 3243 269 3287 V.
282 3243 309 3289 L.
324 3242 372 3289 Sed
391 3243 418 3290 in
435 3260 461 3291 re
474 3255 522 3291 tem
535 3247 612 3293 strosl
631 3246 713 3293 Verris
791 3250 855 3304 tnta
865 3246 1130 3311 ribi,reosptsleotios
1144 3246 1264 3294 recentio-

203 3322 371 3383 peronomssis
381 3324 465 3390 inepta
474 3341 525 3372 esse
537 3336 563 3373 et
572 3323 638 3373 lasus
651 3341 712 3389 pue·
755 3327 849 3375 ribuss
865 3328 911 3374 MS
932 3325 1079 3385 Nannisn03
1099 3326 1186 3373 rectius
1205 3341 1264 3373 vero

203 3398 253 3447 silis
264 3400 370 3451 ridetur.
754 3405 845 3454 habent
863 3405 920 3453 edd.
941 3414 999 3453 vett.
1017 3416 1041 3452 te
1057 3404 1115 3461 siti,
1130 3405 1197 3468 quod
1209 3415 1266 3469 apte

238 3495 262 3527 a.
271 3480 330 3528 Cam
338 3481 467 3546 coptiten.
478 3479 601 3547 Cognitor
613 3485 712 3550 proprie
754 3485 886 3549 respondet
895 3484 1005 3531 formulae
1016 3481 1264 3548 sponsionum.

203 3557 330 3606 dicebatur
335 3561 487 3610 voluntarios
493 3575 619 3628 susceptor
627 3564 711 3612 eliensi
792 3566 815 3613 5.
828 3565 907 3612 Hieta
916 3562 1185 3626 mcds'cum.Videsuprs
1192 3578 1214 3609 c.
1224 3575 1267 3608 ar.

202 3638 267 3699 litis3
280 3638 322 3686 hie
333 3640 455 3690 invidiose
466 3642 586 3707 signifieat
598 3658 653 3692 eum
668 3645 711 3708 qui
791 3646 816 3692 6.
842 3643 984 3692 &sianum
1000 3640 1118 3706 juds'csm.
1140 3641 1267 3687 Severissi·

202 3734 312 3777 annm,
325 3720 368 3783 qui
380 3732 460 3784 partes
478 3724 562 3771 Verris
578 3724 713 3788 susciperet
755 3739 837 3779 mum,
856 3722 959 3770 similem
977 3723 1005 3771 L.
1020 3720 1055 3768 illi
1077 3720 1177 3777 Cassio,
1197 3721 1266 3779 cujus

201 3800 228 3845 in
240 3799 332 3861 egendo
344 3799 440 3863 praeda,
452 3801 478 3848 in
496 3801 567 3850 furtis
578 3802 711 3859 iaciendis,
757 3801 862 3851 triband
868 3800 1084 3865 reommscopulos
1090 3797 1266 3862 appellabatur.

202 3877 229 3923 ia
240 3878 407 3941 extorquenda
427 3882 530 3943 pecnnia
541 3890 566 3927 et
580 3882 709 3929 frumento.
792 3900 816 3943 7.
830 3883 997 3929 Potamonem.
1009 3878 1161 3927 Libertinum
1174 3889 1199 3925 et
1206 3879 1266 3926 Ver·

239 3955 262 4004 3.
283 3956 318 4004 Ni
327 3944 426 4007 socium.
442 3960 552 4007 l‘onnula
572 3961 711 4025 sponsionis
755 3963 789 4010 ris
799 3960 910 4010 scribm
921 3960 1035 4007 Severum
1044 3958 1112 4005 illum
1123 3969 1209 4017 voest,
1219 3958 1268 4006 iro·

203 4035 272 4094 cujus
285 4053 367 4085 sensns
381 4049 417 4087 est
426 4053 433 4088 ε
442 4040 497 4102 Qus
510 4041 641 4105 sponsione
653 4055 712 4088 con·
755 4039 892 4104 nieruis
905 4039 968 4087 enim
979 4037 1009 4085 de
1020 4036 1104 4085 Verris
1117 4037 1217 4087 cohorte
1230 4038 1273 4085 se·'

204 4113 281 4161 tendit
298 4117 434 4166 Scandilius
445 4119 604 4182 probaturum
618 4136 656 4181 se,
670 4136 713 4183 pe·
756 4138 828 4169 rems
840 4137 891 4170 esso
909 4120 1019 4184 poterat?

202 4191 335 4243 cuniasoae
343 4197 488 4259 pericalo‚te
499 4199 609 4263 Apronio
619 4199 712 4247 sociam
793 4203 816 4248 8.
833 4203 868 4247 De
880 4211 1004 4248 conventu.
1018 4201 1177 4264 Syracusano.
