3142 4774
381 398 434 466 ut
460 397 679 466 venian
704 395 809 463 ier·
828 396 884 479 11,
909 397 1002 464 nm.
1026 399 1102 466 111.
1226 401 1273 487 45
1368 488 1376 507 ,

214 545 283 619 pus
294 523 510 607 Leontinus,
521 519 624 614 cujus
636 533 742 590 antea
752 541 832 615 spes
842 527 873 560 ¹⁰
889 518 965 588 haec
977 535 1071 610 erat,
1085 536 1144 610 ut,
1159 549 1272 624 quum

213 630 373 702 obsitum
387 628 553 714 vidisses,
568 654 720 700 annouae
739 630 919 699 caritatem
933 654 1009 699 non
1022 656 1204 724 vererere,
1222 637 1273 709 sic

214 756 292 813 erat
308 738 478 811 deformis
497 755 605 838 atque
625 737 812 826 horridus,
836 754 876 810 ut
894 743 932 810 in
951 739 1132 814 uberrima
1149 747 1272 817 Siciliae

213 867 314 949 parte
332 852 486 923 Siciliam
509 875 761 949 quaereremus.
784 848 1026 923 Labefactarat
1047 854 1143 923 enim
1163 857 1271 928 vehe-

213 975 354 1033 menter
372 975 529 1037 aratores
545 963 619 1056 jam
640 961 804 1058 superior
823 984 956 1047 annus;
977 964 1162 1058 proximus
1185 991 1272 1038 vero

212 1070 375 1143 funditus
396 1086 581 1143 everterat.

260 1186 354 1253 XIX.
380 1187 436 1254 Tu
460 1183 550 1253 mihi
573 1182 679 1253 etiam
701 1179 809 1254 audes
829 1182 1052 1257 mentionem
1075 1182 1192 1257 facere
1214 1188 1274 1259 de·

211 1285 415 1364 cumarum!
437 1308 477 1365 tu
497 1298 536 1363 in
556 1307 655 1363 tanta
673 1290 919 1390 improbitate,
939 1306 980 1363 tu
999 1297 1038 1365 iu
1056 1309 1155 1366 tanta
1173 1321 1273 1368 acer·

210 1402 342 1491 bitate,
361 1407 398 1472 in
417 1418 472 1474 tot
488 1418 525 1474 et
543 1405 651 1473 tantis
666 1402 822 1497 injuriis,
842 1426 957 1498 quum
975 1405 1013 1472 in
1030 1404 1272 1495 arationibus,

211 1528 248 1584 et
275 1518 312 1583 in
338 1537 462 1584 earum
488 1536 611 1583 rerum
634 1513 714 1606 jure
740 1514 922 1609 provincia
946 1511 1065 1582 Sicilia
1082 1516 1273 1604 consistat,

212 1626 342 1694 eversis
363 1621 529 1694 funditus
557 1620 780 1709 aratoribus,
801 1621 932 1693 relictis
958 1625 1070 1715 agris,
1095 1647 1210 1720 quum
1232 1628 1272 1696 in

212 1736 395 1829 provincia
418 1750 491 1805 tam
511 1731 707 1830 locupleti¹
732 1756 773 1802 ac
793 1730 936 1815 referta,
954 1756 1029 1803 non
1048 1731 1158 1804 modo
1173 1758 1270 1825 reni,

211 1842 273 1913 sed
296 1868 342 1914 ne
369 1868 471 1942 spem
494 1841 670 1939 quidem²
698 1841 806 1912 ullam
826 1840 1001 1938 reliquam
1024 1842 1194 1938 cuiquam
1216 1842 1268 1915 se·

210 1956 315 2039 ceris,
333 1953 470 2050 aliquid
487 1967 523 2024 te
541 1948 737 2051 populare³
757 1949 896 2049 putabis
911 1950 1063 2038 habere,
1080 1978 1195 2050 quum
1212 1953 1268 2023 di·

209 2085 288 2149 ces,
318 2078 353 2133 te
379 2062 512 2160 pluris,
535 2086 644 2160 quam
669 2077 823 2148 ceteros,
849 2059 1018 2132 decumas
1043 2062 1272 2134 vendidisse?

209 2174 321 2261 Quasi
347 2198 434 2245 vero
459 2188 521 2243 aut
545 2171 705 2270 populus
731 2195 899 2243 romanus
923 2171 993 2242 hoc
1013 2170 1186 2259 voluerit,
1208 2188 1271 2244 aut

209 2298 352 2354 senatus
376 2283 455 2355 hoe
471 2282 538 2353 tibi
558 2280 800 2369 mandaverit,
821 2295 881 2369 ut,
903 2305 1018 2379 quum
1042 2306 1169 2353 omnes
1193 2306 1266 2354 ara·

209 2390 330 2462 torum
367 2391 531 2463 fortunas
567 2390 802 2462 decumarum
834 2392 981 2462 nomine
1018 2395 1195 2490 eriperes,
1230 2396 1270 2464 in

208 2517 395 2601 posterum
420 2500 544 2573 fructu
569 2500 631 2572 illo
662 2499 925 2599 commodoque
951 2503 1003 2574 rei
1028 2500 1270 2575 frumentariae

207 2612 386 2711 populum
411 2635 601 2683 romanum
629 2613 809 2709 privares;
831 2608 981 2698 deinde,
1003 2616 1164 2708 siquam
1185 2637 1268 2711 par·

209 2726 305 2794 temt
326 2739 396 2794 tuae
411 2722 538 2821 praedse
555 2723 601 2793 ad
619 2747 796 2794 summam
811 2720 1044 2793 decumarum
1058 2721 1269 2810 addidisses,

209 2831 302 2905 bene
320 2834 365 2906 dc
385 2834 522 2932 populo
543 2858 696 2904 romano
715 2835 862 2903 meritus
883 2830 1055 2902 viderere.

258 2949 375 3041 Atque
399 2941 502 3016 haec⁵
530 2945 678 3044 perinde
705 2944 855 3041 loquor,
872 2947 977 3039 quasi
1003 2946 1107 3013 ineo
1132 2946 1177 3012 sit
1198 2945 1268 3013 ini-

208 3054 328 3151 quitas
348 3054 426 3148 ejus
446 3053 765 3152 reprehendenda,
783 3052 882 3151 quod
898 3067 1050 3153 propter
1068 3052 1189 3150 gloriae
1209 3077 1270 3124 cu·

245 3326 287 3361 ro.
304 3313 369 3375 Spes.
390 3311 468 3358 Tanta
488 3318 540 3357 erat
557 3306 647 3356 fidncia
664 3309 714 3373 agri
793 3310 942 3374 2.Nsspem
957 3308 1062 3374 quidem.
1081 3311 1155 3372 Quse,
1175 3311 1267 3359 amissis

205 3391 286 3451 illins,
303 3400 352 3438 tem
359 3400 452 3438 eertum
460 3387 605 3447 habebatur,
612 3399 715 3456 propter
757 3386 829 3436 rehns
845 3388 973 3447 omnibns,
988 3389 1081 3437 miseris
1099 3390 1163 3438 solet
1181 3406 1267 3455 super·

206 3472 293 3518 famem
312 3468 479 3529 fecunditatis,
500 3483 602 3516 messem
623 3467 715 3516 bonnm
757 3484 816 3517 esse.
1161 3526 1162 3530 Ἰ
1247 3508 1251 3513 ,

206 3550 258 3597 fore
269 3560 314 3608 ut,
330 3546 437 3596 simodo
452 3559 628 3605 consereretur,
641 3564 713 3595 nemo
793 3550 818 3597 3.
830 3547 959 3613 Populare.
974 3549 1010 3596 Te
1022 3548 1116 3613 populo
1133 3549 1267 3612 gratiosum

177 3644 181 3653 ·
206 3628 329 3678 dubitaret
340 3628 370 3676 de
380 3627 446 3676 bons
455 3643 539 3675 messe.
554 3628 594 3676 ste
607 3629 715 3691 «segetis
759 3627 933 3691 ersdse,quesi
946 3623 1271 3691 einsveetigalisrmplilies·

205 3719 270 3757 certa
284 3706 346 3756 fides
359 3723 436 3755 ηοω»
451 3708 538 3754 Horat.
546 3708 598 3766 111,
612 3708 659 3765 rii,
673 3708 715 3755 30.
759 3707 810 3764 ris,
831 3722 907 3769 quum
920 3707 998 3769 dices,
1007 3716 1054 3755 ete.

205 3791 306 3836 linter
315 3788 377 3837 MSS
386 3785 637 3851 quibusdsmspeeiee
648 3784 715 3850 qnod
796 3792 819 3841 4.
834 3785 862 3832 Si
868 3801 943 3848 quam
948 3798 1057 3851 partem.
1065 3782 1188 3831 Siextuis
1199 3783 1272 3831 furtis

204 3867 359 3932 amplectitur
373 3869 455 3915 Grsev.
465 3867 540 3916 Beck.
551 3864 716 3915 suimet-
759 3862 966 3930 pertemaliqusrn
973 3864 1019 3912 tibi
1033 3860 1184 3923 detraheres,
1195 3878 1267 3925 quem

204 3958 284 4010 patrm
294 3944 429 3996 defendunt
438 3948 537 3995 Gruter.
549 3946 646 3995 Emest.
733 3944 789 3993 'sd
806 3943 920 3992 decumas
927 3943 1079 4004 adiungeret.

239 4027 313 4075 m.
329 4041 351 4073 ι.
364 4025 529 4073 Siel’riseisn
541 4037 567 4086 p.
579 4023 638 4083 765.
651 4023 713 4084 stit,
796 4024 819 4072 ⁵.
844 4023 919 4073 nutu
944 4022 1050 4071 editores
1072 4022 1136 4069 inter
1160 4022 1268 4086 optimo·

206 4101 323 4166 locuplete
339 4104 364 4150 J.
377 4104 411 4151 V.
426 4104 452 4151 L.
759 4103 876 4152 omittunt
886 4101 947 4151 Ister.
956 4101 1015 4151 lton
1023 4099 1159 4150 commode.
1170 4101 1187 4147 J
1189 4136 1195 4147 .
1201 4101 1233 4146 V.
1242 4101 1269 4146 L.
