3176 4770
313 403 377 449 lta
631 374 680 441 M.
705 375 743 441 Τ.
772 375 1056 447 CICERONIS

308 503 419 572 tuisse
441 511 476 568 te
499 492 678 580 vendere,
702 517 822 591 neque
847 494 903 565 his
925 496 1080 567 voluisse
1107 497 1293 589 addicere,
1319 502 1383 599 qui

311 625 437 682 contra
462 606 667 703 Apronium
693 602 907 691 licerentur;
934 619 969 676 et
992 610 1155 704 Apronio
1179 608 1296 680 multo
1318 612 1382 680 mi-

310 722 433 803 noris,
452 737 563 812 quam
581 713 659 785 aliis
678 715 861 811 potueris,
883 713 1090 803 tradidisse3
1110 721 1140 788 si
1162 718 1233 789 hoc
1248 719 1381 805 doceo,

315 828 495 926 poteritne
510 839 545 894 te
559 820 669 907 Alba,
683 836 768 893 tuus
786 824 1057 920 antiquissimus
1071 851 1147 898 non
1168 827 1285 899 solum
1302 833 1383 900 ami·

314 964 398 1025 cus,
412 958 539 1006 verum
555 935 664 1002 etiam
677 947 817 1003 amator
827 943 871 1018 ¹⁰,
888 933 1094 1006 absolvere?

360 1049 489 1117 thv.
510 1045 623 1129 Dico,
647 1044 807 1138 equitem
826 1066 1039 1132 romanum,
1058 1045 1244 1118 bominem
1258 1050 1297 1119 in
1313 1054 1384 1148 pri·

313 1161 381 1228 mis
401 1156 620 1240 honestum,
637 1155 682 1243 Q.
705 1155 929 1244 Minucium,
950 1180 1034 1226 cum
1051 1157 1107 1253 sui
1123 1157 1319 1244 similibus,
1339 1160 1383 1230 ad

314 1269 484 1338 decumas
505 1264 583 1359 agri
604 1264 775 1333 Leontini
801 1265 910 1335 tritici
932 1263 1094 1336 modium
1116 1291 1192 1338 non
1214 1292 1286 1355 cm,
1307 1294 1383 1340 nou

314 1399 371 1447 cro
388 1397 464 1458 cn,
483 1397 559 1442 non
574 1395 630 1443 cro
647 1395 703 1443 cro
717 1395 794 1459 cro,
811 1373 874 1444 sed
893 1372 939 1444 ad
956 1400 1047 1446 unas
1067 1377 1175 1448 unius
1186 1381 1263 1474 agri
1276 1378 1384 1450 decu-

313 1510 390 1579 mas
413 1484 523 1554 tritici
542 1482 706 1553 modium
728 1508 797 1552 xxx
816 1483 928 1555 millia
943 1485 1098 1558 voluisse
1113 1486 1243 1559 addere
1256 1500 1282 1577 ¹,
1299 1505 1335 1560 et
1352 1493 1384 1561 ei

313 1608 528 1694 potestatem
551 1591 696 1664 emendi
710 1617 786 1663 non
804 1618 881 1665 esse
894 1593 1041 1683 factam,
1056 1620 1173 1667 neres
1187 1596 1324 1669 abiret²
1340 1598 1384 1669 ab

313 1708 488 1804 Apronio,
510 1706 649 1799 Negare
664 1702 753 1789 hoc,
770 1704 839 1773 nisi
853 1701 945 1774 forte
966 1729 1098 1801 negare
1117 1709 1239 1778 omnia
1259 1711 1387 1780 consti·

315 1818 435 1900 tulisti,
449 1812 550 1883 nullo
564 1810 676 1883 modo
691 1827 806 1909 potes.
821 1811 940 1881 Palam
955 1838 1012 1883 res
1025 1829 1125 1910 gesta
1144 1830 1216 1901 est,
1229 1822 1385 1888 maximo

314 1923 1386 2023 conventu,Syracusis:testisesttotaprovincia,propterea

315 2035 416 2134 quod
429 2033 592 2130 undique
610 2032 656 2103 ad
673 2029 844 2103 emendas
865 2031 1036 2102 decumas
1051 2033 1171 2104 solent
1189 2060 1234 2105 eo
1254 2060 1384 2107 conve·

315 2150 406 2219 nire.
435 2143 543 2236 Quod
571 2145 646 2213 sive
672 2139 810 2228 fateris,
837 2142 911 2212 sive
939 2144 1185 2231 convinceris3
1212 2160 1325 2242 quot,
1350 2161 1387 2217 et

316 2282 427 2355 quam
454 2250 673 2326 manifestis3
699 2257 738 2322 in
761 2250 871 2324 r'ebus
888 2265 1052 2340 teneare,
1075 2279 1152 2324 non
1176 2255 1296 2327 vides?
1318 2258 1387 2326 Pri·

316 2369 443 2436 mum‘*
464 2380 562 2436 tuam
583 2389 660 2435 rem
683 2363 797 2451 illam,
816 2377 852 2433 et
870 2362 1026 2461 praedam
1043 2364 1175 2437 fuisse:
1195 2391 1299 2453 nam,
1319 2368 1387 2438 nisi

315 2479 365 2545 ita
390 2486 502 2561 esset,
528 2497 595 2542 cur
619 2486 660 2542 tu
689 2475 891 2570 Apronium
917 2472 1073 2545 malebas
1101 2476 1235 2572 (quem
1260 2501 1387 2547 omnes

317 2601 427 2656 tuum
445 2606 641 2682 procurare
660 2583 698 2651 in
722 2580 886 2653 decumis
904 2586 1091 2681 negotium
1106 2583 1387 2681 loquebantur),

317 2721 428 2792 quarn
456 2694 682 2781 Minucium,
712 2690 883 2764 decumas
916 2695 992 2789 agri
1023 2697 1195 2766 Leontini
1222 2700 1387 2769 sumere?

318 2803 457 2877 Deinde
485 2806 704 2875 immensum
730 2816 840 2899 atque
865 2802 1046 2874 infinitum
1072 2804 1213 2876 lucrum
1237 2831 1314 2879 esse
1338 2805 1387 2878 fa·
1481 2832 1485 2839 ’

319 2931 419 2987 ctum
437 2942 444 2984 :
464 2938 548 2986 nam
570 2915 599 2985 si
620 2909 720 2985 ωδ
741 2911 900 2985 millibus
918 2914 1083 2991 modium
1102 2916 1211 2988 tritici
1231 2933 1271 2989 tu
1288 2943 1387 2990 com-

314 3160 429 3208 decumu
438 3156 831 3205 vendidissenetotobocleon·
912 3159 936 3207 5.
949 3157 976 3207 Si
988 3175 1046 3208 xxx.
1059 3160 1089 3208 Id
1101 3173 1153 3221 eet,
1168 3163 1190 3210 si
1204 3163 1301 3227 triginta
1314 3161 1387 3210 milli·

317 3240 371 3285 tino
387 3238 487 3284 edmine
499 3236 555 3283 vide
566 3235 597 3282 ad
609 3252 663 3300 cap⁴
677 3242 721 3299 49,
735 3248 830 3284 nostrae
873 3238 928 3298 bus,
939 3255 994 3301 quar
1003 3241 1115 3304 Apronio
1126 3242 1250 3290 Minucius
1259 3241 1386 3298 offerebat,

318 3317 512 3380 supputationes.
873 3319 979 3381 primum
988 3318 1074 3366 boced
1081 3329 1105 3366 te
1114 3321 1312 3382 pertinere,banc
1322 3331 1388 3367 tuam

357 3412 397 3444 ro.
411 3396 468 3442 Non
476 3394 553 3441 solum
562 3392 769 3443 aericus.Amicus
777 3395 828 3443 ani·
873 3412 925 3443 rem
934 3397 1008 3443 fuisse
1017 3408 1095 3444 actam
1109 3412 1242 3446 commotus
1254 3416 1301 3447 non
1314 3414 1387 3457 esses,

316 3477 349 3524 mi
359 3485 408 3534 est,
421 3485 515 3522 amator
523 3474 640 3538 eorporis.
648 3473 709 3522 Ideo
723 3474 828 3524 illecum
873 3476 919 3523 i.e.
930 3475 961 3521 ad
970 3491 1038 3539 spem
1047 3476 1153 3539 aliquam
1163 3478 1289 3543 amplioris
1299 3477 1388 3542 praedae
1566 3488 1568 3497 '

316 3552 457 3611 laude‚bic
470 3569 526 3601 cum
540 3552 638 3599 infamia
650 3555 805 3614 conjunctus.
873 3564 1026 3601 erectuenon
1036 3570 1107 3612 esses,
1117 3557 1265 3619 permisisses
1274 3567 1301 3605 ut
1310 3558 1389 3620 Apro·
1478 3604 1488 3631 θ,

351 3634 441 3682 mv.
455 3648 476 3681 1.
491 3630 598 3680 Addere.
608 3631 718 3680 Numero
732 3633 829 3682 modio.
873 3632 916 3679 nio
925 3632 1052 3680 Minucius
1064 3648 1115 3681 m
1125 3635 1201 3683 millia
1211 3637 1251 3683 illa
1268 3636 1345 3683 daret.
1355 3662 1389 3671 -

317 3731 370 3761 rum
383 3710 473 3777 quibua
486 3727 525 3758 eas
538 3711 785 3775 Aproniuseedemit.
877 3710 946 3757 Certe
958 3709 1005 3757 lroc
1026 3710 1100 3760 idem.
1123 3714 1170 3761 Sed
1188 3715 1229 3762 illc
1244 3715 1323 3763 noluit
1346 3731 1388 3761 ac·
1472 3736 1497 3753 ,-

354 3809 377 3840 α.
392 3793 431 3839 Ne
441 3807 479 3839 res
497 3789 585 3839 abiret.
599 3791 638 3839 Ne
648 3792 775 3857 Apronius
785 3808 829 3839 ex·
875 3789 972 3853 cipere,
983 3793 1054 3852 quia,
1070 3808 1145 3855 quum
1156 3804 1211 3842 tuus
1222 3805 1283 3842 esset
1293 3795 1389 3850 socius,
1459 3842 1463 3851 ‚

317 3870 466 3919 cluderetur.
875 3866 979 3916 malebat
992 3869 1061 3918 illum
1076 3871 1189 3920 decumas
1206 3873 1323 3921 redimere
1337 3889 1389 3921 non
1468 3888 1485 3939 ᾗ

352 3950 378 3995 3.
405 3948 471 3993 Olim
495 3946 587 3996 editum
614 3949 678 4006 suit,
705 3946 829 3996 maximis.
874 3948 1033 4008 Minucium,
1049 3966 1100 4014 quo
1127 3952 1242 4011 majorem
1267 3963 1386 4014 quaestum
1474 3960 1478 3967 '

316 4028 342 4073 J.
352 4028 384 4070 V.
398 4026 429 4071 1„
872 4027 962 4073 fureres
975 4045 1047 4091 qnam
1061 4041 1129 4076 erant
1145 4030 1185 4077 illa
1201 4032 1300 4096 triginta
1313 4031 1387 4079 millia

350 4111 375 4157 a.
393 4102 500 4149 Primum
509 4117 576 4150 mam
589 4119 649 4150 rem.
659 4103 825 4152 Conrinceris.
873 4104 990 4155 modium.
