3176 4770
949 212 956 247 l

376 428 431 499 IN
456 428 668 498 VERREM
695 430 800 498 ACT.
820 431 875 515 ΙΙ,
899 430 995 497 LIB.
1019 431 1090 499 Ill.
1206 431 1273 504 163

210 572 258 620 ne
279 549 448 637 avaritie,
467 574 550 647 qnae
574 551 728 622 antelmo
751 549 902 623 occultis
927 549 1145 622 itineribus⁶
1164 567 1275 651 etque

209 660 383 756 angustis⁷
402 659 457 729 uti
478 657 633 751 solebat,
653 662 867 733 auctoritate
883 673 1004 732 vestra
1021 664 1117 733 viam
1139 662 1276 761 patefa-

209 769 310 839 ciatis
327 766 502 841 illustrem
520 785 630 867 atque
651 770 769 841 latam.
794 773 886 842 Nam
906 771 935 842 si
954 770 1026 841 hoc
1049 771 1226 868 probetis,
1241 790 1278 848 et

209 879 240 949 si
262 877 333 950 hoc
355 880 484 969 licere,
506 883 677 979 pecunias
697 883 766 952 isto
787 883 934 952 nomine
956 877 1075 979 capit,
1089 883 1277 977 judicatis3

209 1003 306 1061 certe
327 989 417 1079 boc,
449 989 547 1086 quod
573 991 695 1064 adhuc
723 1016 854 1081 nemo,
879 993 947 1063 nisi
970 990 1278 1089 improbissimus,

207 1095 316 1187 fecit,
348 1100 499 1197 posthac
526 1127 654 1189 nemo,
681 1104 751 1174 nisi
776 1102 1027 1189 stultissimus,
1055 1126 1132 1173 non
1159 1102 1275 1176 faciet.

206 1209 369 1307 lmprobi
397 1227 509 1301 sunt,
542 1218 606 1311 qui
636 1215 809 1312 pecunias
840 1227 968 1284 contra
997 1212 1094 1309 leges
1122 1229 1278 1312 cogunt3

206 1320 329 1407 stulti,
359 1323 445 1419 qui,
471 1324 573 1421 quod
600 1324 709 1396 licere
733 1322 935 1418 judicatum
964 1336 1038 1409 est,
1063 1326 1279 1421 praetermit-

207 1444 300 1501 tunt.
323 1431 488 1517 Deinde,
506 1431 668 1528 judices,
689 1431 831 1519 videte,
859 1457 968 1529 quam
993 1431 1175 1505 infinitam
1201 1438 1278 1506 sitis
1367 1460 1370 1471 ·

206 1538 419 1611 bominibus
447 1541 629 1613 licentiam
657 1546 893 1641 pecuniarum
924 1544 1191 1641 eripiendarum
1214 1544 1278 1616 da·

205 1651 292 1720 turi.
321 1651 358 1719 Si
384 1664 508 1723 ternos
536 1651 702 1724 denarios
728 1654 794 1750 qui
818 1657 953 1750 coegit,
977 1655 1045 1724 erit
1070 1651 1279 1743 absolutus3

207 1775 425 1858 quaternos,
443 1764 593 1860 quinos,
608 1762 721 1835 denos
735 1763 915 1860 denique,
935 1778 999 1835 aut
1012 1767 1158 1836 vicenos
1172 1781 1278 1864 coget

207 1871 308 1943 alius.
329 1876 419 1965 Quae
435 1873 506 1945 erit
521 1873 781 1972 reprehensio?
802 1876 840 1944 in
862 1897 938 1971 quo
959 1875 1117 1972 primum
1135 1876 1276 1971 injuriae

206 1980 344 2078 gradu⁹
378 1983 543 2054 resistere
578 1985 729 2080 incipiet
760 1986 929 2056 severitas
958 1984 1116 2090 judicis?
1142 2001 1279 2082 quotus

206 2093 275 2163 erit
287 2103 318 2136 ¹⁰
335 2093 401 2165 iste
421 2092 610 2183 denarius,
632 2095 696 2191 qui
716 2116 792 2163 non
815 2096 860 2165 sit
877 2092 1068 2178 ferendus,
1085 2107 1122 2164 et
1142 2098 1181 2164 in
1201 2119 1277 2192 quo

205 2206 366 2299 primunr
387 2205 634 2276 estimationis
660 2205 832 2301 iniquitas
856 2217 966 2299 utque
986 2200 1200 2300 improbitas
1218 2229 1276 2276 re·

206 2313 479 2410 prehendatur?
503 2319 586 2389 Non
608 2315 705 2387 enim
727 2338 748 2385 a
770 2312 876 2385 vohis
896 2337 1057 2400 summa,
1080 2312 1143 2385 sed
1162 2338 1277 2411 genus

205 2426 452 2496 estimationis
473 2429 541 2499 erit
559 2423 861 2525 comprobatum:
882 2446 1006 2523 neque
1028 2424 1101 2498 hoc
1124 2428 1275 2523 potestis

202 2532 384 2628 judicare,
408 2536 520 2607 ternis
542 2536 699 2608 denariis
720 2537 895 2607 estimare
918 2534 1047 2624 licere,
1070 2533 1174 2608 denis
1197 2564 1274 2610 non

206 2642 325 2715 licere.
350 2643 423 2716 Ubi
450 2646 548 2718 enim
572 2646 685 2719 semel
708 2645 755 2718 ab
780 2666 934 2717 annonae
958 2649 1153 2735 ratione¹¹‚
1172 2661 1210 2719 et
1227 2646 1273 2717 ab

107 2823 111 2831 .
206 2772 390 2831 aratorum
408 2760 596 2835 voluntate
606 2772 637 2807 ¹²
652 2786 710 2834 ros
722 2760 769 2834 ad
783 2762 945 2860 praetoris
959 2758 1145 2831 libidinem
1162 2774 1276 2833 trans-

207 2867 278 2939 lata
296 2884 367 2959 est,
388 2896 464 2943 non
488 2889 543 2945 est
561 2875 636 2970 jam
653 2877 691 2946 in
712 2874 790 2973 lego
809 2888 919 2972 atque
935 2873 975 2943 in
993 2870 1135 2959 officio,
1154 2872 1215 2944 sed
1235 2874 1273 2943 in

243 3057 268 3105 6.
285 3056 390 3105 Occultis
399 3056 531 3109 t'tt'ner't'btts.
544 3061 652 3110 Advorte
661 3077 719 3109 con·
801 3075 839 3109 ao.
854 3061 947 3123 Quotus
956 3057 1018 3106 etita²
1030 3058 1070 3106 An
1082 3058 1182 3121 quinne
1192 3072 1223 3107 en
1232 3059 1273 3107 de·

206 3135 280 3183 tnria
293 3136 422 3184 contrariis
439 3136 529 3197 relata;
545 3155 600 3186 nem
619 3140 718 3188 occultis
762 3154 862 3201 nne,an
871 3137 1274 3202 deniqnericenusi’Ccrtennllns

206 3213 331 3263 itineribus
343 3215 407 3262 vlam
415 3214 547 3278 illustrem,
567 3227 591 3266 et
601 3217 719 3283 angustis,
763 3219 816 3268 erit.
828 3219 887 3267 Non
900 3219 964 3265 enim
973 3232 1090 3266 summam
1099 3216 1218 3282 aliquam,
1227 3235 1275 3283 pu-

205 3292 279 3342 latem
291 3295 391 3356 ,voluit
404 3295 560 3360 respondere.
762 3309 787 3346 te
808 3308 952 3362 quaternos,
969 3296 1073 3361 quinos,
1095 3307 1142 3346 etc.
1161 3296 1274 3347 denarios

243 3391 267 3436 7.
274 3375 400 3441 Augustis.
408 3374 484 3435 Olim,
493 3373 619 3441 aegiptiis.
625 3378 642 3426 J
644 3377 684 3424 .V.
690 3377 719 3425 L.
763 3376 946 3435 statuitie,ultra
953 3392 1016 3441 qnos
1023 3377 1136 3441 putoris
1145 3378 1273 3426 estimatio

242 3454 266 3503 b.
277 3457 330 3503 Isto
344 3453 450 3520 nostrisa.
458 3457 510 3502 Isto
519 3469 606 3519 genere
614 3454 719 3503 estima·
762 3456 878 3522 progredi
886 3471 938 3503 non
946 3457 1038 3521 possit3
1049 3456 1092 3504 sed
1105 3473 1181 3520 genus
1192 3469 1272 3506 totum

206 3533 721 3597 nonu.-Judoatis.1den‚judieiovea
761 3536 941 3597 estimationis,
962 3535 1031 3601 cnjns
1054 3553 1171 3585 summm
1189 3536 1273 3585 stituit

205 3628 257 3665 stro
271 3615 424 3665 declarabitis
438 3614 553 3665 omnibns
567 3626 652 3680 postea
666 3617 715 3665 hoo
760 3616 873 3682 pretorio
892 3616 1004 3674 avaritia,
1027 3618 1073 3665 erit
1089 3633 1104 3664 a
1121 3616 1193 3664 vobis
1206 3632 1274 3665 com·
1380 3610 1382 3613 ’

204 3696 291 3755 litters,
304 3696 325 3744 si
336 3698 434 3743 Verrem
444 3694 583 3744 absolvatis.
760 3694 904 3759 probatum.

113 3828 118 3835 .
240 3792 267 3839 9.
282 3777 312 3823 In
330 3791 379 3840 quo
390 3774 499 3840 primum
516 3774 613 3839 injuria
621 3773 718 3844 gradu,
799 3788 839 3822 rr.
854 3773 893 3820 Ab
907 3789 1013 3822 annom
1031 3774 1135 3822 ratione.
1153 3775 1177 3821 A
1193 3775 1272 3836 pretio

205 3856 246 3905 An
255 3856 283 3903 in
296 3865 398 3919 quarto,
411 3853 439 3901 ln
451 3854 550 3917 quinto,
565 3852 591 3900 in
604 3852 716 3902 ocimo?
759 3866 864 3901 annone
876 3853 928 3914 ejus
940 3854 1011 3911 anni,
1029 3868 1079 3917 qno
1092 3850 1122 3901 lit
1135 3852 1272 3913 estimatio,

205 3933 235 3982 ld
247 3944 295 3993 eet,
308 3950 339 3982 an
352 3949 428 3997 quum
439 3944 531 3997 pretor
543 3931 642 3996 iniquus
653 3947 714 3996 qna·
759 3940 785 3979 et
796 3947 869 3997 quam
880 3931 951 3995 ecqui
963 3942 1093 3995 pretorem
1105 3931 1183 3980 decet.

205 4023 287 4061 tesnoa
294 4030 340 4073 ,an
351 4028 427 4078 mum
437 4011 527 4077 quinos
537 4009 649 4059 &uarios
658 4026 716 4058 exe·
798 4027 838 4060 ra.
859 4009 899 4060 Ab
910 4023 1038 4061 aratorum
1051 4013 1190 4065 voluntate.
1205 4015 1272 4079 Qui,

206 4092 341 4155 gerintum
353 4094 505 4141 severitatem
514 4090 590 4153 iudex
599 4089 717 4139 uetusti
760 4090 907 4154 quodlicet,
915 4090 942 4139 id
952 4089 1004 4139 fieri
1016 4092 1117 4152 volunt,
1127 4106 1152 4143 et
1164 4096 1270 4145 immen-

205 4186 288 4231 euam,
301 4172 460 4237 stlniqultatl
472 4172 583 4221 resistm
595 4169 717 4234 incipiet?
760 4179 812 4218 tum
825 4173 911 4235 quanti
924 4171 997 4232 licet,
1010 4175 1129 4222 estimari.

1101 4287 1153 4333 Il.
