3016 4774
125 587 221 654 tenda
228 586 445 677 possessione:
456 581 575 665 «Quod
586 605 644 670 per
654 581 809 647 colonum
821 580 983 670 possideo,
993 583 1119 670 inquit,
1130 583 1188 646 he·

125 717 177 757 res
195 715 302 772 meus,
320 690 383 754 nisi
402 689 472 775 ipse
492 704 605 751 nactus
622 688 874 775 possessionem,
892 709 958 751 non
976 689 1095 775 poterit
1111 710 1187 776 pos·
1274 740 1277 747 .

125 784 267 863 sidere».
288 796 400 861 Cicero
424 795 459 856 in
479 792 610 881 Topicis
636 814 644 856 :
669 823 685 851 «ι
702 791 868 875 Quoniam
893 809 1064 881 argentum
1091 815 1190 857 omne

127 903 252 967 mulieri
266 904 407 991 legatum
425 914 487 980 est,
505 920 573 961 non
589 912 698 985 potest
715 920 752 961 ea
767 898 920 986 pecunia,
937 920 1009 984 ques
1022 915 1189 963 numerata

125 1008 215 1073 domi
225 1007 334 1073 relicta
341 1022 404 1088 est,
415 1027 483 1069 non
491 1026 561 1069 esse
569 1003 699 1092 legata».
712 1006 834 1068 Contra
844 1005 1002 1092 Ulpianus
1010 1004 1044 1067 in
1052 1005 1121 1094 lege
1130 1003 1189 1088 30,

125 1113 168 1179 de
183 1137 264 1178 auro
281 1127 313 1176 et
336 1126 470 1201 argento
490 1105 717 1203 mund0,-etc.
736 1111 809 1173 «An
829 1109 882 1172 cui
903 1126 1074 1197 argentum
1093 1132 1192 1173 omne

127 1219 268 1309 legatum
286 1234 351 1299 est,
365 1219 395 1282 ei
408 1216 534 1279 nummi
547 1237 680 1303 quoque
692 1214 787 1303 legati
803 1237 873 1279 esse
884 1214 1062 1297 videantur,
1079 1217 1192 1303 quaeri-

126 1341 200 1389 tur:
216 1340 250 1388 et
264 1345 324 1410 ego
335 1338 416 1410 puto
431 1342 498 1384 non
513 1320 705 1384 contineri».
717 1321 778 1383 IIic
787 1321 905 1384 Noster
920 1321 954 1383 iu
965 1322 1078 1409 Topie.
1091 1352 1104 1378 a
1113 1323 1191 1386 Non

127 1429 225 1494 debet
246 1451 283 1492 es
305 1428 430 1507 mulier,
456 1426 510 1491 cui
530 1425 580 1488 vir
605 1427 846 1490 usumfructum
869 1428 1032 1491 bonorum
1056 1450 1191 1492 suorum

128 1534 258 1623 legavit,
275 1531 362 1597 cellis
375 1530 524 1595 vineariis
539 1546 572 1594 et
585 1529 710 1594 oleariis
728 1531 830 1619 plenis
844 1530 962 1596 relictis
976 1546 1091 1621 putare
1105 1532 1194 1598 idad

128 1662 162 1705 se
180 1640 359 1728 pertinere;
378 1659 457 1701 usus
475 1637 577 1717 enim,
596 1658 665 1698 non
682 1634 804 1699 abusus
825 1635 948 1726 legatus
969 1654 1057 1704 est».
1076 1639 1119 1703 Αῑ
1134 1640 1193 1702 Ul·

129 1747 243 1834 pianus
256 1744 291 1807 in
304 1744 374 1833 lege
391 1768 419 1823 1,
436 1741 477 1807 de
494 1741 668 1806 usuliuctu
685 1762 796 1806 esrum
812 1764 922 1807 rerum
938 1766 1010 1831 quoe
1028 1768 1093 1809 usu
1114 1744 1194 1809 con·

128 1866 326 1917 sumuntur:
341 1880 354 1905 «
366 1848 667 1923 senatusconsulto,
683 1847 806 1936 inquit,
823 1846 993 1913 inductum
1005 1850 1144 1933 videtur,
1157 1864 1195 1915 ut

128 1978 239 2021 earum
264 1977 390 2036 rerum,
413 1976 486 2042 quae
507 1974 570 2017 usu
596 1953 768 2033 tolluntur,
792 1954 842 2018 vel
865 1954 1071 2036 minuuntur,
1094 1956 1197 2044 possit

130 2062 334 2127 ususfructus
351 2059 448 2148 legari
459 2090 483 2123 s.
504 2061 545 2123 In
562 2058 677 2123 eodem
696 2060 896 2146 Topicorum
912 2061 1013 2141 libro,
1031 2077 1064 2123 et
1084 2062 1118 2124 in
1135 2061 1197 2125 bac

129 2167 275 2231 oratione
287 2165 328 2230 de
337 2165 481 2230 Mancini
493 2186 588 2230 causa
599 2187 672 2251 quae
684 2162 779 2245 dicit,
789 2166 828 2229 iis
837 2187 970 2254 possum
980 2167 1195 2230 maximorum

126 2273 434 2354 jurisconsultorum
450 2270 624 2335 sententias
638 2292 814 2359 opponere.
829 2268 899 2334 Sed
908 2270 988 2357 quid
1004 2271 1099 2335 etiam
1113 2295 1198 2360 opus

129 2377 302 2466 exemplis,
319 2386 421 2465 quum
438 2376 493 2442 bic
509 2376 590 2441 liber
601 2397 687 2441 unus
702 2376 902 2465 Topicorum
918 2392 985 2442 tam
997 2379 1099 2442 multa
1118 2401 1198 2467 sup·

130 2481 274 2570 peditct?
295 2480 480 2546 Ferendum
496 2481 643 2570 profecto
667 2504 733 2545 non
765 2482 807 2545 sit
825 2483 1035 2566 Ciceronem,
1056 2485 1112 2572 qui
1130 2500 1197 2547 tam

132 2590 231 2653 multa
249 2587 291 2652 de
309 2588 381 2667 jure
398 2578 567 2668 disseruit,
584 2586 711 2676 dejure
728 2584 848 2652 librum
868 2590 1040 2678 separatim
1056 2591 1198 2680 scripsit,

131 2693 173 2758 de
192 2695 265 2774 jure
286 2690 483 2779 respondere
500 2690 536 2754 in
557 2692 667 2755 animo
686 2692 802 2757 habult
819 2694 907 2781 apud
924 2688 1128 2778 Trebatium,
1144 2695 1199 2759 cui

131 2798 253 2884 Topica
268 2797 444 2879 scribebat,
457 2797 723 2876 jru'isconsultum
740 2799 791 2863 vel
809 2799 958 2863 omnium
975 2799 1199 2864 doctissimum

90 2941 93 2946 -
132 2902 166 2965 in
185 2918 249 2966 tam
266 2902 376 2967 multis
388 2919 453 2968 tam
466 2903 606 2993 turpiter
620 2904 760 2968 voluisse
776 2904 906 2967 mentiri
919 2926 926 2968 :
941 2905 1134 2992 quin-etiam
1146 2906 1201 2986 jus

133 3026 183 3074 est
198 2999 362 3097 quoddam
379 3009 523 3091 varium,
539 3024 578 3073 ut
596 3009 680 3073 infra
696 3010 913 3098 appellaturus
931 3027 998 3092 est,
1016 3027 1055 3075 ut
1073 3024 1200 3075 contro·

134 3136 254 3179 versum
271 3113 305 3177 in
323 3115 467 3178 oratione
484 3135 547 3201 pro
561 3113 717 3194 Muraena,
732 3129 770 3176 ut
784 3135 897 3202 anceps
909 3114 1079 3202 appellarit
1095 3117 1200 3180 Hora·

134 3220 209 3284 tius.
226 3221 298 3283 Una
310 3219 361 3283 lex
378 3238 435 3305 29,
460 3217 502 3283 de
517 3219 628 3307 legatis
645 3234 678 3282 et
693 3217 966 3302 fideicommissis,
980 3221 1036 3286 lib.
1054 3222 1202 3303 XXXII,

135 3347 232 3413 quam
247 3323 346 3388 multa
366 3325 435 3404 ejus
449 3324 531 3404 juris
549 3325 694 3412 exempla
705 3325 871 3391 eontinet?
887 3327 1102 3404 «Cascellius,
1118 3328 1201 3393 Tre·

135 3430 240 3494 batius
264 3445 384 3518 negent
407 3430 437 3494 ei
455 3427 583 3511 deberi,
606 3429 715 3493 labeo
735 3429 770 3494 id
791 3453 858 3495 non
882 3432 999 3521 probat
1017 3454 1025 3497 :
1043 3434 1202 3499 Labeonis

134 3535 292 3598 sententia
312 3555 387 3598 rera
407 3548 489 3601 est».
508 3531 659 3599 Deinde:
682 3564 695 3591 ι
708 3535 750 3618 Q.
774 3536 901 3601 Mutius
924 3553 957 3600 et
978 3538 1089 3602 Gallus
1106 3556 1201 3627 puta-

135 3641 214 3705 bant
240 3640 412 3705 maximam
428 3657 554 3730 partein
571 3642 707 3731 legatam
728 3664 814 3725 esse,
835 3644 984 3725 Servius,
1002 3643 1119 3709 Ofilius
1139 3646 1200 3709 mi·

135 3749 266 3812 nimam.
289 3748 395 3812 Labeo
417 3748 481 3812 hoc
498 3749 632 3838 probat,
650 3748 749 3837 idque
767 3773 879 3815 verum
904 3767 953 3814 est
964 3783 986 3815 a.
1006 3753 1087 3815 Item
1112 3773 1151 3816 :a
1163 3751 1201 3816 Id

136 3855 275 3941 legatum
289 3870 382 3943 putat
397 3854 522 3936 Labeo,
543 3877 603 3945 ego
622 3877 690 3918 non
704 3870 784 3945 puto
796 3880 827 3937 »3
842 3872 874 3920 et
889 3856 925 3920 in
940 3856 1003 3920 illis
1022 3887 1035 3913 a
1049 3872 1200 3922 neutrum

135 3958 273 4023 liberum
296 3961 443 4025 futurum
465 3974 557 4047 putat
579 3960 702 4041 Labeo,
728 3959 784 4024 sed
807 3962 940 4025 Tubero
955 3992 991 4043 w,
1011 3977 1044 4025 et
1061 3985 1132 4049 quae
1154 3986 1203 4029 se·

135 4079 292 4150 quumur.
317 4065 486 4130 Postremo
510 4088 587 4128 saue
609 4062 803 4146 ridendum,
825 4067 853 4129 si
875 4068 1033 4155 scriptum
1055 4083 1088 4130 et
1104 4069 1202 4133 verba

138 4183 336 4256 spectantur,
349 4193 368 4234 a
384 4171 503 4258 quibus
520 4170 607 4237 dicet
621 4171 655 4234 in
670 4169 730 4235 hac
745 4172 813 4261 ipsa
829 4173 975 4239 oratioue
988 4194 1136 4239 summus
1148 4174 1203 4254 ju·
