3186 4772
386 416 680 490 INVERREM
704 423 812 491 ACT.
837 423 890 507 ll,
916 424 1006 492 LIB.
1033 427 1096 493 IV.
1197 447 1262 521 291

212 563 320 638 quam
339 540 529 611 Marcellus
548 565 623 611 non
641 543 774 638 attigit,
791 565 901 638 quam
918 542 1062 638 plenam
1081 559 1189 642 atque
1206 571 1268 618 or·

213 666 330 722 natum
344 649 489 747 reliquit
504 676 512 719 τ
533 675 614 746 quea
628 650 673 722 ab
688 653 757 722 isto
775 654 825 722 sic
841 651 990 748 spoliata
1007 667 1115 749 atque
1129 653 1270 754 direpta

211 775 283 848 est,
305 784 377 830 non
400 776 442 831 ut
458 760 504 831 ab
522 759 627 832 hoste
647 760 790 858 aliquo,
811 764 877 857 qni
895 775 1015 832 tamen
1035 765 1074 832 in
1094 761 1191 834 bello
1211 790 1270 836 re·

212 871 407 966 ligionum¹
435 885 473 942 et
494 869 765 942 consuetudinis
786 869 868 965 jura
890 873 1079 957 retineret,
1104 871 1168 943 sed
1188 888 1271 945 uta

210 978 367 1052 barbaris
386 980 615 1077 praedonibus
631 996 757 1052 vexata
772 1005 848 1052 esse
862 980 1036 1051 videatur.
1057 986 1180 1079 Pugna
1195 997 1272 1054 erat

209 1092 383 1186 equestris
404 1091 589 1188 Agathocli
606 1093 722 1189 regis²
748 1094 786 1162 in
814 1090 944 1163 tabulis
967 1093 1063 1188 picta
1084 1092 1268 1188 praeclare:

208 1200 263 1270 his
292 1215 412 1272 autem
444 1201 575 1273 tabulis
602 1203 792 1274 interiores
819 1201 944 1298 templi
969 1204 1123 1297 parietes
1145 1208 1272 1274 vestie·

207 1307 350 1381 bantur.
369 1310 466 1381 Nihil
481 1325 559 1385 crat
575 1335 617 1382 ea
635 1314 772 1408 pictura
785 1309 958 1398 nobilius3
976 1310 1065 1381 nihil
1078 1312 1270 1406 Syracusis,

207 1418 308 1515 qnod
323 1420 434 1514 magis
446 1419 635 1490 visendum
652 1434 849 1516 putaretur.
869 1426 940 1491 llas
957 1419 1097 1491 tabulas
1114 1424 1163 1490 M.
1179 1425 1270 1491 Mar·

208 1528 338 1613 cellus,
351 1552 463 1624 quum
479 1534 599 1598 omnia
612 1527 671 1598 illa
685 1529 832 1599 victoria
845 1552 907 1598 sua
923 1526 1095 1625 profana³
1111 1527 1270 1618 fecisset,

208 1650 330 1709 tamen
356 1637 531 1734 religione
558 1637 750 1735 impeditus
777 1663 853 1709 uon
881 1640 1018 1734 attigit:
1043 1641 1131 1726 iste,
1157 1665 1272 1736 quum

206 1748 266 1819 illa
292 1748 390 1844 jam,
421 1763 573 1845 propter
598 1748 806 1819 diuturnam
836 1771 962 1846 pacem
991 1747 1273 1847 fidelitatemque

207 1859 335 1955 populi
371 1860 605 1952 Syracusani,
641 1882 741 1929 sacra
769 1856 1006 1954 religiosaque
1039 1857 1272 1955 accepisset,

122 1996 126 2001 ·
206 1992 332 2039 omnes
348 1992 407 2039 eas
422 1967 561 2038 tabulas
579 1967 745 2051 abstulit;
759 1970 930 2064 parietes,
945 1991 1105 2064 quorum
1119 1984 1271 2039 ornatus

204 2090 259 2147 tot
274 2076 392 2147 secula
405 2073 612 2165 manserat⁵,
629 2091 681 2148 tot
695 2074 790 2148 helia
804 2074 997 2171 effugerat,
1011 2074 1130 2147 nudos
1146 2099 1187 2147 ac
1205 2075 1269 2148 de·

204 2182 376 2255 formatos
394 2185 554 2280 reliquit.

251 2300 296 2365 Et
313 2295 524 2380 Marcellus,
546 2298 627 2392 qui,
646 2297 676 2366 si
694 2299 883 2391 Syracusas
899 2296 1069 2389 cepisset,
1087 2291 1162 2365 duo
1176 2293 1269 2365 tem'-

204 2403 264 2501 pla
291 2428 329 2475 se
356 2408 480 2475 Romae
512 2404 764 2476 dedicaturum
787 2417 954 2491 voverat,
980 2400 1041 2488 id,
1068 2400 1265 2498 quoderat

205 2512 458 2598 aedificaturus,
475 2514 531 2585 his
547 2513 657 2585 rebus
672 2538 816 2599 ornare,
833 2536 924 2609 quas
939 2524 1102 2609 ceperat,
1120 2511 1262 2599 noluit;

203 2626 352 2711 Verres,
373 2626 529 2721 quinon
552 2624 712 2711 Honori,
735 2647 853 2718 neque
875 2622 1029 2708 Virtuti,
1049 2637 1089 2692 ut
1107 2622 1183 2709 ille,
1201 2621 1264 2694 sed

204 2734 336 2803 Veneri
362 2733 590 2830 etCupidini
617 2747 701 2804 vota
725 2731 892 2820 deberet,
912 2734 943 2801 is
960 2727 1152 2801 Minervae⁶
1172 2746 1263 2802 tem·
1287 2720 1290 2725 ’

204 2839 305 2936 plum
333 2842 484 2938 spoliare
510 2858 660 2915 conatus
681 2858 745 2915 est.
769 2843 834 2914 Ille
855 2841 942 2912 deos
967 2839 1120 2910 deorum
1140 2840 1264 2937 spoliis

203 2973 332 3019 ornare
362 2951 497 3039 noluit3
528 2951 587 3024 hic
613 2967 825 3024 ornamenta
854 2953 1023 3021 Minervae
1050 2952 1198 3045 virginis
1222 2952 1261 3021 in

202 3059 441 3130 meretriciam
456 3060 605 3133 domum
619 3060 808 3134 transtulit.
825 3061 962 3157 Viginti
974 3073 1010 3130 et
1024 3074 1162 3158 septem
1175 3084 1262 3158 prae·

236 3247 289 3294 LV.
305 3262 327 3295 1.
340 3244 497 3311 Religionum.
510 3249 572 3309 Qnoe
579 3249 652 3296 sacris
661 3250 709 3297 usi·
788 3256 814 3305 t.
842 3247 986 3312 Accepisset.
1008 3249 1159 3312 Reperisset,
1183 3266 1259 3313 worn

200 3326 248 3374 bns
265 3337 322 3373 sunt
340 3325 434 3383 dicata,
454 3327 474 3373 sl
497 3341 547 3374 nou
569 3338 676 3386 nocent,
695 3343 708 3375 a
751 3328 819 3375 venit
828 3326 934 3376 Siciliam
946 3326 1163 3381 administraturus.

200 3404 334 3453 victoribus
351 3414 452 3469 propter
473 3404 610 3453 divinarum
629 3422 709 3454 rerum
788 3405 812 3452 5.
833 3406 879 3452 Tot
888 3404 971 3452 secula
981 3416 1125 3466 manserat,
1143 3415 1181 3453 tot
1192 3406 1256 3454 bella

200 3484 456 3532 nvmomnervart
464 3485 552 3533 solent.
573 3516 578 3525 .
751 3484 880 3549 effugerat.
895 3485 955 3546 Reg.
968 3494 1109 3530 manseram
1124 3494 1150 3530 et
1162 3482 1258 3549 effuga-

235 3578 259 3611 a.
278 3561 414 3627 Agathocli
431 3563 502 3627 regis.
523 3564 560 3611 De
580 3579 631 3627 qno
650 3563 707 3610 ride
750 3574 817 3610 mat.
832 3562 899 3609 Idem
913 3561 994 3626 paullo
1006 3562 1257 3611 inferius-biarchus

200 3642 325 3691 sueinum
336 3641 380 3690 lilt.
395 3643 472 3690 xxn
482 3653 508 3690 et
519 3643 618 3691 xxm.
634 3642 707 3690 Multi
751 3641 831 3688 ornari
842 3639 948 3687 noluit».

199 3720 271 3779 male,
282 3720 509 3785 Aputloclisregir.
785 3720 813 3767 6.
834 3720 860 3764 la
878 3716 1002 3767 atim.
1021 3721 1112 3765 Forsan
1130 3715 1260 3779 legmdnn

237 3800 261 3846 3.
270 3797 492 3862 Prosanasect'sset.
501 3800 535 3847 Η.
544 3799 708 3860 elmuino·
751 3796 802 3851 ltisa
817 3812 900 3843 unna
911 3808 989 3855 urst,
1001 3811 1053 3844 non
1066 3794 1198 3851 dubitavit,
1211 3811 1259 3859 pro

200 3876 242 3925 riae
253 3877 346 3925 auferre
355 3892 435 3926 mum
447 3889 471 3925 et
481 3887 603 3942 asportare
613 3890 707 3942 posset,
750 3877 796 3933 iia,
812 3875 838 3922 h.
856 3891 877 3922 a.
895 3885 924 3922 nt
940 3890 969 3923 aa
984 3885 1125 3935 exornaret,
1141 3875 1258 3937 templum

200 3965 321 4018 tamquam
331 3958 420 4020 quin
427 3956 487 4005 nabe
495 3966 566 4020 capta
577 3968 670 4016 aaut,
682 3966 707 4005 at
751 3955 869 4002 Minerva
886 3952 1000 4017 spoliare.
1020 3952 1083 4001 Nam
1103 3951 1222 4001 redundat
1239 3955 1260 4002 is

200 4032 628 4101 ideoproproianiaetjfflpollatis
636 4035 708 4084 rebus
751 4033 787 4080 sio
800 4032 920 4096 scriptun
937 4030 980 4079 aad
997 4048 1073 4096 quum
1090 4048 1173 4083 omnes
1195 4035 1258 4083 MSS

198 4122 298 4174 possent
312 4112 405 4162 haberi.
752 4113 786 4159 aie
799 4110 929 4172 habemur,
945 4112 1006 4160 nihil
1019 4112 1207 4163 immutavimus.

1088 4221 1141 4291 19.
