3176 4770
384 416 439 485 IN
462 413 680 484 VERREM
704 414 812 485 ACT.
836 415 892 500 11,
916 414 1010 484 LIB.
1034 416 1104 485 111.
1208 414 1273 488 153

217 532 320 607 nullo
332 533 442 609 modo
459 549 632 634 possunt:
648 550 692 606 ut
708 538 830 607 omnia
842 544 873 594 ¹⁹
888 537 1128 623 remittantur,
1145 551 1189 609 ut
1202 563 1278 609 om·

217 645 327 717 nibus
347 647 487 742 injuriis
503 660 539 717 et
558 644 837 732 calamitatibus,
858 659 999 742 queste
1016 661 1169 744 praetore
1187 648 1277 720 tule-

217 771 324 843 runt,
340 759 378 827 in
399 769 582 854 posterum
604 753 821 840 liberentur3
840 757 946 826 istam
966 780 1004 827 se
1023 755 1146 827 cellam
1167 771 1276 855 atque

217 867 321 937 istam
343 867 614 937 aestimationem
631 879 764 961 negant
783 864 859 935 ullo
878 863 1032 935 modo²⁰
1049 862 1143 936 ferre
1160 890 1277 962 posse.

271 978 493 1046 LXXXVIII.
523 972 639 1045 Multa
671 973 867 1071 Sophocles
899 975 1151 1072 Agrigentinus
1182 974 1279 1073 apud

217 1087 281 1156 Cn.
301 1088 514 1181 Pompeium
529 1082 715 1154 consulem
733 1107 863 1182 nuper,
881 1082 994 1155 bomo
1008 1081 1278 1172 disertissimus,

217 1207 255 1264 et
271 1196 371 1264 omni
392 1193 555 1265 doctrina
576 1208 611 1264 et
631 1196 765 1264 virtute
781 1194 1045 1281 ornatissimus,
1062 1217 1130 1291 pro
1142 1195 1279 1265 totaSi-

217 1303 297 1374 cilia
315 1303 361 1375 de
378 1317 560 1374 aratorum
579 1304 730 1374 miseriis
747 1305 902 1400 graviter
921 1327 963 1373 ac
984 1303 1131 1400 copiose
1148 1300 1279 1374 dixisse

217 1436 261 1483 ac
281 1412 485 1511 deplorasse
507 1410 649 1483 dicitur.
676 1415 729 1482 Ex
754 1411 888 1509 quibus
907 1410 998 1500 hoc,
1024 1412 1085 1497 iis,
1108 1412 1173 1506 qui
1194 1410 1280 1482 ade·

217 1535 301 1592 rant
321 1524 432 1618 (nam
450 1544 582 1617 magno
599 1535 783 1592 conventu
799 1536 877 1593 acta
892 1545 950 1592 res
967 1518 1059 1614 est),
1078 1519 1281 1617 indignissi-

219 1654 320 1701 mum
332 1628 540 1702 videbatur:
555 1631 673 1725 quain
683 1653 723 1701 re
734 1644 879 1701 senatus
891 1632 1028 1727 optime
1041 1653 1083 1699 ac
1095 1628 1280 1726 benignis·

218 1739 308 1810 sime
321 1762 405 1810 curn
419 1737 620 1811 aratoribus
636 1741 780 1836 egisset,
798 1738 893 1836 large
909 1737 1176 1836 liberaliterque
1190 1741 1282 1811 aesti·

219 1859 385 1935 masset¹,
412 1850 450 1918 in
479 1872 522 1920 ea
547 1874 586 1920 re
613 1848 762 1947 predari
791 1862 1000 1947 pretorem,
1030 1846 1138 1919 bouis
1168 1849 1281 1920 everti

218 1971 393 2046 aratorem
418 1971 456 2029 et
477 1958 515 2029 id
540 1983 615 2030 nou
636 1957 747 2030 modo
772 1956 872 2047 fieri,
895 1959 1032 2031 sedita
1056 1954 1154 2045 fieri,
1175 1959 1280 2057 quasi
1304 2012 1308 2017 .

217 2066 341 2157 liceat,
362 2092 646 2166 concessumque
663 2070 720 2139 sit.

265 2177 362 2270 Quid
377 2177 423 2250 ad
437 2179 513 2250 haec
530 2177 765 2251 Hortensius?
781 2176 923 2250 Falsum
936 2203 1014 2250 esse
1028 2179 1188 2249 crimen?
1203 2182 1281 2249 Hoc

219 2310 420 2385 numquam
442 2287 548 2361 dicet.
567 2292 651 2362 Non
665 2312 830 2385 magnam
849 2286 918 2359 hae
932 2291 1072 2358 ratione
1090 2287 1280 2386 pecuniam

220 2398 385 2497 captam?
410 2403 464 2472 Ne
483 2397 519 2470 id
541 2398 691 2495 quidem
711 2397 841 2470 dicet².
860 2401 943 2470 Non
961 2397 1130 2492 injuriam
1151 2396 1281 2470 factam

219 2507 346 2579 Siculis
367 2522 477 2605 atque
503 2507 724 2580 aratoribus?
746 2511 819 2600 Qui
849 2509 985 2605 poterit
1011 2506 1156 2579 dicere?
1182 2502 1282 2599 Quid

220 2617 329 2713 igitur
351 2617 468 2690 dicet?
486 2619 624 2690 Fecisse
641 2619 739 2690 alios.
761 2618 857 2709 Quid
880 2634 934 2691 est
951 2619 1046 2690 hoc?
1066 2632 1190 2689 utrum
1208 2619 1281 2689 cri-

220 2727 310 2797 mini
328 2725 505 2815 defensio,
524 2753 570 2799 au
588 2723 800 2800 comitatus³
822 2728 947 2799 exsilio
963 2727 1156 2823 quaerimrl
1170 2730 1224 2796 Tu
1241 2726 1281 2796 in

221 2833 290 2905 hac
305 2836 487 2933 republica
498 2840 526 2926 ⁴,
543 2836 676 2936 atque⁵
695 2841 734 2909 iu
749 2837 819 2909 hac
831 2837 1021 2909 homiuum
1038 2834 1188 2907 libidine
1197 2832 1226 2922 ⁶,
1245 2849 1283 2906 et

157 2980 159 2987 v
221 2945 289 3040 (ut
303 2943 421 3016 adbuc
438 2945 565 3019 habuit
579 2973 617 3020 se
634 2962 747 3021 status
762 2947 981 3043 judiciorum
992 2946 1030 3034 ⁷)
1049 2947 1156 3018 etiam
1171 2945 1282 3017 licen·

260 3208 300 3255 ¹9·
317 3194 349 3239 Ut
364 3192 456 3242 omnia.
474 3194 573 3243 Etiamsi
584 3197 664 3243 omnia
682 3195 729 3244 slis
807 3197 832 3245 3.
847 3196 888 3244 Ass
901 3194 1037 3244 comitates.
1047 3196 1107 3243 Hseo
1119 3196 1185 3242 enim
1198 3193 1282 3243 deien-
1306 3210 1309 3219 ·

221 3287 278 3338 qnos
293 3270 386 3336 populo
404 3288 506 3321 romano
519 3272 613 3323 solvere
626 3273 728 3335 debent,
772 3274 810 3322 sio
823 3290 874 3323 non
894 3275 1029 3339 assequitur
1046 3284 1074 3322 ut
1087 3275 1188 3321 Verrem
1202 3274 1282 3322 absol-

221 3352 257 3399 eis
269 3352 431 3401 remittantur.
772 3365 831 3403 rant
840 3354 954 3416 jndices,
976 3354 1018 3403 sed
1038 3370 1069 3400 us
1091 3353 1170 3401 solum
1192 3352 1283 3401 coude-

258 3446 303 3481 πο.
316 3431 359 3480 ΑΙ.
371 3442 463 3495 negant
480 3448 506 3480 se
525 3448 549 3480 ss.
571 3449 603 3482 ns.
625 3435 683 3483 Em.
696 3448 730 3482 so
773 3444 870 3491 sanent,
901 3445 926 3483 et
951 3444 979 3482 nt
1005 3433 1084 3481 exsilii
1113 3435 1150 3481 sui
1181 3433 1283 3481 comites

221 3521 313 3577 qnutns
322 3522 360 3558 est
372 3512 517 3559 Munatium.
531 3514 556 3561 J.
573 3515 606 3560 V.
621 3515 649 3563 1..
773 3512 870 3563 habeat.
1018 3514 1025 3520 '

256 3591 731 3660 Lxxxvu1.1.targettserattcerqus
813 3589 1285 3658 t.1nlsaeseprsblica.lnqusllsgnnt

222 3668 459 3731 oestimmset.Qunm
470 3672 592 3719 sestertios
600 3684 732 3735 quaternos
774 3671 928 3735 cupiditates.

222 3746 249 3794 in
262 3746 359 3794 modios
375 3748 484 3811 singulos
497 3751 595 3813 praetori
607 3752 730 3800 decrevis-
811 3749 836 3796 5.
849 3749 913 3811 stit,
925 3765 967 3797 ass.
982 3749 1055 3798 Male.
1065 3748 1090 3796 J.
1102 3748 1135 3793 V.
1149 3747 1178 3792 L.

222 3836 271 3883 set3
288 3826 398 3889 quamvis
410 3827 436 3873 lu
448 3827 529 3876 Sicilia
541 3830 655 3877 sestertiis
666 3830 731 3879 binis
809 3827 834 3874 6.
846 3829 877 3873 In
890 3826 939 3875 luae
948 3826 1073 3875 hominnm
1084 3823 1191 3872 libidine.
1205 3825 1285 3887 Quam

223 3902 299 3953 tritici
312 3908 409 3954 modius
421 3918 496 3967 esset,
516 3920 685 3959 sussurannm
694 3926 731 3959 se·
774 3922 847 3972 poena
859 3906 953 3967 minui,
973 3920 1025 3952 non
1042 3903 1124 3967 sugeri
1142 3903 1285 3967 impunitate

225 3985 312 4035 stertiis
325 3986 409 4035 tes-nis.
423 3987 483 4051 Cap.
497 3989 540 4036 81.
774 3998 883 4053 oportet.

194 4040 205 4067 ⁸
259 4078 284 4111 e.
296 4065 336 4112 Sic
344 4064 442 4116 lellem.
453 4065 527 4116 llscl.
542 4067 582 4117 ΑΙ.
595 4078 651 4132 post
658 4071 731 4121 Grnt.
812 4085 836 4131 7.
849 4066 1077 4130 Indiciorms.Qnoe
1083 4081 1135 4115 nou
1142 4080 1205 4128 esan,
1213 4080 1286 4130 quam

226 4140 292 4192 dicit.
305 4145 329 4192 J.
344 4145 375 4192 V.
387 4148 414 4194 1..
775 4149 893 4210 decebat,
911 4149 1063 4199 severitatem
1074 4148 1234 4198 retinuerunt.
