3176 4770
380 450 803 523 1uvsu1usuucr.
831 452 1007 539 11,1.1B.
1033 453 1107 521 111.
1211 449 1274 546 137

213 571 307 645 duos
325 569 583 671 frugalissimos
599 570 765 644 homines
781 569 920 652 ¹scribas
936 570 1126 660 haberem,
1143 575 1183 644 1.
1196 574 1277 644 Μα-

214 681 355 755 milium
368 697 406 755 et
418 688 458 754 L.
478 683 664 781 Sergium3
681 707 757 755 nou
774 680 886 753 modo
901 684 985 753 istas
999 679 1089 753 duas
1103 681 1280 778 quinqua·

215 797 386 891 gesimam,
406 791 469 865 sed
487 794 639 865 omnino
657 814 850 865 nummum
863 791 1007 864 nullum
1021 794 1190 889 cuiquam
1204 813 1297 863 esse*

215 902 423 976 deductum.

224 1060 228 1071 ·
264 1017 419 1085 Lxxlx.
438 1015 606 1084 Dicerem
619 1022 645 1100 ¹,
663 1011 735 1085 hoc
751 1011 840 1083 mihi
854 1026 974 1084 totum
987 1033 1066 1082 esse
1083 1005 1284 1081 attribuen-

215 1120 497 1218 dum,·judices,
516 1126 546 1193 si
563 1121 616 1192 illi
635 1145 808 1220 umquam
827 1146 848 1193 a
866 1145 925 1193 me
942 1121 1013 1192 hoc
1026 1116 1285 1220 postulassent,

215 1235 246 1304 si
271 1257 445 1331 umquam
477 1233 630 1305 omnino
659 1237 886 1332 cogitassent.
916 1228 1165 1323 Quamobrem
1186 1230 1282 1300 enim

215 1342 335 1415 scriba
354 1342 530 1432 deducat,
551 1367 592 1414 ac
614 1367 691 1414 uon
712 1348 835 1443 potius
853 1341 984 1429 mulio,
1004 1341 1068 1439 qui
1088 1336 1284 1410 advexit2i'

215 1450 445 1540 tabellarius,
460 1450 563 1547 cujus
577 1451 733 1529 adventu
746 1453 918 1527 certiores
930 1449 1014 1522 sacti
1029 1444 1286 1549 [petiveruntp

218 1556 355 1660 praeco,
368 1564 431 1658 qui
442 1559 540 1632 adire
549 1563 816 1658 jussithiator,
825 1586 867 1632 ac
877 1560 1147 1657 Venerius,qui
1156 1558 1283 1629 liscum

168 1664 178 1689 ¹
216 1671 385 1743 sustulit?
401 1674 492 1763 Quae
508 1666 591 1769 pars
609 1696 728 1771 operae
741 1685 803 1743 aut
819 1669 1101 1769 opportunitatis
1116 1671 1154 1739 in
1168 1666 1286 1740 scriba

218 1794 291 1869 est,
306 1804 372 1852 cur
385 1783 417 1852 ei
433 1805 510 1852 non
523 1782 635 1853 modo
648 1804 786 1853 merces
799 1794 898 1852 tanta
911 1779 1031 1867 detur,
1044 1777 1107 1851 sed
1121 1803 1187 1850 cur
1202 1801 1287 1849 cum

218 1913 263 1962 eo
282 1902 391 1961 tantae
407 1895 572 1988 pecuniae
590 1892 737 1990 partitio
760 1889 850 1962 fiat?
877 1886 1001 1987 Qrdo³
1024 1903 1079 1961 est
1097 1887 1283 1960 honestus.

218 2002 309 2091 Quis
327 2000 460 2098 negat?
481 2016 544 2079 aut
565 1999 655 2098 quid
673 2025 715 2072 ea
734 2025 793 2071 res
816 1998 862 2071 ad
886 1990 981 2071 hauc
1005 2022 1083 2070 rem
1104 1995 1285 2095 pertinet?

215 2113 279 2180 Est
303 2133 391 2180 vero
417 2109 612 2197 honestus,
634 2108 736 2208 quod
757 2132 883 2181 eorum
906 2109 1100 2180 bominum
1125 2102 1212 2175 fidei
1237 2118 1287 2174 ta·

215 2218 311 2291 bulae
324 2217 478 2317 publicae
495 2218 751 2319 periculaque⁴
768 2219 1041 2316 magistratuum
1056 2214 1287 2286 committun-

216 2343 289 2401 tur.
305 2334 434 2427 Itaque
452 2353 496 2401 cx
514 2329 570 2402 his
587 2329 733 2419 scribis,
752 2330 817 2426 qui
835 2328 934 2426 digni
952 2339 1038 2399 sunt
1055 2323 1120 2396 illo
1138 2324 1284 2409 ordine,

218 2437 553 2538 patribusfamilias,
574 2443 660 2512 viris
676 2438 784 2512 bonis
803 2452 912 2537 atque
934 2436 1112 2521 honestis,
1128 2458 1286 2532 percon-

218 2551 368 2638 tamini,
402 2550 491 2648 quid
519 2550 587 2623 sibi
616 2553 691 2623 istae
717 2549 1023 2648 quinquagesimas
1052 2545 1175 2618 velint.
1208 2550 1285 2616 lam

219 2683 346 2732 omnes
364 2659 588 2758 intelligetiS,
607 2682 737 2734 novum
755 2684 830 2732 rem
849 2673 961 2731 totam
975 2672 1083 2754 atque
1100 2655 1287 2752 indignam

219 2768 342 2839 videri.
365 2767 420 2840 Ad
438 2795 500 2842 eos
517 2795 575 2842 me
592 2770 726 2842 scribas
742 2781 889 2857 revoca,
906 2772 941 2881 si
964 2767 1103 2866 placet:
1124 2764 1201 2835 noli
1217 2764 1286 2836 hos
1350 2770 1354 2783 ¹

256 2918 374 2968 Lunx.
388 2920 539 2972 nutemus.
549 2923 591 2971 lde
603 2940 680 2972 unum
690 2923 730 2972 de·
810 2923 835 2969 3.
845 2919 912 2968 onio
925 2929 962 2968 est
972 2919 1095 2968 honestus.
1109 2919 1147 2964 De
1159 2916 1232 2979 buius
1247 2933 1287 2965 or·

195 3024 206 3045 ο
220 2995 273 3045 lieti
285 3012 372 3045 eorum
381 2998 492 3047 obsidem
504 3003 622 3050 futurum.
775 3001 840 3049 dinis
856 3000 997 3059 honestate,
1017 2999 1046 3046 iu
1059 3013 1132 3061 quem
1148 2997 1228 3045 cuivis
1241 3012 1286 3061 per

256 3090 282 3127 β.
296 3074 348 3123 Alit
358 3075 449 3123 babent
466 3077 611 3138 anamn-
630 3079 674 3128 elii
688 3080 731 3128 ad·
774 3076 904 3145 pemniem
916 3072 1042 3143 pervenire
1051 3076 1152 3135 licebat,
1163 3076 1238 3123 multa
1249 3075 1289 3124 ela·

221 3154 329 3203 nemu.
347 3153 443 3202 Deinde
461 3158 606 3222 rescriptum
625 3158 695 3207 adire
717 3175 730 3206 e
774 3158 812 3207 bit
820 3159 952 3208 Bmeet.in
963 3157 1097 3221 ludic.qui
1108 3155 1193 3220 plures
1202 3155 1288 3203 reeltat

220 3233 279 3283 cod.
302 3232 441 3282 Nannieno.
458 3238 517 3282 Fere
538 3250 622 3283 omnes
643 3236 731 3293 ceteri,
775 3251 893 3289 auctores.

220 3312 296 3361 abire.
315 3314 417 3361 llotom.
439 3312 537 3362 dederet
550 3314 648 3373 adesse,
665 3314 732 3378 quod
811 3328 837 3376 4.
850 3317 971 3367 Pericula.
985 3318 1040 3364 Hoc
1053 3317 1111 3366 loco
1123 3328 1182 3371 suut
1194 3313 1289 3379 libelli,

220 3391 320 3456 quidem
345 3403 496 3457 receperunt.
513 3395 540 3442 J.
554 3395 586 3442 V.
601 3394 733 3441 1..-Ad-
776 3413 820 3446 seu
833 3396 1040 3460 tabellae,quibue
1052 3396 1288 3462 aliquidcousigna·

222 3471 295 3523 mie.
304 3473 634 3522 Pecuniam-Petiverunt.
644 3474 732 3522 Censet
776 3476 1019 3541 tur.ldagietratuum
1030 3476 1245 3524 administrationis
1253 3486 1290 3523 te·

97 3554 113 3565 '¹
223 3549 334 3598 Gmriue
345 3567 431 3599 vocem
444 3551 520 3607 bane,
538 3563 567 3602 ut
587 3553 731 3618 irreptitism
776 3555 846 3621 bulas
868 3556 955 3603 scribe
966 3554 1095 3618 diligenter
1107 3552 1288 3611 conficiebant,

220 3629 349 3678 delendam
358 3647 418 3679 esee.
427 3658 464 3669 -
474 3632 522 3694 Qui
531 3632 608 3681 adire.
622 3634 672 3696 Qui
680 3650 731 3693 eos,
776 3649 807 3681 ex
819 3633 910 3696 qulbus
921 3645 1005 3698 postea
1019 3634 1083 3681 ratio
1096 3633 1166 3681 istius
1185 3631 1291 3679 admini-

221 3724 298 3773 quum
315 3707 347 3756 ed
367 3720 494 3773 praetorem
508 3723 640 3771 venerunt,
653 3715 733 3761 nomi·
776 3713 900 3760 metionis
917 3712 1012 3760 senatui
1027 3712 1097 3760 reddi
1116 3720 1212 3775 possen
1232 3708 1290 3757 ldeo

222 3787 297 3835 naum
310 3787 416 3835 vocavit.
430 3814 464 3825 -
474 3789 521 3852 Qui
528 3790 618 3855 fiscum
629 3792 732 3840 sustulit.
777 3792 807 3839 iie
820 3791 909 3855 quihus
922 3791 970 3838 illse
982 3790 1073 3839 tabule
1085 3788 1292 3847 committuntur,

222 3867 273 3929 Qui
284 3881 368 3915 saccos
379 3867 466 3931 plenos
474 3871 600 3933 pecunie,
614 3886 669 3934 quae
686 3887 734 3918 nu·
778 3868 1083 3935 magistratuumperr'cula
1093 3866 1294 3931 committieptis

221 3946 336 3995 meranda
348 3957 399 3994 erat
411 3947 559 4005 aratoribus,
577 3950 693 3998 mstlnoit
709 3959 736 3997 et
774 3951 838 3998 'sime
848 3948 976 4008 dicuutur,
988 3947 1016 3997 id
1029 3958 1083 4006 est,
1098 3945 1187 3995 tebulse
1199 3963 1230 3996 ex
1239 3947 1293 4011 qui·

223 4023 313 4074 attulit
322 4052 357 4063 -
371 4025 454 4074 Fiscus
464 4038 502 4074 eat
514 4027 596 4075 eoebie
608 4039 735 4091 sparteus,
778 4030 826 4079 bue
837 4038 934 4077 senatus
945 4027 1080 4092 perieulum
1100 4043 1143 4076 seu
1157 4025 1292 4076 documen·

226 4101 263 4148 uel
276 4103 408 4166 vimineos,
427 4104 459 4152 ed
472 4105 571 4166 majoris
582 4122 683 4155 wmmre
694 4123 736 4171 pe·
780 4119 832 4157 tum
845 4109 925 4173 espiet
931 4119 1080 4169 rectene,eu
1089 4106 1293 4173 secusprosiucis

226 4181 310 4230 eunies
327 4182 488 4248 accipiendae.
782 4187 947 4237 administrata
965 4189 1047 4237 luerit.

548 4286 567 4325 δ
