3186 4772
83 3942 121 3989 ta

143 4034 176 4166 l

375 426 432 496 nt
456 427 672 495 vnnnsru
697 429 806 499 scr.
827 430 882 514 11,
906 430 998 498 Lm.
1022 434 1065 501 v.
1182 431 1246 516 sn

191 548 342 647 spiritu,
361 560 397 617 et
412 546 596 617 communi
618 546 698 617 luce
719 548 909 631 seclusum.
933 552 1015 621 Haec
1035 563 1153 640 ver09,
1171 576 1251 649 quae

191 655 249 727 vel
271 653 490 725 vita-redimi
504 668 601 726 recte
616 670 783 751 possunt,
815 659 987 729 aestimare
1006 663 1159 756 pecunia
1177 687 1251 732 non

192 789 300 861 queo.
318 770 400 836 Haec
413 765 534 834 omnia
553 787 634 835 sero
652 763 805 837 redemit
825 768 1053 864 Apollonius,
1069 769 1143 864 jam
1162 795 1253 841 moe-

193 899 276 947 rore
296 899 337 945 ac
360 875 511 944 miseriis
528 873 708 969 perditus;
732 874 795 946 sed
814 890 934 947 tamen
954 893 1091 949 ceteros
1110 876 1255 963 docuit,

193 998 277 1055 ante
297 985 398 1055 istius
427 984 579 1053 avaritiae
609 1007 651 1055 ac
681 984 805 1056 sceleri
835 1010 1035 1058 occurrere.
1065 988 1141 1058 Nisi
1169 1011 1255 1057 vero

194 1095 417 1179 existimatis,
449 1093 635 1164 hominem
666 1096 1001 1191 pecuniosissimum
1031 1100 1107 1166 sine
1137 1095 1256 1192 aliqua

194 1224 301 1273 causa
317 1216 473 1298 quaestus
486 1200 640 1273 electum
655 1202 699 1274 ad
716 1217 786 1274 tam
800 1203 1009 1276 incredibile
1023 1207 1178 1290 crimen,
1194 1220 1257 1276 ant

194 1314 270 1382 sine
286 1310 412 1382 eadem
431 1334 536 1381 causa
551 1327 702 1408 repente
717 1338 738 1383 e
756 1337 899 1386 carcere
911 1320 1171 1404 emissum,·aut
1186 1316 1257 1386 hoc

195 1419 378 1517 praedandi
396 1445 510 1516 genus
524 1418 569 1490 ab
583 1423 652 1492 isto
669 1422 707 1491 in
725 1420 787 1492 illo
804 1448 879 1494 uno
892 1423 1094 1495 adhibitum
1113 1450 1154 1496 ac
1179 1440 1255 1496 ten-

196 1542 330 1615 tatum,
348 1542 384 1600 et
397 1552 473 1599 non
487 1552 553 1625 per
569 1528 670 1600 illurn
686 1530 856 1602 omnibus
869 1534 1112 1628 pecuniosisfl?
1130 1534 1256 1606 Siculis

197 1653 334 1711 metum
356 1639 584 1735 propositum
607 1652 644 1710 et
664 1639 846 1734 injectum.

244 1755 287 1820 X.
306 1749 424 1845 Cupio
441 1747 550 1819 mihi¹
566 1747 739 1844 judices,
755 1748 801 1820 ab
824 1749 887 1821 illo
913 1751 1063 1846 subjici,
1084 1757 1256 1850 quoniam

198 1859 243 1930 de
271 1858 414 1928 militari
435 1858 512 1952 ejus
535 1856 647 1954 gloria
676 1855 774 1944 dico,
796 1861 826 1929 si
847 1859 935 1956 quid
957 1858 1049 1930 sorte
1071 1876 1256 1959 praetereo.

197 1970 289 2040 Nam
307 1966 396 2037 mihi
413 1965 537 2037 videor
554 1964 600 2036 de
618 1965 789 2038 omnibus
811 1968 885 2061 jam
915 1967 1025 2040 rebus
1050 1970 1129 2064 ejus
1150 1975 1258 2067 gestis

197 2078 344 2164 dixisse,
366 2100 445 2172 quae
461 2073 609 2172 quidem
626 2073 672 2145 ad
690 2074 775 2146 belli
788 2074 1020 2171 lugitivorum
1036 2080 1258 2174 pertinerent

197 2186 467 2284 suspicionem:
492 2198 590 2255 certe
614 2181 705 2253 nihil
729 2186 845 2254 sciens
867 2187 1087 2280 praetermisi.
1111 2185 1259 2258 Habetis

197 2294 354 2366 bominis
367 2292 529 2377 consilia,
547 2291 788 2389 diligentiam,
804 2291 1039 2390 vigilantiam,
1060 2293 1258 2366 custodiam

198 2404 522 2499 defensionemque
533 2403 736 2499 provinciae.
745 2406 914 2473 Suntma²
931 2401 1017 2473 illuc
1031 2405 1205 2499 pertinet,
1218 2419 1259 2475 ut

199 2516 335 2601 sciatis,
362 2513 534 2609 quoniam
555 2508 658 2607 plura
678 2535 808 2607 genera
826 2516 911 2581 s'unt
924 2514 1201 2609 imperatorum,
1215 2537 1261 2583 ex

200 2649 276 2721 quo
292 2646 423 2721 genere
439 2623 505 2691 iste
522 2620 578 2690 sit.
597 2623 651 2691 Ne
671 2618 806 2689 diutius
823 2621 861 2689 in
879 2633 976 2690 tanta
992 2623 1143 2718 penuria
1163 2622 1259 2691 viro-

200 2755 281 2800 rum
307 2729 455 2802 fortium
485 2727 592 2799 talem
618 2730 871 2825 imperatorem
899 2730 1063 2825 ignorare
1088 2731 1258 2826 possitis:

203 2863 279 2909 non
296 2838 340 2909 ad
354 2842 399 2928 Q.
415 2834 583 2908 Μευιὶιιιί3
602 2839 831 2936 sapientiam,
851 2861 971 2934 neque
985 2835 1030 2907 ad
1042 2836 1138 2910 illius
1155 2863 1261 2937 supe-

238 3047 265 3094 9.
280 3032 338 3080 lloec
351 3045 418 3078 uem.
436 3034 499 3079 Vem
508 3032 548 3080 hic
560 3048 612 3081 non
621 3044 658 3082 est
668 3032 710 3081 sd·
755 3025 825 3074 lensii
834 3023 975 3089 prolepsim,
984 3022 1181 3088 quodVermsit
1188 3025 1263 3074 bonus

203 3109 362 3167 veratium,
371 3108 415 3156 sed
427 3112 597 3170 asseverantis,
608 3121 634 3160 et
646 3111 711 3159 idem
755 3105 896 3169 imperator,
912 3103 1022 3154 funditus
1030 3104 1198 3166 evertendsrn,
1211 3120 1264 3156 mm

203 3201 282 3241 estse
294 3186 536 3254 sanepmfectovita
549 3187 712 3251 redimi.Quss
755 3185 788 3233 sd
810 3183 992 3232 exhilarandum
1018 3185 1156 3246 indicium,
1178 3185 1263 3234 festive

204 3280 253 3318 tssss
266 3270 348 3333 gretie
361 3278 434 3331 stqne
448 3266 534 3316 seerbs
547 3277 619 3324 sunt,
630 3276 659 3314 ut
674 3266 713 3314 vel
757 3262 871 3311 describit
883 3274 967 3312 cretos
977 3264 1047 3313 istius
1058 3265 1193 3321 luxuriem,
1202 3266 1265 3314 nol-

204 3350 277 3398 etissss
290 3347 352 3395 mori
365 3347 440 3394 setius
449 3346 494 3404 sit,
502 3361 574 3410 quem
584 3360 612 3392 es
619 3344 713 3409 petb-
756 3341 833 3390 tidem
846 3352 870 3389 et
879 3342 1003 3402 inertiam,
1012 3353 1040 3390 nt
1048 3343 1196 3407 intelligetur
1203 3345 1266 3393 nibil

205 3429 264 3477 Hoec
276 3425 368 3475 omnia.
377 3423 417 3472 Ab
430 3425 469 3473 lris
482 3424 596 3472 omnibns
609 3438 634 3471 se
646 3422 714 3470 rede·
757 3420 837 3469 mium
854 3422 886 3470 sd
902 3421 957 3471 telis
974 3422 1084 3487 praetoris
1098 3422 1265 3470 defensionem

205 3505 548 3569 nimetensis-Occurras.
560 3505 658 3552 Mature
666 3517 714 3549 nu·
757 3501 971 3566 pertinerequsn
987 3502 1023 3553 sei
1039 3501 1148 3550 militaris
1163 3518 1267 3549 comme·

206 3595 294 3633 ruerets
305 3583 415 3647 pennu.
758 3580 925 3633 montionem,

245 3677 285 3710 ιο.
296 3661 413 3709 Omnibus
422 3661 568 3726 pecuniosis.
580 3663 675 3726 Nempe
684 3675 714 3708 ex
793 3672 817 3705 π.
836 3659 943 3707 Summa.
956 3661 1010 3707 lloc
1027 3659 1063 3707 rei
1076 3667 1149 3722 ceput
1163 3669 1209 3706 est.
1232 3684 1267 3695 -·

207 3739 715 3789 unimeslsmitsteexistimsndnmsimilem
760 3737 880 3798 Quoniam
895 3738 975 3800 plura.
995 3735 1088 3795 Adde,
1106 3748 1132 3784 et
1151 3736 1266 3799 quonism

208 3818 310 3867 aliorum
324 3818 486 3883 complurium
497 3820 619 3868 lonnnsm
632 3818 716 3867 condi-
759 3814 821 3862 elius
830 3814 875 3861 slis
888 3815 980 3862 virtute
991 3814 1085 3862 elsrnit

209 3898 348 3959 tiouemqne
360 3898 442 3946 luisse.
795 3896 821 3941 3.
836 3894 893 3941 Non
906 3892 943 3939 ad
954 3894 984 3956 Q.
998 3890 1115 3941 Maximi.
1127 3894 1207 3954 ttujus
1218 3893 1269 3941 loci

102 3992 107 3999 ’
162 4001 182 4032 2,
244 3977 278 4024 X.
295 3992 317 4024 r.
334 3975 408 4039 Cupio
421 3974 487 4025 milri.
506 3976 630 4040 Digreseio
644 3976 717 4039 longe
761 3973 801 4021 bic
814 3988 899 4019 senem
911 3981 955 4019 est.
968 3972 1051 4020 Genus
1059 3972 1143 4019 Verris
1154 3988 1272 4038 ωηο»,-

211 4068 265 4117 qna
284 4053 317 4102 sd
342 4065 420 4103 totum
441 4070 516 4118 genus
536 4054 718 4120 imperatorium
761 4052 823 4100 tinet
831 4051 863 4099 sd
874 4052 903 4113 Q.
911 4050 1019 4100 diniensi
1025 4049 1271 4117 sapientissimeque

212 4126 400 4223 Vlstissttinet.
420 4133 516 4183 Etenim
535 4144 588 4186 tuus
602 4132 637 4182 sd.
654 4135 719 4182 llos·
762 4130 794 4178 sd
806 4127 922 4190 Africani
927 4130 1082 4181 summ.
1092 4129 1274 4189 llicubserssss
