3148 4780
298 416 370 502 aas
613 414 661 481 u.
687 415 726 481 r.
752 415 1047 484 crcunoms

299 550 365 606 rat.
381 531 535 631 Cyclops
547 533 648 621 alter,
661 533 1051 633 multo'importunior:
1064 532 1124 603 hic
1136 534 1234 603 enim
1249 545 1360 602 totam

297 644 453 717 insulam
471 641 678 729 obtinebat;
699 643 759 714 ille
772 648 913 715 AEtnam
930 643 1061 734 solam,
1081 659 1118 717 et
1138 665 1217 714 eam
1237 641 1364 713 Siciliae

295 770 435 854 partem
455 754 611 825 tenuisse
627 752 770 824 dicitur.

342 871 390 938 At
402 891 483 962 quae
497 873 645 935 causa¹⁰
664 876 742 934 tum
760 864 1018 959 subjiciebatur
1032 862 1078 934 ab
1097 864 1198 961 ipso,
1211 862 1365 956 judices,

296 975 407 1069 hujus
425 989 498 1044 tam
515 970 661 1043 nefariae
679 971 922 1046 crudelitatis?
944 973 1091 1061 eadem,
1109 999 1189 1071 quae
1207 997 1305 1044 nunc
1325 974 1363 1042 in

295 1081 504 1156 defensione
522 1082 876 1154 commemorabitur.
896 1085 1128 1182 Quicumque
1143 1097 1364 1156 accesserant

297 1194 343 1265 ad
361 1194 515 1266 Siciliam
536 1193 660 1290 paullo
678 1194 880 1291 pleniores,
905 1219 966 1265 eos
989 1199 1213 1267 Sertorianos
1233 1194 1363 1265 milites

294 1328 391 1385 esse,
407 1318 515 1398 atque
535 1328 556 1373 a
572 1304 702 1373 Dianio
716 1301 843 1400 fugere
861 1302 1013 1376 dicebat.
1029 1305 1086 1376 Illi
1101 1304 1147 1376 ad
1165 1304 1363 1402 deprecan-

295 1414 394 1487 dum·
406 1413 607 1512 periculum
630 1410 885 1510 proferebant,
906 1416 964 1485 alii
983 1440 1182 1513 purpuram
1201 1416 1362 1511 Tyriam;

297 1524 382 1594 thus
401 1523 480 1609 alii,
498 1537 607 1618 atque
626 1521 777 1611 odores,
795 1536 1005 1620 vestemque
1024 1525 1187 1612 linteam;
1207 1547 1363 1620 gemmas

298 1632 376 1717 alii,
404 1644 440 1701 et
460 1631 691 1728 margaritas;
711 1633 793 1702 vina
813 1633 979 1704 nonnulli
998 1658 1128 1730 graeca,
1148 1635 1364 1731 venalesque

298 1741 476 1813 Asiaticos
497 1768 505 1811 :
526 1757 567 1812 ut
592 1742 854 1841 intelligeretur
880 1769 923 1814 ex
951 1744 1149 1833 mercibus,
1164 1742 1298 1841 quibus
1319 1769 1365 1815 ex

298 1852 387 1923 locis
405 1854 624 1949 navigarent.
642 1856 724 1923 Non
744 1850 991 1949 providerant,
1008 1878 1068 1925 eas
1087 1856 1182 1952 ipsas
1202 1851 1270 1922 sibi
1284 1878 1364 1924 rau·

297 1988 353 2034 sas
371 1987 447 2034 esse
462 1961 631 2061 periculi,
651 1961 785 2058 quibus
800 1961 1018 2058 adjumentis
1032 1988 1070 2034 se
1086 1960 1297 2034 adsalutem
1311 1964 1362 2033 uti

296 2072 576 2145 arbitrabantur.
597 2079 668 2145 Iste
685 2074 783 2143 enim
802 2073 879 2143 haec
897 2098 959 2144 eos
978 2099 1022 2145 ex
1040 2076 1237 2172 piratarum
1255 2077 1364 2144 socie·

301 2198 373 2256 tate
392 2184 544 2284 adeptos
564 2209 640 2256 esse
659 2182 822 2272 dicebat3
844 2186 943 2280 ipsos
967 2187 1004 2254 in
1022 2184 1214 2256 lautumias
1233 2183 1362 2255 abduci

297 2292 519 2393 imperabat,
541 2319 651 2366 naves
675 2318 802 2366 eorum
828 2307 937 2390 atque
962 2319 1074 2366 onera
1098 2293 1290 2393 diligenter
1309 2319 1364 2365 as·

298 2402 474 2473 servanda
491 2401 651 2472 curabat.

347 2514 455 2580 LVII.
482 2513 545 2579 His
570 2512 745 2582 institutis
768 2538 884 2609 quum
908 2514 1113 2614 completus
1132 2517 1207 2613 jam
1230 2538 1364 2587 merca-

299 2636 422 2692 torum
452 2642 573 2691 carcer
600 2636 712 2709 esset,
739 2637 819 2692 tum
846 2624 905 2695 illa
930 2625 1087 2716 fiebant,
1113 2651 1194 2723 quae
1217 2629 1256 2696 L.
1276 2627 1363 2694 Sue·

300 2733 408 2819 tium,
430 2730 590 2826 equitem
609 2755 821 2821 romanum,
840 2733 1071 2805 lectissimum
1089 2737 1229 2823 virum,
1246 2732 1365 2803 dicere

300 2841 469 2928 audistiS,
501 2866 581 2937 quae
612 2856 752 2912 ceteros
779 2841 943 2913 audietis.
975 2846 1139 2915 Cervices
1165 2848 1367 2914 incarcere

300 2951 563 3050 frangebantur
600 2951 845 3050 indignissime
877 2953 1010 3024 civium
1041 2978 1298 3036 romanorum,
1326 2942 1368 3023 ut

297 3064 372 3158 jam
398 3061 458 3132 illa
484 3085 554 3130 vox
578 3076 613 3132 et
639 3063 698 3134 illa
720 3062 946 3160 imploratio,
965 3068 1064 3137 Civis
1086 3090 1256 3137 nonanus
1275 3089 1367 3153 suu,

300 3194 381 3266 quae
397 3193 491 3266 saepe
508 3169 632 3239 multis
644 3181 670 3258 ¹,
691 3172 728 3241 in
746 3173 881 3243 ultimis
899 3180 1023 3264 terris,
1045 3201 1152 3274 opem
1176 3178 1270 3246 inter
1287 3174 1367 3245 bar·

299 3277 407 3348 baros
428 3290 465 3347 et
485 3277 637 3346 salutem
654 3279 754 3364 tulit,
773 3305 814 3351 ea
832 3298 988 3355 mortem
1008 3287 1075 3357 illis
1094 3283 1316 3357 acerbiorem
1332 3298 1369 3354 et
1394 3296 1397 3301 ⁴

300 3384 519 3492 supplicium
546 3388 723 3457 maturius
748 3384 870 3463 ferret.
891 3395 990 3484 Quid
1011 3410 1084 3483 est,
1102 3396 1257 3468 Verres?
1278 3391 1366 3492 quid

339 3586 592 3649 10.Atquoecarua.
606 3584 813 3648 Occupatorator
856 3599 912 3631 nne
930 3586 960 3632 B.
978 3584 1055 3632 Panlo
1073 3584 1230 3652 implomtio,
1246 3596 1274 3633 ut
1291 3584 1321 3632 de
1337 3599 1369 3632 eo

300 3683 355 3730 quae
367 3663 514 3713 Hortensius
528 3662 638 3710 dicturus
646 3673 684 3711 eat
692 3662 725 3710 ad
731 3665 813 3713 Verri-
856 3672 976 3710 testantur
984 3664 1047 3711 Acta
1057 3665 1235 3729 Apostolorum
1245 3665 1310 3723 ,v1,
1325 3678 1369 3709 aa.

301 3760 339 3791 ure
348 3742 497 3791 crudelitatis
507 3741 685 3798 defensionem,
699 3753 724 3790 et
733 3742 813 3791 diluit.
857 3742 943 3805 Itaque
964 3743 1062 3790 minime
1082 3746 1170 3793 mirum
1189 3753 1226 3792 eet
1248 3745 1368 3790 civitatem

301 3825 339 3870 De
347 3823 457 3871 &morio
466 3822 572 3870 diximus
580 3838 654 3887 supra
662 3838 717 3887 erp.
727 3824 770 3871 28.
778 3848 814 3860 -
857 3835 981 3870 romanam
988 3823 1020 3870 ab
1027 3823 1115 3872 exteris
1125 3822 1265 3871 nationibus
1278 3823 1312 3869 ita
1319 3836 1370 3868 rm-

303 3902 418 3950 Diam'wn
431 3902 477 3950 tuit
491 3903 615 3967 Hispania
625 3902 814 3950 Tarraconensis
858 3902 946 3950 bitiose
954 3903 1086 3967 appetitam
1099 3903 1187 3965 lubre,
1196 3912 1226 3948 ut
1235 3903 1370 3966 imperante

302 3980 513 4042 oppidnm,quod
525 3982 647 4029 Sertoriur
656 3980 761 4035 tenebat.
774 3979 811 4026 Cf.
858 3980 963 4031 Claudio
989 3984 1061 4030 ctiam
1089 3982 1137 4029 omi
1160 3982 1271 4047 coeperit.
1290 3977 1370 4026 vluit

302 4056 381 4107 strab.
395 4056 438 4103 lib.
449 4059 499 4116 111,
510 4075 628 4123 pagano
642 4060 702 4107 edit.
714 4060 796 4105 oxon.
857 4071 938 4108 umen
954 4072 1053 4125 poetes,
1070 4071 1132 4125 puto
1150 4059 1207 4124 quia
1225 4061 1297 4108 nimis
1313 4073 1370 4121 per-

337 4136 413 4183 Lvn.
424 4126 446 4180 ι’.
459 4136 522 4196 Quae
532 4152 597 4198 soepe
608 4135 695 4184 multis.
707 4133 815 4183 Profecit
859 4138 956 4202 vulgata
969 4149 1014 4186 est.
