3186 4772
358 422 413 491 IN
438 420 650 489 VERREM
675 420 780 487 ACT.
805 420 859 504 II,
882 421 976 489 LIB.
1001 423 1043 490 V.
1161 417 1231 493 355

168 546 245 641 ipsa
269 544 454 640 provincia
475 538 601 612 fecisse
622 540 846 627 existimatis,
869 541 935 638 qui
953 566 1067 638 quum
1086 543 1160 638 jans
1186 570 1232 617 ex

167 653 372 752 provincia,
389 676 464 723 non
486 650 530 722 nd
556 651 806 749 triumphum,
826 649 889 722 sed
907 650 1144 746 adjudicium
1166 653 1230 726 de·

169 764 330 851 cederet,
344 762 499 833 ncillam
513 761 660 858 quidem
674 760 857 833 infamiam
870 758 1019 859 fugerit,
1030 784 1140 857 quum
1153 764 1230 834 sine

169 877 245 948 ulla
264 876 448 974 voluptate
467 870 640 971 capiebat

218 992 252 1058 Ο
273 985 393 1057 divini
416 999 562 1057 senatus
591 981 791 1079 frequentis
812 982 850 1051 in
872 978 948 1052 cede
970 976 1146 1050 Bellonae³
1168 980 1232 1052 ad·

170 1092 428 1166 murmuratio!
457 1096 632 1166 Memoria
662 1092 812 1178 tenetis,
836 1090 998 1186 judices,
1026 1114 1141 1186 quum
1168 1090 1233 1162 ud·

169 1219 452 1304 vesperasceret,
465 1219 501 1277 et
522 1202 645 1302 paullo
661 1218 746 1275 ante
767 1215 860 1273 esset
877 1200 924 1272 de
941 1200 1013 1271 hoc
1030 1204 1233 1298 Tempsano

169 1314 402 1387 incommodo
413 1314 638 1399 nuntiatum,
653 1336 768 1408 quum
778 1314 1002 1383 inveniretur
1012 1315 1158 1399 nemol,
1170 1314 1234 1407 qui

169 1425 206 1493 in
221 1425 459 1495 illalocacum
475 1425 630 1520 imperio
639 1422 853 1505 mitteretur,
868 1419 997 1491 dixisse
1009 1416 1235 1515 quemdam⁵,

172 1535 320 1603 Verrem
332 1556 409 1603 esse
423 1555 498 1601 non
509 1532 617 1627 longe
631 1533 812 1626 aTesnpsa
822 1555 831 1598 ε
840 1552 949 1625 quarn
960 1527 1063 1599 valde
1076 1531 1236 1600 universi

125 1658 130 1665 ·
169 1639 494 1727 admurmurnrint,
512 1663 621 1736 quam
639 1637 755 1735 pelam
772 1634 977 1734 principes⁶
995 1651 1124 1710 contra
1139 1637 1236 1711 dixe·

169 1750 254 1819 rint.
268 1753 313 1820 Et
330 1750 360 1819 is
375 1762 430 1818 tot
446 1746 657 1819 criminibus
673 1748 960 1844 testimoniisque
977 1751 1180 1837 convictus,
1194 1751 1235 1821 in

170 1880 298 1928 eorum
327 1857 493 1929 tabellis⁷
520 1881 621 1954 spem
649 1855 715 1927 sibi
740 1857 896 1953 aliquam
922 1860 1048 1955 ponit,
1077 1883 1235 1955 quorum

15 2012 20 2019 -
58 1974 66 2023 i
170 1972 335 2039 omnium
352 1968 487 2065 palam,
505 1992 612 2040 causa
624 1966 807 2064 incognita
817 1963 845 2051 ⁸,
857 1989 947 2037 voce
961 1965 1149 2067 damnatus
1163 1969 1236 2041 est?

139 2088 144 2097 '
218 2083 329 2149 XVII.
347 2080 453 2149 Εεῑοι
470 2103 478 2146 :
497 2076 588 2147 nihil
606 2099 650 2146 ex
666 2074 901 2172 fugitivorum
911 2074 1026 2163 bello,
1041 2090 1104 2147 aut
1119 2081 1235 2177 suspi-

133 2322 136 2327 Ι
168 2260 312 2328 infamiam,
326 2278 398 2326 qnam
410 2261 457 2310 sibi
469 2261 542 2326 grstis
550 2259 678 2321 inurebat,
723 2257 854 2305 videretur.
864 2258 943 2320 Quam
952 2256 986 2305 ob
995 2274 1090 2306 cansam
1098 2258 1162 2309 facts
1170 2260 1235 2309 Ver·

168 2357 243 2405 quum
267 2352 341 2390 staret
364 2342 390 2389 in
412 2341 504 2400 litore,
527 2339 554 2386 id
575 2347 631 2397 est,
651 2336 679 2383 in
721 2336 755 2383 ris
764 2337 857 2384 mentio
866 2336 995 2400 est,qnod
1003 2339 1025 2384 is
1034 2348 1058 2385 et
1066 2354 1121 2386 eum
1130 2338 1233 2404 impen‘n

167 2431 302 2485 conspectu
315 2422 423 2470 omnium
437 2435 493 2468 enm
504 2418 586 2466 tunica
595 2415 677 2481 pulla,
722 2425 851 2475 esset,nes
860 2415 932 2480 longe
942 2432 956 2464 a
966 2418 1084 2482 Tempsa,
1091 2420 1142 2480 jem
1151 2435 1165 2467 e
1175 2436 1236 2485 pro-

168 2509 192 2546 et
200 2501 289 2565 pellic,
303 2511 328 2549 at
339 2516 395 2549 rum
403 2498 554 2547 meretricula
563 2496 653 2544 Testis.
722 2494 803 2543 viticis
815 2494 944 2544 decedens.

202 2580 228 2628 3.
238 2582 269 2628 In
279 2579 332 2627 rede
338 2578 453 2627 Bellonoe.
462 2578 533 2625 Hanc
542 2576 612 2624 vovit
620 2588 680 2622 con·
759 2571 783 2621 5.
797 2573 894 2621 Dixisse
905 2573 1044 2638 quemdam.
1054 2573 1152 2625 Schrits.
1160 2593 1193 2626 ne
1200 2577 1233 2627 la·

168 2657 206 2705 sul
218 2659 327 2722 Appius,
346 2659 387 2722 qni
401 2666 485 2722 postea
502 2656 587 2704 Circus
600 2653 681 2700 dietus
722 2650 819 2700 boraret
836 2652 966 2701 verborum
977 2656 1145 2716 constructio,
1157 2654 1235 2703 dixis·

169 2738 446 2802 est‚imediopngnse
459 2734 680 2791 discrlmine,anno
723 2742 806 2798 estque
830 2733 940 2797 quidam.
970 2733 1045 2795 Quod
1062 2734 1112 2793 jam
1136 2735 1232 2784 Ernest.

169 2813 244 2862 Urbis
253 2815 303 2875 457
314 2817 378 2880 (Lis.
388 2817 423 2873 X,
435 2812 488 2879 19);
500 2829 601 2877 eamque
610 2822 678 2861 extra
721 2821 854 2860 rennueret.
870 2814 896 2860 J.
905 2813 938 2858 V.
953 2813 983 2860 L.

169 2892 255 2940 urbem
277 2892 417 2956 edificatam
428 2927 436 2953 ,
458 2893 554 2941 ornarit
575 2891 678 2956 depictis
757 2893 783 2940 d.
804 2889 935 2953 Principes.
950 2887 1045 2952 Nempe
1058 2887 1197 2936 consulares
1209 2898 1235 2938 et

169 2972 289 3032 malornm
301 2972 453 3035 imaginibus.
467 2974 498 3019 In
510 2988 538 3019 ea
551 2971 602 3018 rede
613 2980 680 3018 exte·
721 2970 845 3035 pretorii,
866 2966 958 3030 quique
979 2966 1145 3029 magistratum
1164 2982 1233 3032 gere-

140 3088 142 3091 .
170 3049 480 3114 rsmmnationurnlegatis,
487 3050 580 3114 qunsin
588 3049 678 3097 Urbem
721 3043 979 3096 bens-Testimoniis
985 3055 1083 3093 senatus
1093 3045 1234 3109 frequentis.

168 3130 296 3179 admittere
308 3129 438 3190 nolebant,
454 3139 551 3176 senatus
564 3127 679 3188 dabatnr3
760 3141 784 3186 7.
797 3127 827 3172 In
838 3138 922 3172 eonem
935 3124 1037 3174 tabellis.
1050 3124 1162 3174 Tabellas
1168 3125 1238 3186 iudi-

154 3221 195 3281 Net
205 3208 236 3257 iis
245 3207 317 3256 edam
327 3206 528 3273 impensoribns‚
541 3204 584 3268 qui
594 3205 680 3253 trium·
721 3202 794 3251 cisles
803 3199 938 3267 signifieat,
945 3202 1133 3267 quibusjudlces
1143 3216 1236 3254 senten

133 3342 146 3357 ⁴·
169 3289 247 3355 pbum
259 3287 381 3352 petebant.
394 3287 460 3334 Ante
469 3284 533 3333 banc
548 3282 625 3331 reden
638 3298 680 3331 co·
722 3282 785 3340 tiss,
799 3298 859 3346 quas
873 3293 943 3331 antea
958 3298 1020 3332 voce
1033 3282 1164 3347 dicebant,
1181 3282 1236 3350 lege

169 3367 252 3416 lumns
261 3376 313 3414 erat
322 3364 386 3413 dicta
397 3362 508 3422 Bellica,
522 3361 588 3411 unde
597 3376 682 3411 cruen-
723 3362 804 3412 Cssaia
813 3363 950 3425 tabellaria,
961 3365 1009 3413 lsts
1022 3381 1088 3414 nuno
1102 3364 1166 3425 616,
1175 3367 1235 3415 iere-

171 3456 219 3495 tam
244 3446 337 3494 hastsm
361 3443 447 3492 consul
467 3443 554 3504 jacere
572 3441 680 3500 solebit,
722 3442 947 3506 bant-Quorum
958 3443 1075 3495 omnium.
1086 3443 1235 3494 iudicabant

170 3524 336 3590 populialieni
344 3522 435 3571 bellum
442 3519 682 3569 indicturus-Ad·
724 3521 771 3570 soli
788 3531 847 3570 tune
864 3532 986 3572 senatores
1001 3522 1056 3587 lege
1074 3522 1188 3573 Gemella
1205 3524 1235 3574 L.

171 3603 508 3665 murmuratio.Qnisnemps
516 3598 682 3664 senatusquld
725 3600 808 3649 Snllse.

172 3681 286 3729 dsVerre
295 3678 529 3728 sentiretindiearit.
761 3680 786 3728 Β.
801 3678 881 3727 &usa
894 3678 1027 3745 incognita.
1041 3677 1161 3726 Nondum
1173 3679 1237 3727 enlm

198 3755 607 3823 t.anminvens'retsrnsmo.Non
614 3754 682 3820 quod
725 3773 757 3806 ex
775 3769 915 3806 seruatores
935 3768 960 3806 et
979 3756 1081 3807 testibus
1097 3756 1193 3820 anlem
1213 3775 1239 3806 se

172 3837 208 3885 irs
226 3852 298 3886 neruo
313 3836 402 3896 vellete
422 3835 465 3884 sed
484 3833 554 3899 qnod
568 3835 596 3881 in
612 3834 682 3882 Italia
725 3841 813 3887 Verres
824 3838 850 3885 in
863 3837 990 3902 provincia
1003 3834 1154 3900 prebuerit,
1167 3836 1238 3885 endi·

172 3932 227 3964 cum
240 3916 343 3982 imperio
356 3927 416 3964 tnnc
429 3930 503 3964 nemo
520 3922 596 3973 essm
615 3924 682 3962 extre
726 3927 820 3966 venne.

172 3995 283 4044 ordinem
302 4006 382 4044 antem
404 3993 516 4053 decerni,
533 3993 576 4057 qui
598 4004 682 4052 eontra
760 3996 844 4045 xvn.
867 4009 889 4045 1.
907 3996 974 4043 suo.
991 3992 1050 4043 Non
1064 3992 1175 4043 omittam
1190 3997 1236 4045 ob·

174 4074 331 4138 ruginem
357 4074 469 4138 inqu„
492 4089 548 4122 eun
578 4074 682 4139 inpetu
725 4060 1075 4139 maumampmemeuinr
1087 4072 1134 4121 vin·
1146 4074 1174 4124 r.
1184 4078 1239 4125 sn-

174 4153 316 4213 mitteretnr,
325 4153 448 4216 dignitatis
455 4153 561 4219 publico
572 4170 622 4202 non
631 4168 682 4202 esse
726 4154 800 4216 nntii,
811 4155 903 4222 qnippe
914 4168 969 4220 quse
980 4153 1039 4201 Issit
1048 4151 1079 4200 ad
1093 4151 1239 4218 dignoscen-

1083 4239 1139 4307 23.
