3054 4772
349 390 422 463 636
750 393 1015 464 8ΥΝοΡ818.

388 510 538 589 pervenit,
554 524 655 590 perte,
668 512 761 571 nullis
774 532 871 591 equus
889 511 1077 590 probationes
1096 510 1211 570 sileret.
1226 511 1313 584 Quid
1330 514 1439 570 euim?

311 626 316 639 ·
386 614 543 687 Postquam
564 609 595 667 in
608 612 731 668 Verrine
748 630 834 669 must
851 610 1039 670 Munertinos
1059 607 1176 687 probris
1188 610 1365 680 lacessivit,
1376 612 1435 688 qui

386 705 442 763 soli
456 726 514 784 pro
527 710 618 764 Verre
630 706 758 779 stabant,
781 707 948 766 nonnullius
964 707 1091 766 civitatis
1102 707 1302 766 testimoninm
1317 707 1434 765 adver·

385 821 434 861 sus
456 802 724 880 totins'provinciae
748 815 867 880 questus
883 804 980 862 rulere
1001 823 1061 860 non
1082 822 1169 880 posse
1188 802 1341 874 ostendit,
1362 803 1430 881 jum

386 898 471 957 nobis
484 899 705 958 Massiliensium
719 899 917 970 laudationes,
942 899 1025 976 quasi
1039 899 1076 958 sb
1097 900 1139 958 eis
1162 912 1208 958 tot
1222 913 1353 977 questrss
1373 899 1430 961 ob-

385 1009 549 1068 ruerentur,
562 995 706 1073 opponit?
720 996 875 1055 Fonteium
890 995 982 1054 Gallis
1004 995 1073 1054 edio
1091 1013 1153 1054 esse
1171 995 1261 1063 dicit,
1275 995 1366 1072 qnod
1381 997 1426 1053 eis

364 1124 369 1129 ·
385 1092 531 1171 stipendis
550 1092 751 1170 imperaverit,
768 1092 851 1170 quusi
870 1111 929 1150 non
951 1091 1052 1151 eudem
1065 1092 1231 1152 siciniorum
1244 1093 1278 1150 in
1291 1098 1423 1152 Verrem

385 1188 447 1247 odii
459 1209 545 1249 causa
555 1192 700 1248 exstaret?
711 1190 844 1248 Alterum
855 1190 965 1247 crimen
978 1188 1019 1246 sic
1031 1187 1134 1260 diluit,
1153 1188 1272 1248 utillud
1285 1189 1328 1248 ed
1341 1210 1425 1267 qne-

386 1300 477 1347 stores
487 1289 633 1367 pertinere
646 1287 792 1358 ostendat,
802 1287 885 1364 qumi
897 1306 957 1345 nou
968 1287 1074 1365 sepius
1087 1287 1289 1346 ministrorum
1303 1289 1421 1347 seelera

386 1384 417 1442 in
431 1385 557 1463 primum
570 1386 764 1463 magistratum
779 1383 944 1443 redundare
959 1385 990 1442 in
1000 1383 1132 1443 verrinis
1149 1383 1299 1442 incidente
1317 1385 1420 1462 expli·

353 1512 357 1519 ·
389 1481 512 1540 ruisset?

423 1583 488 1636 Jum
507 1596 577 1636 vero
592 1596 680 1654 quem
696 1577 862 1649 imbecillis,
879 1597 967 1655 qutun
988 1578 1118 1636 omnium
1141 1575 1290 1634 rationum
1309 1596 1419 1654 expers

384 1672 455 1730 mihi
469 1674 500 1730 in
512 1693 547 1731 es
560 1672 776 1751 purteridetur,
784 1694 842 1752 qua
850 1674 1001 1733 Gallorum
1012 1673 1175 1732 testimonie
1184 1672 1418 1750 suspicionibus,

383 1781 435 1826 unt
456 1767 530 1844 jocis
551 1770 662 1829 eludit?
683 1773 852 1830 Praeclsrsm
869 1791 938 1829 sene
957 1771 1071 1830 Fonteii
1090 1770 1308 1840 defensionem,
1322 1788 1416 1846 quum

383 1864 485 1923 Cicero
499 1866 647 1925 Gallorum
659 1868 813 1935 incessum,
826 1866 985 1926 barbarum
999 1886 1176 1938 sermonem,
1187 1866 1325 1924 restitum
1339 1864 1416 1923 n'di·

382 1962 451 2020 culo
467 1964 567 2036 uertit,
585 1963 667 2041 quusi
688 1983 746 2023 non
761 1965 846 2023 aliter
862 1983 949 2042 quem
968 1983 1091 2023 romano
1111 1982 1192 2022 more
1211 1975 1242 2021 et
1260 1963 1366 2020 vivere
1386 1976 1415 2020 et

382 2056 480 2117 dicere
493 2061 602 2119 liceret.
615 2064 710 2119 Miror
722 2081 775 2119 cur
785 2081 844 2119 non
857 2060 1016 2123 illosetism
1031 2061 1164 2132 irriserit,
1174 2057 1255 2137 quod
1264 2078 1350 2117 erum
1362 2078 1415 2137 po

383 2155 440 2213 tius
453 2175 540 2232 quern
555 2155 644 2214 verbs
660 2158 860 2229 tractaverint;
871 2177 974 2216 rerum
984 2158 1041 2216 hoc
1052 2175 1170 2234 quoque
1183 2155 1303 2213 nomine
1313 2154 1415 2213 rideu·

383 2266 439 2319 tur,
453 2267 598 2330 tamqumn
611 2274 684 2313 vanu
696 2255 821 2334 ingenis,
832 2276 897 2333 quae
908 2269 1017 2313 metum
1029 2256 1085 2313 sub
1094 2251 1299 2311 audacioribus
1310 2251 1412 2311 verbis
1484 2266 1485 2353 p

383 2350 492 2421 celant3
508 2370 568 2428 quo
584 2351 614 2408 in
628 2352 693 2409 loco
710 2366 774 2410 utra
792 2364 875 2430 purte
887 2365 943 2410 stet
955 2353 1069 2410 vanites
1079 2371 1138 2409 non
1156 2348 1275 2407 difficile
1288 2347 1409 2425 judica·

380 2447 471 2518 reris3
483 2467 572 2524 quum
582 2467 632 2505 eos
643 2449 794 2507 Sallustius
800 2450 936 2508 Romanis
944 2449 1079 2506 fortiores
1088 2448 1226 2525 praedicet
1241 2446 1410 2524 (entium),

379 2560 469 2619 qrmm
482 2562 582 2600 omnes
597 2546 709 2602 romani
727 2547 882 2623 scriptores
902 2547 997 2624 gallici
1017 2547 1094 2605 illius
1113 2545 1208 2603 erarii
1228 2544 1407 2602 mentionem
1483 2566 1484 2635 p

379 2636 602 2716 bebeau1,qrrod
615 2642 646 2699 in
659 2643 809 2702 Gellomm
822 2657 932 2701 tanturn
944 2642 1028 2703 bellis
1043 2641 1153 2701 recludi
1165 2644 1209 2700 ses
1220 2654 1299 2712 esau
1312 2659 1406 2717 quum

379 2736 440 2813 ipse
455 2737 557 2795 Cicero
572 2738 666 2817 (Font.
681 2740 743 2816 19),
768 2740 818 2797 «iu
841 2738 920 2799 bello
941 2741 1044 2818 gallico
1060 2740 1205 2797 nerninem
1227 2757 1289 2796 esse
1309 2737 1406 2795 cirem

379 2832 470 2901 dicat,
483 2835 533 2911 qui
553 2833 608 2893 sibi
625 2837 683 2895 ulls
699 2837 883 2895 excusatione
897 2837 1037 2896 utendum
1048 2848 1158 2915 putet».
1172 2841 1284 2894 Verum
1302 2847 1335 2893 et
1348 2834 1406 2912 ipsi

377 2930 476 2988 Gallos
492 2931 559 2989 setis
571 2931 628 2990 hoc
642 2933 761 2992 crimine
776 2933 898 2992 liberant
916 2940 1114 2993 Romanorum
1130 2946 1237 3004 metus,
1258 2944 1287 2990 et
1301 2931 1405 2990 deoem

377 3028 460 3100 unni,
477 3048 551 3105 qnos
571 3031 601 3087 in
624 3030 773 3088 vincendis
792 3030 1055 3109 submittendisque
1069 3030 1172 3090 Galliis
1189 3030 1316 3108 integros
1329 3047 1404 3086 oon·

376 3129 498 3205 sumpsit
510 3132 536 3186 J.
544 3131 650 3198 Cesar,
668 3141 764 3187 tentus
778 3128 950 3208 imperator!
1481 3112 1482 3129 ³

414 3223 550 3282 museus
561 3223 678 3297 denum
692 3239 723 3284 et
735 3226 790 3285 huc
803 3246 859 3304 pro
869 3226 993 3285 Fonteio
1006 3237 1037 3284 et
1047 3225 1104 3283 illis
1118 3224 1149 3283 in
1160 3228 1280 3283 Verrem
1291 3221 1403 3280 oratio-

374 3316 478 3388 nibus,
499 3319 580 3378 triste
598 3322 697 3380 nescio
713 3322 782 3400 quid
796 3322 900 3381 animis
911 3322 1031 3380 infixum
1044 3321 1152 3392 haret,
1167 3319 1255 3379 tucitt
1268 3316 1401 3395 quedem

374 3416 404 3473 in
418 3416 484 3474 illos
497 3417 626 3493 gentium
643 3431 774 3496 raptores
792 3420 923 3497 exsurgit
942 3400 1117 3495 indignum,
1137 3417 1188 3495 qui
1207 3414 1345 3474 insolenti
1359 3416 1401 3472 ri-

374 3514 467 3572 ctoris
482 3513 601 3572 subnixi
619 3528 649 3573 et
662 3528 760 3575 vetere
775 3514 856 3574 orbis
877 3516 1015 3577 furnulum
1033 3515 1189 3574 ferociores
1205 3512 1399 3583 dominatum,

372 3610 502 3670 honestis
511 3611 612 3670 saltem
623 3609 787 3673 nominibus
801 3624 962 3690 temperare
976 3611 1052 3669 inire
1064 3630 1100 3669 se
1110 3630 1173 3671 esse
1184 3607 1354 3682 eensebrnt,
1370 3623 1401 3668 et

375 3708 458 3766 victis
469 3708 500 3765 in
512 3720 710 3787 contemptum
726 3707 931 3768 abutebantur.

638 3978 645 3983 .
701 3961 1092 3990 ...ὢ-..-Μ
