3200 4768
452 397 517 463 DE
541 397 603 462 RE
626 394 1019 463 FRUMENTARIA.
1198 394 1261 463 183

206 520 338 585 Phorm.
357 520 391 599 I,
412 542 445 599 1,
462 541 500 604 9,
520 533 694 605 quaternos
708 517 834 581 modios
850 517 1215 605 frumentiaccipiebant
1228 518 1262 580 in

207 646 368 705 mensem3
385 640 419 688 et
435 622 469 686 id
485 622 675 687 demensum
690 621 872 702 dicebatur3
891 638 999 685 utrum
1015 646 1032 684 a
1049 645 1172 702 mense,
1189 645 1228 685 an
1243 646 1262 684 a

206 727 387 807 metiendo,
403 727 592 791 incertum».
608 710 639 790 N
641 749 685 789 on
698 732 774 790 sarie
787 748 804 788 a
819 748 946 807 mense,
958 724 1013 789 sed
1027 750 1046 789 a
1059 725 1262 791 demetiendo
1318 790 1321 795 .

207 831 244 897 fit
260 832 460 897 demensum.
484 836 526 897 At
546 833 598 896 illa
616 833 819 912 inconstans,
838 849 871 895 et
886 833 1007 894 incerta
1022 831 1120 895 fuisse
1137 831 1263 895 ridetur

159 1004 162 1019 ,
207 938 383 1002 attributio.
410 940 493 1002 Nam
521 961 560 1002 ex
584 939 721 1017 Seneca,
753 938 852 1026 Epist.
880 936 939 1018 80,
955 965 967 989 κ
982 937 1098 1000 Servus
1122 952 1186 1017 est,
1207 937 1262 1023 qui

142 1056 147 1064 ·
208 1045 352 1131 quinque
371 1043 497 1107 modios
512 1043 628 1129 accipit
640 1074 664 1107 ι.

249 1150 325 1212 Fuit
339 1149 437 1237 igitur
453 1166 637 1213 menstruus
653 1151 774 1214 servilis
794 1171 896 1239 canon
920 1147 1104 1211 modiorum
1126 1163 1266 1235 quatuor

208 1256 379 1336 frumenti,
397 1272 453 1319 aut
479 1256 644 1343 quinque,
669 1258 696 1320 si
721 1255 852 1345 quando
878 1253 1072 1318 liberaliores
1096 1270 1188 1317 erant
1209 1253 1267 1317 do·
1352 1258 1356 1265 '

207 1360 306 1424 mini:
322 1382 430 1424 servos
451 1380 527 1423 vero
544 1382 599 1423 eos
618 1361 777 1448 intelligo,
796 1360 854 1447 qui
874 1360 942 1423 ruri
962 1381 1044 1446 opus
1064 1358 1264 1422 exercebant.

207 1465 270 1527 Tot
291 1464 478 1528 modiorum
500 1464 598 1527 fuisse
624 1465 826 1552 largitionem
850 1465 935 1552 plebi
959 1465 1073 1529 factam
1097 1463 1177 1527 rnilri
1193 1487 1266 1552 per·

208 1567 321 1632 suadet
331 1570 449 1648 Macer,
461 1590 518 1633 seu
527 1569 667 1632 Marcius
679 1569 820 1633 Licinius
830 1568 916 1656 apud
925 1570 1049 1633 Sallust.
1060 1570 1147 1635 Hisr.
1153 1571 1264 1658 fragm.

208 1669 264 1751 lib.
281 1669 348 1750 Ill,
367 1692 435 1757 cap.
454 1692 504 1733 ro.
523 1670 554 1733 Is
570 1671 703 1733 enimin
718 1693 755 1734 ea
770 1673 915 1734 oratione
935 1694 1032 1758 quam
1050 1672 1083 1735 in
1100 1671 1266 1736 tribunatu

208 1774 323 1838 habuit
345 1774 386 1839 ad
408 1776 566 1864 populum
589 1777 651 1857 ibi,
675 1776 732 1839 ubi
756 1777 940 1840 Terentiam
963 1777 1067 1864 legem
1088 1779 1265 1842 frumenta·

209 1880 289 1943 riam
311 1880 411 1945 elevat
425 1897 456 1943 et
472 1880 629 1969 explodit,
646 1881 693 1946 sic
708 1881 769 1946 ait:
786 1881 901 1945 «Absit
917 1882 1098 1969 periculum
1115 1900 1146 1947 et
1164 1881 1264 1965 labor,

209 1985 327 2072 quibus
345 1986 431 2050 nulla
447 2010 519 2076 pars
533 1987 656 2050 fruetus
672 2003 720 2051 est
737 2010 744 2051 :
763 1987 825 2051 nisi
843 1989 925 2051 forte
942 1990 1108 2076 repentina
1120 1989 1180 2053 ista
1196 1992 1265 2052 fru-

208 2091 363 2155 mentaria
381 2092 450 2180 lege
469 2093 580 2156 munia
597 2108 702 2157 vestra
718 2108 904 2179 pensantur.
929 2094 1003 2175 Qua
1025 2109 1132 2156 tamen
1159 2094 1265 2180 quinis

209 2196 325 2260 modiis
349 2197 527 2260 libertatem
552 2196 699 2261 omnium
724 2197 937 2277 aestimavere,
961 2197 1017 2283 qui
1037 2200 1181 2285 profecto
1199 2221 1265 2262 non
1369 2186 1374 2195 ¹

208 2302 345 2389 amplius
363 2319 500 2390 possunt
515 2303 574 2390 (al.
582 2301 727 2391 prosint)
737 2349 745 2383 ,
757 2302 916 2367 alimentis
934 2303 1098 2365 carceris».

253 2408 367 2471 lsthaeo
384 2409 657 2473 commemoratio
665 2408 706 2472 de
723 2408 882 2471 alimentis
897 2408 1030 2471 carceris
1046 2407 1187 2486 injicitur
1202 2432 1270 2471 ora·

210 2514 291 2577 torie
318 2514 416 2603 magis
440 2514 480 2578 ad
503 2514 677 2595 invidiam,
704 2538 803 2602 quam
827 2512 867 2578 ad
901 2512 1154 2577 similitudinem.
1183 2514 1266 2578 Nam

209 2617 277 2706 lege
298 2620 361 2682 ΧΠ
384 2618 565 2683 tabularum
587 2619 720 2707 singulae
745 2619 833 2682 librae
855 2618 946 2681 farris
972 2617 1005 2680 in
1033 2617 1177 2706 singulos
1200 2618 1267 2683 dies

212 2722 319 2785 vincto
336 2723 505 2786 dabantur.
520 2726 558 2787 Α.
574 2723 653 2787 Gell.
667 2724 749 2805 XX,
770 2746 797 2786 1.
812 2720 912 2804 Quod
926 2721 1063 2785 diarium
1081 2723 1156 2809 quia
1170 2726 1269 2787 serris

212 2827 307 2890 etiam
320 2828 353 2890 in
367 2831 527 2916 ergastulo
544 2845 600 2892 aut
613 2828 702 2893 domi
721 2829 834 2892 vinctis
849 2827 1062 2916 praebebatur,
1080 2828 1269 2892 alimentum

212 2933 324 2997 servile
341 2935 428 3021 apud
443 2937 629 3002 Sallustium
647 2952 791 3001 vocatur.
812 2936 939 3023 Fragm.
957 2933 1012 2997 lib.
1030 2935 1055 2998 Ι.
1072 2957 1140 3023 cap.
1157 2935 1189 2998 6.
1206 2935 1269 2999 Sed

211 3039 280 3102 lraec
303 3039 457 3126 exiguitas
472 3042 575 3105 rictus
593 3065 657 3129 qua
673 3064 761 3105 mors
780 3038 1007 3105 tantummodo
1025 3040 1268 3128 prohibebatur,

212 3144 292 3207 nihil
311 3145 387 3208 facit
403 3143 444 3208 ad
463 3146 580 3232 quinos
602 3148 748 3226 modios,
771 3147 828 3235 qui
853 3145 970 3211 modus
990 3146 1053 3209 fuit
1069 3146 1270 3210 Terentianae

211 3250 398 3339 largitionis.

257 3356 421 3444 Cogitanti
439 3358 622 3420 Contareno
640 3355 768 3421 videtur
790 3381 849 3446 par
870 3358 968 3422 fuisse
985 3359 1180 3422 constitutus
1201 3357 1270 3446 lege

210 3462 417 3549 Sempronia,
439 3462 573 3526 sortasse
596 3462 692 3526 etiam
720 3479 752 3526 et
780 3463 1066 3527 Senatusconsulto
1093 3464 1271 3527 Catoniano

211 3583 245 3631 et
266 3568 336 3657 lege
351 3568 481 3649 Clodia,
507 3569 625 3634 modus
639 3570 797 3634 frumenti
822 3568 910 3657 quod
934 3569 1075 3633 daretur.
1090 3569 1151 3632 Hic
1174 3568 1272 3656 igitur

212 3665 343 3736 stamus.
361 3673 488 3754 Quinos
505 3673 631 3739 modios
648 3674 781 3762 singulis
796 3675 961 3738 mensibus
978 3673 1069 3737 datos
1084 3673 1183 3736 fuisse
1196 3670 1273 3734 dici·

212 3800 294 3842 mus.
306 3777 369 3843 Sed
381 3778 557 3859 viritimne,
571 3802 683 3867 anper
696 3779 850 3844 familias?
867 3781 900 3842 Si
915 3779 1050 3859 viritim,
1064 3778 1155 3864 quini
1168 3776 1268 3850 modji

212 3884 298 3972 large
311 3884 497 3972 praebebant
513 3886 571 3948 uni
587 3885 712 3949 homini
727 3900 893 3948 menstrua
910 3883 1048 3947 cibaria:
1066 3879 1274 3969 quandoqui-

213 3987 287 4051 dem
312 3989 516 4054 observatum
540 4008 589 4054 est
615 3990 762 4055 modium
787 3988 975 4054 hominibus
997 4005 1072 4051 octo
1096 3986 1219 4053 alendis
1240 3994 1274 4053 iu

215 4092 301 4158 diem
319 4096 476 4162 sufficere.
492 4100 605 4185 ltaque
621 4097 721 4162 modii
738 4097 829 4184 quini
842 4097 963 4162 rictum
980 4094 1136 4160 ‹liumum
1151 4094 1276 4163 dabunt
