3200 4768
396 433 452 503 IN
476 431 693 501 VERREM
718 431 827 501 ACT.
849 432 904 516 ΙΙ,
928 431 1022 520 LIB.
1046 435 1109 501 IV.
1159 512 1172 527 ἢ
1212 430 1282 528 267

222 557 335 626 here7
362 554 527 626 videlicet
553 552 691 650 aliquid
714 567 751 624 te
772 546 1078 649 de‘amplitudine
1096 554 1284 625 Marcello-

222 691 305 737 rum
333 667 476 762 pntasti.
507 668 633 759 Itaque
663 688 763 734 nunc
791 663 994 734 Siculorum
1023 664 1180 734 Marcelli
1208 689 1284 734 non

223 790 308 847 sunt
322 776 485 873 patroni:
506 779 636 845 Verres
648 778 686 843 in
702 799 828 844 eorum
847 774 967 844 locum
986 771 1201 844 substitutus
1219 787 1283 844 est.

272 887 388 975 Quam
409 885 446 954 in
467 899 503 955 te
525 897 661 954 tantam
682 886 852 954 virtutem
874 907 969 968 esse,
991 896 1053 952 aut
1074 881 1284 975 dignitatem

222 993 414 1066 arbitratus
438 1018 494 1082 es,
519 1006 559 1064 ut
580 1015 752 1063 conarere
775 991 976 1063 clientelam
997 986 1070 1060 tam
1091 990 1285 1077 illustrem,

222 1118 296 1175 tam
318 1103 514 1202 splendidae
534 1102 747 1200 provinciae,
767 1099 999 1172 transducere
1014 1099 1058 1170 ad
1073 1113 1127 1187 te,
1145 1097 1286 1169 auferre

222 1240 243 1285 a
261 1206 490 1286 certissimis⁸
507 1212 837 1308 antiquissimisque
853 1209 1037 1308 patronis?
1052 1214 1106 1278 Tu
1120 1211 1186 1277 ista
1201 1206 1287 1278 stul·

221 1326 319 1412 titia,
338 1325 520 1420 nequitia,
539 1323 685 1406 inertia,
706 1346 782 1391 non
801 1320 911 1391 modo
932 1322 1042 1391 totius
1060 1317 1204 1404 Sicilire,
1222 1314 1287 1387 sed

223 1441 332 1506 unius
358 1433 558 1505 tenuissimi
585 1431 691 1501 Siculi
719 1429 921 1501 clientelam
950 1430 1044 1500 tueri
1072 1428 1200 1525 potes?
1219 1424 1286 1496 tibi
1389 1422 1394 1431 ’

173 1533 179 1545 ’
222 1542 382 1617 Marcelli
401 1556 516 1613 statua
535 1564 602 1638 pro
624 1538 785 1635 patibulo
806 1543 845 1609 in
866 1538 1014 1610 clientes
1035 1512 1287 1609 Marcellortim

224 1649 319 1721 fuit?
337 1665 377 1721 tu
398 1676 441 1721 ex
456 1650 549 1721 illius
563 1648 728 1719 honore9
750 1648 787 1718 in
807 1673 870 1720 eos
888 1653 1002 1745 ipsos,
1024 1648 1088 1744 qui
1108 1647 1287 1717 honorem

223 1758 276 1829 illi
291 1757 510 1846 habuerant,
527 1757 703 1856 supplicia
717 1757 921 1854 quaerebas?
935 1757 1020 1855 quid
1038 1759 1182 1856 postea?
1199 1755 1286 1855 quid

223 1867 369 1940 tandem
401 1872 473 1939 tuis
505 1868 631 1939 statuis
660 1864 737 1937 lore
768 1865 1013 1939 arbitrabare?
1038 1874 1092 1939 An
1117 1865 1288 1951 veroid,

224 1979 323 2075 quod
338 1979 488 2051 accidit?
500 1981 589 2049 Nam
604 1975 836 2073 Tyndaritani
845 1992 998 2049 statuam
1010 1979 1164 2063 istius¹⁰,
1177 2000 1287 2073 quam

223 2088 292 2160 sibi
310 2104 458 2187 propter
476 2087 681 2169 Marcellos,
700 2084 826 2157 altiore
845 2088 952 2157 etiam
970 2084 1047 2155 basi
1065 2089 1154 2181 poni
1171 2085 1287 2179 jusse-

223 2213 295 2284 rat,
318 2196 579 2283 deturbarunt,
600 2194 765 2267 simulac
787 2218 990 2265 successum
1010 2195 1068 2264 isti
1086 2192 1288 2264 audierunt

272 2311 380 2379 XLII.
401 2307 508 2379 Dedit
527 2308 637 2405 igitur
661 2303 726 2375 tibi
745 2302 1112 2379 fortunaSiculorum
1136 2306 1176 2372 C.
1195 2305 1288 2372 Mar·

225 2417 355 2489 cellum
368 2416 549 2513 judicem,
565 2432 626 2505 ut,
643 2416 746 2510 cujus
764 2415 809 2485 acl
826 2429 979 2486 statuam
996 2413 1126 2502 Siculi,
1148 2428 1182 2483 te
1199 2437 1288 2509 prae·

210 2539 326 2614 'tore,
348 2526 595 2625 alligabantur,
612 2526 690 2622 ejus
706 2525 871 2621 religioni
888 2540 923 2596 te
941 2523 1106 2594 eumdem
1125 2524 1287 2593 vinctum

225 2634 508 2735 adstrictumque
533 2634 716 2707 dedamus.
743 2639 793 2706 Ac
821 2636 958 2732 primo,
975 2632 1134 2728 judiceS,
1153 2634 1225 2704 hoc
1245 2635 1289 2704 si·

225 2768 337 2839 gnum
355 2750 524 2818 Mercurii
546 2746 687 2818 dicebat
704 2746 769 2816 iste
786 2744 1045 2841 Tyndaritanos
1061 2747 1100 2813 C.
1116 2743 1286 2814 Marcello

226 2852 312 2923 huic
326 2859 531 2928 AEsernino¹
549 2857 770 2943 venrlidisse3
781 2869 891 2952 atque
906 2854 976 2924 boc
989 2878 1051 2922 sua
1065 2877 1170 2922 causa
1182 2855 1288 2922 etiam

225 2965 436 3038 Marcellum
453 2969 572 3065 ipsum
588 2967 754 3065 sperabat
769 2991 845 3037 esse
863 2963 1067 3035 dicturum:
1087 2959 1187 3059 quod
1201 2961 1289 3031 mibi

226 3097 427 3169 numquam
457 3078 647 3147 verisimile
677 3079 795 3147 risum
831 3088 906 3161 est,
933 3073 1197 3143 adolescentem
1226 3071 1288 3142 illo

225 3183 308 3254 loco
331 3199 476 3274 natum,
500 3202 694 3283 patronum
720 3187 864 3273 Siciliae,
883 3209 1018 3255 nomen
1040 3208 1147 3255 suum
1170 3184 1227 3254 isti
1245 3182 1289 3253 ad

226 3293 499 3365 translationem
516 3296 676 3367 criminis
691 3295 1015 3369 commodaturum.
1032 3298 1291 3366 Verumtamen

263 3443 288 3489 7.
304 3429 447 3477 Detrahere·
465 3431 519 3478 J„„
532 3447 588 3479 sane
608 3431 736 3480 Marcello·
778 3440 856 3487 suerat
865 3438 1032 3504 perimituri
1041 3440 1227 3487 instrumentum
1237 3453 1293 3500 sup·

225 3505 317 3555 elevare
329 3509 457 3557 consilium
470 3510 640 3576 babebat,qui
653 3523 736 3575 postea
779 3518 847 3583 plicii
857 3519 884 3565 lu
894 3520 1001 3582 eos‚qui
1015 3518 1076 3565 banc
1086 3517 1120 3564 illi
1131 3528 1232 3564 statuam
1244 3530 1291 3578 po·
1360 3500 1366 3516 ¹

225 3588 251 3633 in
262 3602 346 3635 eorum
359 3588 440 3637 locum
458 3602 482 3638 te
500 3608 638 3657 supponere
651 3608 676 3639 es
695 3607 736 3656 ag·
780 3607 888 3645 ruerant.

226 3681 333 3729 gressus,
346 3684 421 3731 quum
436 3670 599 3733 praeclaratua
610 3671 736 3719 Venerin
817 3691 856 3723 ro.
870 3678 983 3724 Statuam
1003 3673 1078 3722 istius.
1092 3674 1174 3720 Verria
1188 3671 1290 3720 scilicet.

226 3743 306 3793 locum
319 3746 492 3795 Marcellorum
504 3749 683 3798 instituendam
697 3766 737 3797 ce·
778 3779 814 3790 -
827 3756 939 3818 Propter.
958 3754 1035 3803 Juxta
1057 3751 1231 3799 Marcellorum
1243 3762 1292 3798 sta·

226 3823 341 3873 lebranda
354 3827 477 3876 curavisti.
784 3843 846 3879 tuas.

263 3906 289 3955 8.
307 3905 453 3956 certissimis.
467 3906 631 3954 ornatissimis
639 3908 738 3964 scilicet,
818 3912 897 3959 xttt.
914 3927 935 3957 1.
949 3907 1087 3958 AEserru'no.
1096 3910 1133 3957 Ex
1146 3907 1205 3956 urbe
1213 3911 1294 3958 AEscr·

227 3984 306 4046 etqui
319 3983 420 4034 clientes
433 4003 562 4052 numquam
577 3986 720 4036 desererent.
782 3991 832 4039 nir.
850 3994 905 4039 Hoc
925 3988 1033 4048 additur,
1044 3999 1072 4036 ut
1093 4006 1148 4037 eum
1167 3989 1198 4038 ab
1216 3990 1293 4039 altero

264 4078 289 4124 9.
304 4065 339 4109 Tu
355 4082 389 4112 ex
399 4065 462 4113 illius
475 4067 575 4115 honore.
589 4068 626 4115 Tu
639 4068 738 4117 volebat
781 4070 900 4120 Marcello
921 4080 1045 4128 secernat,
1067 4070 1109 4133 qui
1134 4070 1216 4135 paullo
1236 4081 1293 4120 ante

229 4139 306 4187 utilla
320 4152 409 4205 statua,
427 4162 482 4209 quae
495 4147 521 4193 in
536 4145 603 4195 illim
619 4145 737 4195 bonorem
782 4149 1052 4233 Siciliam'prorincirm
1063 4149 1210 4199 obtinuerat.
