<?xml version="1.0" encoding="UTF-8"?>
<!DOCTYPE html PUBLIC "-//W3C//DTD XHTML 1.0 Transitional//EN"
    "http://www.w3.org/TR/xhtml1/DTD/xhtml1-transitional.dtd">
<html xmlns="http://www.w3.org/1999/xhtml" xml:lang="en" lang="en">
 <head>
  <title>
</title>
<meta http-equiv="Content-Type" content="text/html;charset=utf-8" />
  <meta name='ocr-system' content='tesseract 3.04.00' />
  <meta name='ocr-capabilities' content='ocr_page ocr_carea ocr_par ocr_line ocrx_word'/>
</head>
<body>
  <div class='ocr_page' id='page_1' title='image "./mtciceronisquae00bouigoog_0421.png"; bbox 0 0 3148 4780; ppageno 0'>
   <div class='ocr_carea' id='block_1_1' title="bbox 325 444 1061 542">
    <p class='ocr_par' dir='ltr' id='par_1_1' title="bbox 325 444 1061 542">
     <span class='ocr_line' id='line_1_1' title="bbox 325 444 1061 542; baseline -0.003 -22"><span class='ocrx_word' id='word_1_1' title='bbox 325 444 396 542; x_wconf 78' lang='lat'>396</span> <span class='ocrx_word' id='word_1_2' title='bbox 643 450 691 519; x_wconf 81' lang='grc' dir='ltr'>Μ.</span> <span class='ocrx_word' id='word_1_3' title='bbox 717 453 755 520; x_wconf 86' lang='lat' dir='ltr'>T.</span> <span class='ocrx_word' id='word_1_4' title='bbox 782 448 1061 522; x_wconf 77' lang='lat' dir='ltr'>cronnoms</span> 
     </span>
    </p>
   </div>
   <div class='ocr_carea' id='block_1_2' title="bbox 319 567 1386 2421">
    <p class='ocr_par' dir='ltr' id='par_1_2' title="bbox 319 567 1384 970">
     <span class='ocr_line' id='line_1_2' title="bbox 322 567 1382 668; baseline 0.002 -30"><span class='ocrx_word' id='word_1_5' title='bbox 322 591 443 655; x_wconf 83' lang='lat' dir='ltr'>cusas,</span> <span class='ocrx_word' id='word_1_6' title='bbox 466 568 578 640; x_wconf 84' lang='lat' dir='ltr'>classe</span> <span class='ocrx_word' id='word_1_7' title='bbox 601 571 748 660; x_wconf 84' lang='lat' dir='ltr'>amissa,</span> <span class='ocrx_word' id='word_1_8' title='bbox 774 570 988 668; x_wconf 79' lang='lat' dir='ltr'>refugerant.</span> <span class='ocrx_word' id='word_1_9' title='bbox 1003 567 1199 654; x_wconf 84' lang='lat' dir='ltr'><strong>Dicebant,</strong></span> <span class='ocrx_word' id='word_1_10' title='bbox 1224 588 1317 666; x_wconf 86' lang='lat' dir='ltr'>quos</span> <span class='ocrx_word' id='word_1_11' title='bbox 1337 596 1382 641; x_wconf 80' lang='lat' dir='ltr'>ex</span> 
     </span>
     <span class='ocr_line' id='line_1_3' title="bbox 319 679 1381 776; baseline 0.001 -29"><span class='ocrx_word' id='word_1_12' title='bbox 319 699 384 748; x_wconf 85' lang='lat' dir='ltr'>sua</span> <span class='ocrx_word' id='word_1_13' title='bbox 404 679 558 776; x_wconf 86' lang='lat' dir='ltr'>quisque</span> <span class='ocrx_word' id='word_1_14' title='bbox 578 681 661 750; x_wconf 85' lang='lat' dir='ltr'>navi</span> <span class='ocrx_word' id='word_1_15' title='bbox 683 685 811 752; x_wconf 90' lang='lat' dir='ltr'>missos</span> <span class='ocrx_word' id='word_1_16' title='bbox 831 681 938 752; x_wconf 89' lang='lat' dir='ltr'>sciret</span> <span class='ocrx_word' id='word_1_17' title='bbox 959 704 1047 752; x_wconf 88' lang='lat' dir='ltr'>esse.</span> <span class='ocrx_word' id='word_1_18' title='bbox 1067 683 1137 750; x_wconf 86' lang='lat' dir='ltr'>Res</span> <span class='ocrx_word' id='word_1_19' title='bbox 1165 693 1240 749; x_wconf 89' lang='lat' dir='ltr'>erat</span> <span class='ocrx_word' id='word_1_20' title='bbox 1261 679 1381 757; x_wconf 73' lang='lat' dir='ltr'>clara:</span> 
     </span>
     <span class='ocr_line' id='line_1_4' title="bbox 320 787 1384 885; baseline 0.004 -29"><span class='ocrx_word' id='word_1_21' title='bbox 320 810 440 884; x_wconf 88' lang='lat' dir='ltr'>neque</span> <span class='ocrx_word' id='word_1_22' title='bbox 467 788 584 860; x_wconf 85' lang='lat' dir='ltr'>solum</span> <span class='ocrx_word' id='word_1_23' title='bbox 614 791 852 885; x_wconf 79' lang='lat' dir='ltr'>argumentis,</span> <span class='ocrx_word' id='word_1_24' title='bbox 878 790 1070 862; x_wconf 87' lang='lat' dir='ltr'>sedetiam</span> <span class='ocrx_word' id='word_1_25' title='bbox 1099 792 1205 860; x_wconf 87' lang='lat' dir='ltr'>certis</span> <span class='ocrx_word' id='word_1_26' title='bbox 1229 787 1384 860; x_wconf 89' lang='lat' dir='ltr'>testibus</span> 
     </span>
     <span class='ocr_line' id='line_1_5' title="bbox 320 894 816 970; baseline 0 -3"><span class='ocrx_word' id='word_1_27' title='bbox 320 894 424 967; x_wconf 86' lang='lat' dir='ltr'>istius</span> <span class='ocrx_word' id='word_1_28' title='bbox 433 900 601 968; x_wconf 68' lang='lat' dir='ltr'>avaritias</span> <span class='ocrx_word' id='word_1_29' title='bbox 613 898 816 970; x_wconf 83' lang='lat' dir='ltr'>tenebatur.</span> 
     </span>
    </p>

    <p class='ocr_par' dir='ltr' id='par_1_3' title="bbox 322 1003 1384 2193">
     <span class='ocr_line' id='line_1_6' title="bbox 371 1003 1384 1105; baseline 0.001 -27"><span class='ocrx_word' id='word_1_30' title='bbox 371 1010 532 1078; x_wconf 69' lang='lat' dir='ltr'>xxxttt</span> <span class='ocrx_word' id='word_1_31' title='bbox 559 1012 677 1079; x_wconf 89' lang='lat' dir='ltr'>Homo</span> <span class='ocrx_word' id='word_1_32' title='bbox 706 1012 838 1080; x_wconf 80' lang='lat' dir='ltr'>certior</span> <span class='ocrx_word' id='word_1_33' title='bbox 858 1006 938 1095; x_wconf 86' lang='lat' dir='ltr'>fit¹,</span> <span class='ocrx_word' id='word_1_34' title='bbox 965 1011 1024 1105; x_wconf 87' lang='lat' dir='ltr'>agi</span> <span class='ocrx_word' id='word_1_35' title='bbox 1050 1005 1140 1077; x_wconf 85' lang='lat' dir='ltr'><strong>nihil</strong></span> <span class='ocrx_word' id='word_1_36' title='bbox 1175 1009 1212 1076; x_wconf 91' lang='lat' dir='ltr'>in</span> <span class='ocrx_word' id='word_1_37' title='bbox 1240 1003 1320 1077; x_wconf 81' lang='lat' dir='ltr'>loro</span> <span class='ocrx_word' id='word_1_38' title='bbox 1347 1023 1384 1079; x_wconf 90' lang='lat' dir='ltr'>et</span> 
     </span>
     <span class='ocr_line' id='line_1_7' title="bbox 322 1115 1384 1215; baseline -0.002 -27"><span class='ocrx_word' id='word_1_39' title='bbox 322 1131 505 1188; x_wconf 84' lang='lat' dir='ltr'>conventu</span> <span class='ocrx_word' id='word_1_40' title='bbox 521 1131 596 1188; x_wconf 78' lang='lat' dir='ltr'>tota</span> <span class='ocrx_word' id='word_1_41' title='bbox 612 1117 689 1205; x_wconf 91' lang='lat' dir='ltr'>die,</span> <span class='ocrx_word' id='word_1_42' title='bbox 707 1121 776 1189; x_wconf 87' lang='lat' dir='ltr'>nisi</span> <span class='ocrx_word' id='word_1_43' title='bbox 788 1118 861 1190; x_wconf 92' lang='lat' dir='ltr'>hoc</span> <span class='ocrx_word' id='word_1_44' title='bbox 878 1119 990 1215; x_wconf 83' lang='lat' dir='ltr'>quaeri</span> <span class='ocrx_word' id='word_1_45' title='bbox 1006 1142 1026 1189; x_wconf 85' lang='lat' dir='ltr'>a</span> <span class='ocrx_word' id='word_1_46' title='bbox 1043 1115 1247 1204; x_wconf 73' lang='lat' dir='ltr'>nauarchis,</span> <span class='ocrx_word' id='word_1_47' title='bbox 1262 1140 1384 1213; x_wconf 88' lang='lat' dir='ltr'>quem·</span> 
     </span>
     <span class='ocr_line' id='line_1_8' title="bbox 322 1225 1383 1324; baseline 0 -28"><span class='ocrx_word' id='word_1_48' title='bbox 322 1225 518 1297; x_wconf 86' lang='lat' dir='ltr'>admodum</span> <span class='ocrx_word' id='word_1_49' title='bbox 543 1226 662 1299; x_wconf 82' lang='lat' dir='ltr'>classis</span> <span class='ocrx_word' id='word_1_50' title='bbox 688 1243 781 1299; x_wconf 87' lang='lat' dir='ltr'>esset</span> <span class='ocrx_word' id='word_1_51' title='bbox 800 1233 947 1312; x_wconf 83' lang='lat' dir='ltr'>amissa;</span> <span class='ocrx_word' id='word_1_52' title='bbox 974 1227 1055 1298; x_wconf 90' lang='lat' dir='ltr'>illos</span> <span class='ocrx_word' id='word_1_53' title='bbox 1085 1225 1327 1324; x_wconf 86' lang='lat' dir='ltr'>respondere,</span> <span class='ocrx_word' id='word_1_54' title='bbox 1347 1241 1383 1298; x_wconf 92' lang='lat' dir='ltr'>et</span> 
     </span>
     <span class='ocr_line' id='line_1_9' title="bbox 324 1333 1384 1434; baseline -0.002 -28"><span class='ocrx_word' id='word_1_55' title='bbox 324 1334 454 1406; x_wconf 90' lang='lat' dir='ltr'>docere</span> <span class='ocrx_word' id='word_1_56' title='bbox 467 1360 786 1434; x_wconf 89' lang='lat' dir='ltr'>unumquemque,</span> <span class='ocrx_word' id='word_1_57' title='bbox 800 1338 970 1408; x_wconf 81' lang='lat' dir='ltr'>missione</span> <span class='ocrx_word' id='word_1_58' title='bbox 988 1339 1181 1432; x_wconf 83' lang='lat' dir='ltr'>remigum,</span> <span class='ocrx_word' id='word_1_59' title='bbox 1196 1333 1289 1405; x_wconf 81' lang='lat' dir='ltr'>ieme</span> <span class='ocrx_word' id='word_1_60' title='bbox 1303 1335 1384 1405; x_wconf 90' lang='lat' dir='ltr'>reli·</span> 
     </span>
     <span class='ocr_line' id='line_1_10' title="bbox 324 1444 1383 1544; baseline 0.001 -31"><span class='ocrx_word' id='word_1_61' title='bbox 324 1467 500 1540; x_wconf 90' lang='lat' dir='ltr'>quorum,</span> <span class='ocrx_word' id='word_1_62' title='bbox 511 1444 715 1517; x_wconf 87' lang='lat' dir='ltr'>Cleomenis</span> <span class='ocrx_word' id='word_1_63' title='bbox 725 1449 856 1518; x_wconf 89' lang='lat' dir='ltr'>timore</span> <span class='ocrx_word' id='word_1_64' title='bbox 871 1461 908 1519; x_wconf 90' lang='lat' dir='ltr'>et</span> <span class='ocrx_word' id='word_1_65' title='bbox 919 1444 1014 1544; x_wconf 86' lang='lat' dir='ltr'>fuga.</span> <span class='ocrx_word' id='word_1_66' title='bbox 1026 1444 1134 1536; x_wconf 90' lang='lat' dir='ltr'>Quod</span> <span class='ocrx_word' id='word_1_67' title='bbox 1149 1459 1383 1542; x_wconf 79' lang='lat' dir='ltr'>posteaquam</span> 
     </span>
     <span class='ocr_line' id='line_1_11' title="bbox 323 1554 1382 1651; baseline 0 -29"><span class='ocrx_word' id='word_1_68' title='bbox 323 1554 391 1623; x_wconf 91' lang='lat' dir='ltr'>iste</span> <span class='ocrx_word' id='word_1_69' title='bbox 407 1555 592 1651; x_wconf 85' lang='lat' dir='ltr'>cognovit,</span> <span class='ocrx_word' id='word_1_70' title='bbox 614 1555 708 1628; x_wconf 91' lang='lat' dir='ltr'>hanc</span> <span class='ocrx_word' id='word_1_71' title='bbox 728 1559 905 1628; x_wconf 83' lang='lat' dir='ltr'>rationem</span> <span class='ocrx_word' id='word_1_72' title='bbox 924 1555 1057 1627; x_wconf 84' lang='lat' dir='ltr'>habere</span> <span class='ocrx_word' id='word_1_73' title='bbox 1077 1557 1187 1651; x_wconf 89' lang='lat' dir='ltr'>coepit</span> <span class='ocrx_word' id='word_1_74' title='bbox 1213 1580 1221 1620; x_wconf 74' lang='grc' dir='ltr'>ε</span> <span class='ocrx_word' id='word_1_75' title='bbox 1244 1577 1382 1625; x_wconf 83' lang='lat' dir='ltr'>causam</span> 
     </span>
     <span class='ocr_line' id='line_1_12' title="bbox 322 1660 1384 1761; baseline 0.002 -31"><span class='ocrx_word' id='word_1_76' title='bbox 322 1660 392 1731; x_wconf 88' lang='lat' dir='ltr'>sihi</span> <span class='ocrx_word' id='word_1_77' title='bbox 408 1660 617 1736; x_wconf 82' lang='lat' dir='ltr'>dicendam²</span> <span class='ocrx_word' id='word_1_78' title='bbox 635 1691 711 1738; x_wconf 86' lang='lat' dir='ltr'>esse</span> <span class='ocrx_word' id='word_1_79' title='bbox 724 1683 895 1739; x_wconf 85' lang='lat' dir='ltr'>statuerat</span> <span class='ocrx_word' id='word_1_80' title='bbox 907 1667 981 1761; x_wconf 81' lang='lat' dir='ltr'>jam</span> <span class='ocrx_word' id='word_1_81' title='bbox 991 1678 1095 1751; x_wconf 87' lang='lat' dir='ltr'>ante,</span> <span class='ocrx_word' id='word_1_82' title='bbox 1110 1687 1219 1760; x_wconf 86' lang='lat' dir='ltr'>quam</span> <span class='ocrx_word' id='word_1_83' title='bbox 1234 1662 1304 1734; x_wconf 90' lang='lat' dir='ltr'>hoc</span> <span class='ocrx_word' id='word_1_84' title='bbox 1319 1687 1384 1733; x_wconf 90' lang='lat' dir='ltr'>usu</span> 
     </span>
     <span class='ocr_line' id='line_1_13' title="bbox 322 1773 1382 1875; baseline 0.006 -38"><span class='ocrx_word' id='word_1_85' title='bbox 322 1775 479 1861; x_wconf 83' lang='lat' dir='ltr'>veniret,</span> <span class='ocrx_word' id='word_1_86' title='bbox 498 1777 547 1846; x_wconf 87' lang='lat' dir='ltr'>ita</span> <span class='ocrx_word' id='word_1_87' title='bbox 564 1790 606 1847; x_wconf 92' lang='lat' dir='ltr'>ut</span> <span class='ocrx_word' id='word_1_88' title='bbox 627 1779 747 1874; x_wconf 89' lang='lat' dir='ltr'>ipsum</span> <span class='ocrx_word' id='word_1_89' title='bbox 767 1781 889 1875; x_wconf 88' lang='lat' dir='ltr'>priore</span> <span class='ocrx_word' id='word_1_90' title='bbox 914 1777 1053 1847; x_wconf 86' lang='lat' dir='ltr'>actione</span> <span class='ocrx_word' id='word_1_91' title='bbox 1078 1774 1196 1846; x_wconf 87' lang='lat' dir='ltr'>dicere</span> <span class='ocrx_word' id='word_1_92' title='bbox 1222 1773 1382 1863; x_wconf 79' lang='lat' dir='ltr'>audistis3</span> 
     </span>
     <span class='ocr_line' id='line_1_14' title="bbox 324 1879 1384 1971; baseline 0 -20"><span class='ocrx_word' id='word_1_93' title='bbox 324 1879 487 1971; x_wconf 85' lang='lat' dir='ltr'>videbat,</span> <span class='ocrx_word' id='word_1_94' title='bbox 509 1885 577 1957; x_wconf 89' lang='lat' dir='ltr'>illis</span> <span class='ocrx_word' id='word_1_95' title='bbox 597 1886 783 1956; x_wconf 86' lang='lat' dir='ltr'>navarchis</span> <span class='ocrx_word' id='word_1_96' title='bbox 808 1883 972 1971; x_wconf 87' lang='lat' dir='ltr'>testibus,</span> <span class='ocrx_word' id='word_1_97' title='bbox 996 1897 1137 1954; x_wconf 83' lang='lat' dir='ltr'>tantum</span> <span class='ocrx_word' id='word_1_98' title='bbox 1155 1882 1226 1953; x_wconf 88' lang='lat' dir='ltr'>hoc</span> <span class='ocrx_word' id='word_1_99' title='bbox 1249 1884 1384 1953; x_wconf 89' lang='lat' dir='ltr'>crimen</span> 
     </span>
     <span class='ocr_line' id='line_1_15' title="bbox 324 1993 1383 2092; baseline -0.001 -31"><span class='ocrx_word' id='word_1_100' title='bbox 324 1994 501 2066; x_wconf 86' lang='lat' dir='ltr'>sustinere</span> <span class='ocrx_word' id='word_1_101' title='bbox 513 2019 551 2066; x_wconf 86' lang='lat' dir='ltr'>se</span> <span class='ocrx_word' id='word_1_102' title='bbox 564 1995 665 2067; x_wconf 92' lang='lat' dir='ltr'>nullo</span> <span class='ocrx_word' id='word_1_103' title='bbox 684 1994 794 2066; x_wconf 90' lang='lat' dir='ltr'>modo</span> <span class='ocrx_word' id='word_1_104' title='bbox 807 2018 912 2092; x_wconf 86' lang='lat' dir='ltr'>posse</span> <span class='ocrx_word' id='word_1_105' title='bbox 927 2022 935 2065; x_wconf 91' lang='lat'>:</span> <span class='ocrx_word' id='word_1_106' title='bbox 950 1994 1139 2066; x_wconf 89' lang='lat' dir='ltr'>consilium</span> <span class='ocrx_word' id='word_1_107' title='bbox 1154 1995 1249 2089; x_wconf 85' lang='lat' dir='ltr'>capit</span> <span class='ocrx_word' id='word_1_108' title='bbox 1267 1993 1383 2090; x_wconf 84' lang='lat' dir='ltr'>primo</span> 
     </span>
     <span class='ocr_line' id='line_1_16' title="bbox 325 2101 937 2193; baseline 0.005 -22"><span class='ocrx_word' id='word_1_109' title='bbox 325 2101 491 2193; x_wconf 90' lang='lat' dir='ltr'>stultum,</span> <span class='ocrx_word' id='word_1_110' title='bbox 507 2119 754 2177; x_wconf 83' lang='lat' dir='ltr'>verumtamen</span> <span class='ocrx_word' id='word_1_111' title='bbox 770 2105 937 2176; x_wconf 89' lang='lat' dir='ltr'>clemens.</span> 
     </span>
    </p>

    <p class='ocr_par' dir='ltr' id='par_1_4' title="bbox 327 2210 1386 2421">
     <span class='ocr_line' id='line_1_17' title="bbox 374 2210 1384 2306; baseline -0.002 -23"><span class='ocrx_word' id='word_1_112' title='bbox 374 2213 606 2285; x_wconf 81' lang='lat' dir='ltr'>Cleomenem</span> <span class='ocrx_word' id='word_1_113' title='bbox 626 2230 663 2286; x_wconf 91' lang='lat' dir='ltr'>et</span> <span class='ocrx_word' id='word_1_114' title='bbox 681 2215 878 2287; x_wconf 73' lang='lat' dir='ltr'>nauarchos</span> <span class='ocrx_word' id='word_1_115' title='bbox 905 2212 950 2284; x_wconf 86' lang='lat' dir='ltr'>ad</span> <span class='ocrx_word' id='word_1_116' title='bbox 978 2236 1016 2282; x_wconf 88' lang='lat' dir='ltr'>se</span> <span class='ocrx_word' id='word_1_117' title='bbox 1034 2214 1153 2283; x_wconf 86' lang='lat' dir='ltr'>vocari</span> <span class='ocrx_word' id='word_1_118' title='bbox 1170 2210 1274 2306; x_wconf 91' lang='lat' dir='ltr'>jubet</span> <span class='ocrx_word' id='word_1_119' title='bbox 1291 2238 1299 2280; x_wconf 90' lang='lat'>:</span> <span class='ocrx_word' id='word_1_120' title='bbox 1322 2233 1384 2281; x_wconf 86' lang='lat' dir='ltr'>ve-</span> 
     </span>
     <span class='ocr_line' id='line_1_18' title="bbox 327 2318 1386 2421; baseline 0.003 -34"><span class='ocrx_word' id='word_1_121' title='bbox 327 2321 455 2390; x_wconf 86' lang='lat' dir='ltr'>niunt:</span> <span class='ocrx_word' id='word_1_122' title='bbox 470 2338 613 2393; x_wconf 86' lang='lat' dir='ltr'>accusat</span> <span class='ocrx_word' id='word_1_123' title='bbox 630 2348 708 2409; x_wconf 93' lang='lat' dir='ltr'>eos,</span> <span class='ocrx_word' id='word_1_124' title='bbox 726 2325 825 2421; x_wconf 92' lang='lat' dir='ltr'>quod</span> <span class='ocrx_word' id='word_1_125' title='bbox 844 2318 1074 2418; x_wconf 82' lang='lat' dir='ltr'>hujusmodi³</span> <span class='ocrx_word' id='word_1_126' title='bbox 1092 2321 1138 2393; x_wconf 91' lang='lat' dir='ltr'>de</span> <span class='ocrx_word' id='word_1_127' title='bbox 1154 2347 1191 2393; x_wconf 92' lang='lat' dir='ltr'>se</span> <span class='ocrx_word' id='word_1_128' title='bbox 1205 2340 1386 2393; x_wconf 84' lang='lat' dir='ltr'>sermones</span> 
     </span>
    </p>
   </div>
   <div class='ocr_carea' id='block_1_3' title="bbox 325 2426 1387 2748">
    <p class='ocr_par' dir='ltr' id='par_1_5' title="bbox 325 2426 1387 2748">
     <span class='ocr_line' id='line_1_19' title="bbox 325 2426 1387 2527; baseline 0.004 -31"><span class='ocrx_word' id='word_1_129' title='bbox 325 2426 534 2517; x_wconf 82' lang='lat' dir='ltr'>habuerint3</span> <span class='ocrx_word' id='word_1_130' title='bbox 554 2446 676 2527; x_wconf 86' lang='lat' dir='ltr'>rogat,</span> <span class='ocrx_word' id='word_1_131' title='bbox 703 2447 744 2503; x_wconf 87' lang='lat' dir='ltr'>ut</span> <span class='ocrx_word' id='word_1_132' title='bbox 771 2433 809 2504; x_wconf 93' lang='lat' dir='ltr'>id</span> <span class='ocrx_word' id='word_1_133' title='bbox 841 2433 955 2504; x_wconf 81' lang='lat' dir='ltr'>lacere</span> <span class='ocrx_word' id='word_1_134' title='bbox 981 2430 1172 2518; x_wconf 88' lang='lat' dir='ltr'>desistant,</span> <span class='ocrx_word' id='word_1_135' title='bbox 1202 2446 1237 2501; x_wconf 89' lang='lat' dir='ltr'>et</span> <span class='ocrx_word' id='word_1_136' title='bbox 1262 2434 1299 2501; x_wconf 89' lang='lat' dir='ltr'>in</span> <span class='ocrx_word' id='word_1_137' title='bbox 1324 2455 1387 2501; x_wconf 87' lang='lat' dir='ltr'>sua</span> 
     </span>
     <span class='ocr_line' id='line_1_20' title="bbox 326 2536 1386 2635; baseline 0.004 -32"><span class='ocrx_word' id='word_1_138' title='bbox 326 2536 479 2632; x_wconf 85' lang='lat' dir='ltr'>quisque</span> <span class='ocrx_word' id='word_1_139' title='bbox 487 2542 568 2608; x_wconf 86' lang='lat' dir='ltr'>navi</span> <span class='ocrx_word' id='word_1_140' title='bbox 578 2539 673 2611; x_wconf 87' lang='lat' dir='ltr'>dicat</span> <span class='ocrx_word' id='word_1_141' title='bbox 679 2566 716 2612; x_wconf 90' lang='lat' dir='ltr'>se</span> <span class='ocrx_word' id='word_1_142' title='bbox 730 2556 872 2612; x_wconf 88' lang='lat' dir='ltr'>tantum</span> <span class='ocrx_word' id='word_1_143' title='bbox 881 2541 1048 2612; x_wconf 85' lang='lat' dir='ltr'>habuisse</span> <span class='ocrx_word' id='word_1_144' title='bbox 1058 2555 1386 2635; x_wconf 64' lang='lat' dir='ltr'>nautarumquan·</span> 
     </span>
     <span class='ocr_line' id='line_1_21' title="bbox 325 2646 1387 2748; baseline 0.004 -36"><span class='ocrx_word' id='word_1_145' title='bbox 325 2655 403 2714; x_wconf 92' lang='lat' dir='ltr'>tum</span> <span class='ocrx_word' id='word_1_146' title='bbox 417 2650 635 2743; x_wconf 87' lang='lat' dir='ltr'>oportuerit,</span> <span class='ocrx_word' id='word_1_147' title='bbox 650 2674 770 2748; x_wconf 85' lang='lat' dir='ltr'>neque</span> <span class='ocrx_word' id='word_1_148' title='bbox 789 2673 1009 2748; x_wconf 82' lang='lat' dir='ltr'>quemquam</span> <span class='ocrx_word' id='word_1_149' title='bbox 1028 2674 1102 2721; x_wconf 90' lang='lat' dir='ltr'>esse</span> <span class='ocrx_word' id='word_1_150' title='bbox 1121 2648 1313 2720; x_wconf 89' lang='lat' dir='ltr'>dimissum.</span> <span class='ocrx_word' id='word_1_151' title='bbox 1329 2646 1387 2718; x_wconf 91' lang='lat' dir='ltr'>llli</span> 
     </span>
    </p>
   </div>
   <div class='ocr_carea' id='block_1_4' title="bbox 265 2882 1393 4213">
    <p class='ocr_par' dir='ltr' id='par_1_6' title="bbox 265 2882 1388 3266">
     <span class='ocr_line' id='line_1_22' title="bbox 326 2882 1388 2955; baseline 0 -22"><span class='ocrx_word' id='word_1_152' title='bbox 326 2882 446 2945; x_wconf 68' lang='lat' dir='ltr'>(liminis,</span> <span class='ocrx_word' id='word_1_153' title='bbox 459 2897 502 2935; x_wconf 83' lang='lat' dir='ltr'>sut</span> <span class='ocrx_word' id='word_1_154' title='bbox 512 2888 569 2952; x_wconf 71' lang='lat' dir='ltr'>fug·</span> <span class='ocrx_word' id='word_1_155' title='bbox 579 2888 715 2955; x_wconf 73' lang='lat' dir='ltr'>dissipetis,</span> <span class='ocrx_word' id='word_1_156' title='bbox 725 2900 847 2954; x_wconf 81' lang='lat' dir='ltr'>sutprre·¹</span> <span class='ocrx_word' id='word_1_157' title='bbox 876 2889 959 2936; x_wconf 76' lang='lat' dir='ltr'>statuit</span> <span class='ocrx_word' id='word_1_158' title='bbox 975 2888 1001 2936; x_wconf 88' lang='lat' dir='ltr'>in</span> <span class='ocrx_word' id='word_1_159' title='bbox 1016 2902 1058 2935; x_wconf 91' lang='lat' dir='ltr'>eos</span> <span class='ocrx_word' id='word_1_160' title='bbox 1071 2887 1164 2935; x_wconf 66' lang='lat' dir='ltr'>emissa</span> <span class='ocrx_word' id='word_1_161' title='bbox 1176 2886 1258 2934; x_wconf 75' lang='lat' dir='ltr'>classis</span> <span class='ocrx_word' id='word_1_162' title='bbox 1272 2884 1388 2934; x_wconf 72' lang='lat' dir='ltr'>invidiam</span> 
     </span>
     <span class='ocr_line' id='line_1_23' title="bbox 327 2961 1388 3029; baseline 0.003 -20"><span class='ocrx_word' id='word_1_163' title='bbox 327 2961 419 3010; x_wconf 85' lang='lat' dir='ltr'>donum</span> <span class='ocrx_word' id='word_1_164' title='bbox 437 2964 502 3013; x_wconf 80' lang='lat' dir='ltr'>ferro</span> <span class='ocrx_word' id='word_1_165' title='bbox 528 2966 694 3027; x_wconf 79' lang='lat' dir='ltr'>obtruncatis,</span> <span class='ocrx_word' id='word_1_166' title='bbox 712 2979 755 3015; x_wconf 81' lang='lat' dir='ltr'>snt</span> <span class='ocrx_word' id='word_1_167' title='bbox 771 2969 834 3016; x_wconf 78' lang='lat' dir='ltr'>fasne</span> <span class='ocrx_word' id='word_1_168' title='bbox 876 2964 1388 3029; x_wconf 82' lang='lat' dir='ltr'>rejicere,stqueeosproditionisnomine</span> 
     </span>
     <span class='ocr_line' id='line_1_24' title="bbox 265 3040 1388 3109; baseline 0.003 -19"><span class='ocrx_word' id='word_1_169' title='bbox 265 3082 268 3089; x_wconf 92' lang='grc'>.</span> <span class='ocrx_word' id='word_1_170' title='bbox 327 3040 721 3109; x_wconf 74' lang='lat' dir='ltr'>deniqueconsumptis.-Missos.</span> <span class='ocrx_word' id='word_1_171' title='bbox 729 3049 833 3095; x_wconf 79' lang='lat' dir='ltr'>Pecunia</span> <span class='ocrx_word' id='word_1_172' title='bbox 876 3046 1017 3103; x_wconf 80' lang='lat' dir='ltr'>arcessitos,</span> <span class='ocrx_word' id='word_1_173' title='bbox 1027 3044 1197 3104; x_wconf 66' lang='lat' dir='ltr'>necaretinfrs</span> <span class='ocrx_word' id='word_1_174' title='bbox 1206 3060 1261 3108; x_wconf 83' lang='lat' dir='ltr'>esp.</span> <span class='ocrx_word' id='word_1_175' title='bbox 1275 3043 1388 3093; x_wconf 64' lang='lat' dir='ltr'>estius</span> 
     </span>
     <span class='ocr_line' id='line_1_25' title="bbox 326 3120 1387 3186; baseline 0 -18"><span class='ocrx_word' id='word_1_176' title='bbox 326 3120 489 3170; x_wconf 84' lang='lat' dir='ltr'>dimissos.-</span> <span class='ocrx_word' id='word_1_177' title='bbox 497 3125 637 3175; x_wconf 79' lang='lat' dir='ltr'>Terrebatur.</span> <span class='ocrx_word' id='word_1_178' title='bbox 646 3127 832 3176; x_wconf 80' lang='lat' dir='ltr'>Demonstrsbs·</span> <span class='ocrx_word' id='word_1_179' title='bbox 876 3136 994 3173; x_wconf 79' lang='lat' dir='ltr'>trsctstur</span> <span class='ocrx_word' id='word_1_180' title='bbox 1003 3125 1043 3172; x_wconf 86' lang='lat' dir='ltr'>hic</span> <span class='ocrx_word' id='word_1_181' title='bbox 1055 3124 1125 3171; x_wconf 83' lang='lat' dir='ltr'>locus</span> <span class='ocrx_word' id='word_1_182' title='bbox 1136 3138 1181 3186; x_wconf 83' lang='lat' dir='ltr'>per</span> <span class='ocrx_word' id='word_1_183' title='bbox 1192 3123 1275 3170; x_wconf 82' lang='lat' dir='ltr'>vsrios</span> <span class='ocrx_word' id='word_1_184' title='bbox 1287 3123 1387 3170; x_wconf 78' lang='lat' dir='ltr'>allectus</span> 
     </span>
     <span class='ocr_line' id='line_1_26' title="bbox 326 3202 1388 3266; baseline -0.007 -10"><span class='ocrx_word' id='word_1_185' title='bbox 326 3205 376 3246; x_wconf 72' lang='lat'>²¹²²·-</span> <span class='ocrx_word' id='word_1_186' title='bbox 877 3202 1092 3252; x_wconf 73' lang='lat' dir='ltr'>commiserationis</span> <span class='ocrx_word' id='word_1_187' title='bbox 1101 3202 1128 3249; x_wconf 86' lang='lat' dir='ltr'>in</span> <span class='ocrx_word' id='word_1_188' title='bbox 1141 3202 1293 3260; x_wconf 80' lang='lat' dir='ltr'>nsvsrchos,</span> <span class='ocrx_word' id='word_1_189' title='bbox 1308 3203 1333 3249; x_wconf 90' lang='lat' dir='ltr'>in</span> <span class='ocrx_word' id='word_1_190' title='bbox 1346 3217 1388 3266; x_wconf 85' lang='lat' dir='ltr'>ps·</span> 
     </span>
    </p>

    <p class='ocr_par' dir='ltr' id='par_1_7' title="bbox 325 3276 1388 3491">
     <span class='ocr_line' id='line_1_27' title="bbox 366 3276 1388 3347; baseline 0.006 -26"><span class='ocrx_word' id='word_1_191' title='bbox 366 3290 404 3322; x_wconf 86' lang='lat' dir='ltr'>ro.</span> <span class='ocrx_word' id='word_1_192' title='bbox 409 3276 527 3327; x_wconf 73' lang='lat' dir='ltr'>Avaritia.</span> <span class='ocrx_word' id='word_1_193' title='bbox 537 3280 611 3342; x_wconf 89' lang='lat' dir='ltr'>Quod</span> <span class='ocrx_word' id='word_1_194' title='bbox 617 3282 689 3343; x_wconf 80' lang='lat' dir='ltr'>hujus</span> <span class='ocrx_word' id='word_1_195' title='bbox 697 3284 758 3331; x_wconf 86' lang='lat' dir='ltr'>vitio</span> <span class='ocrx_word' id='word_1_196' title='bbox 767 3286 835 3331; x_wconf 85' lang='lat' dir='ltr'>remi·</span> <span class='ocrx_word' id='word_1_197' title='bbox 878 3296 967 3342; x_wconf 85' lang='lat' dir='ltr'>rentes,</span> <span class='ocrx_word' id='word_1_198' title='bbox 978 3295 1025 3333; x_wconf 91' lang='lat' dir='ltr'>etc.</span> <span class='ocrx_word' id='word_1_199' title='bbox 1038 3292 1063 3330; x_wconf 88' lang='lat' dir='ltr'>et</span> <span class='ocrx_word' id='word_1_200' title='bbox 1072 3298 1116 3347; x_wconf 85' lang='lat' dir='ltr'>per</span> <span class='ocrx_word' id='word_1_201' title='bbox 1128 3282 1271 3331; x_wconf 71' lang='lat' dir='ltr'>illustriores</span> <span class='ocrx_word' id='word_1_202' title='bbox 1281 3297 1388 3345; x_wconf 71' lang='lat' dir='ltr'>quasque</span> 
     </span>
     <span class='ocr_line' id='line_1_28' title="bbox 328 3353 1388 3428; baseline 0.007 -31"><span class='ocrx_word' id='word_1_203' title='bbox 328 3367 369 3417; x_wconf 80' lang='lat' dir='ltr'>ges</span> <span class='ocrx_word' id='word_1_204' title='bbox 379 3363 446 3399; x_wconf 79' lang='lat' dir='ltr'>erent</span> <span class='ocrx_word' id='word_1_205' title='bbox 458 3353 563 3417; x_wconf 83' lang='lat' dir='ltr'>dimissi,</span> <span class='ocrx_word' id='word_1_206' title='bbox 573 3369 598 3407; x_wconf 90' lang='lat' dir='ltr'>et</span> <span class='ocrx_word' id='word_1_207' title='bbox 609 3361 684 3408; x_wconf 82' lang='lat' dir='ltr'>ceteri</span> <span class='ocrx_word' id='word_1_208' title='bbox 694 3362 835 3411; x_wconf 78' lang='lat' dir='ltr'>ismeinter·</span> <span class='ocrx_word' id='word_1_209' title='bbox 878 3362 983 3428; x_wconf 78' lang='lat' dir='ltr'>ligures,</span> <span class='ocrx_word' id='word_1_210' title='bbox 996 3377 1053 3427; x_wconf 84' lang='lat' dir='ltr'>qnte</span> <span class='ocrx_word' id='word_1_211' title='bbox 1063 3362 1113 3409; x_wconf 86' lang='lat' dir='ltr'>suis</span> <span class='ocrx_word' id='word_1_212' title='bbox 1124 3360 1185 3409; x_wconf 87' lang='lat' dir='ltr'>locis</span> <span class='ocrx_word' id='word_1_213' title='bbox 1194 3376 1246 3409; x_wconf 86' lang='lat' dir='ltr'>sese</span> <span class='ocrx_word' id='word_1_214' title='bbox 1257 3360 1314 3407; x_wconf 90' lang='lat' dir='ltr'>estis</span> <span class='ocrx_word' id='word_1_215' title='bbox 1325 3357 1388 3405; x_wconf 87' lang='lat' dir='ltr'>indi·</span> 
     </span>
     <span class='ocr_line' id='line_1_29' title="bbox 325 3430 976 3491; baseline 0.014 -14"><span class='ocrx_word' id='word_1_216' title='bbox 325 3430 410 3480; x_wconf 59' lang='grc' dir='ltr'><strong>ἱππί.</strong></span> <span class='ocrx_word' id='word_1_217' title='bbox 423 3433 489 3479; x_wconf 86' lang='lat' dir='ltr'>Olim</span> <span class='ocrx_word' id='word_1_218' title='bbox 502 3435 618 3486; x_wconf 62' lang='lat' dir='ltr'>audeas.</span> <span class='ocrx_word' id='word_1_219' title='bbox 879 3442 976 3491; x_wconf 70' lang='lat' dir='ltr'>tabunt.</span> 
     </span>
    </p>

    <p class='ocr_par' dir='ltr' id='par_1_8' title="bbox 326 3512 1393 4213">
     <span class='ocr_line' id='line_1_30' title="bbox 362 3512 1389 3583; baseline -0.001 -22"><span class='ocrx_word' id='word_1_220' title='bbox 362 3512 487 3564; x_wconf 73' lang='lat' dir='ltr'><strong>XXXIX.</strong></span> <span class='ocrx_word' id='word_1_221' title='bbox 498 3526 521 3563; x_wconf 82' lang='lat' dir='ltr'>t.</span> <span class='ocrx_word' id='word_1_222' title='bbox 530 3517 609 3563; x_wconf 83' lang='lat' dir='ltr'>Homo</span> <span class='ocrx_word' id='word_1_223' title='bbox 618 3518 708 3565; x_wconf 83' lang='lat' dir='ltr'>certior</span> <span class='ocrx_word' id='word_1_224' title='bbox 705 3517 749 3583; x_wconf 83' lang='lat' dir='ltr'>fit.</span> <span class='ocrx_word' id='word_1_225' title='bbox 761 3521 836 3581; x_wconf 83' lang='lat' dir='ltr'>Qnsr·</span> <span class='ocrx_word' id='word_1_226' title='bbox 914 3537 938 3569; x_wconf 84' lang='lat' dir='ltr'>s.</span> <span class='ocrx_word' id='word_1_227' title='bbox 956 3519 1061 3567; x_wconf 76' lang='lat' dir='ltr'>Carnam</span> <span class='ocrx_word' id='word_1_228' title='bbox 1071 3519 1118 3567; x_wconf 75' lang='lat' dir='ltr'>siis*</span> <span class='ocrx_word' id='word_1_229' title='bbox 1128 3516 1264 3566; x_wconf 63' lang='lat' dir='ltr'>autenm.</span> <span class='ocrx_word' id='word_1_230' title='bbox 1276 3515 1307 3561; x_wconf 87' lang='lat' dir='ltr'>Se</span> <span class='ocrx_word' id='word_1_231' title='bbox 1317 3528 1389 3561; x_wconf 73' lang='lat' dir='ltr'>eccm</span> 
     </span>
     <span class='ocr_line' id='line_1_31' title="bbox 326 3591 1390 3663; baseline 0.003 -24"><span class='ocrx_word' id='word_1_232' title='bbox 326 3591 465 3641; x_wconf 80' lang='lat' dir='ltr'>tunVerris</span> <span class='ocrx_word' id='word_1_233' title='bbox 471 3593 574 3655; x_wconf 87' lang='lat' dir='ltr'>crimen,</span> <span class='ocrx_word' id='word_1_234' title='bbox 583 3595 722 3654; x_wconf 80' lang='lat' dir='ltr'>crudelitas,</span> <span class='ocrx_word' id='word_1_235' title='bbox 730 3598 761 3646; x_wconf 91' lang='lat' dir='ltr'>sd</span> <span class='ocrx_word' id='word_1_236' title='bbox 767 3600 836 3663; x_wconf 83' lang='lat' dir='ltr'>quod</span> <span class='ocrx_word' id='word_1_237' title='bbox 879 3609 957 3647; x_wconf 85' lang='lat' dir='ltr'>sstum</span> <span class='ocrx_word' id='word_1_238' title='bbox 971 3597 1001 3644; x_wconf 90' lang='lat' dir='ltr'>iri</span> <span class='ocrx_word' id='word_1_239' title='bbox 1008 3596 1167 3662; x_wconf 72' lang='lat' dir='ltr'>indicerent.</span> <span class='ocrx_word' id='word_1_240' title='bbox 1177 3623 1213 3635; x_wconf 92' lang='lat'>-</span> <span class='ocrx_word' id='word_1_241' title='bbox 1224 3597 1273 3643; x_wconf 76' lang='lat' dir='ltr'>vsu</span> <span class='ocrx_word' id='word_1_242' title='bbox 1283 3592 1390 3642; x_wconf 71' lang='lat' dir='ltr'>senine.</span> 
     </span>
     <span class='ocr_line' id='line_1_32' title="bbox 327 3670 1392 3741; baseline -0.001 -20"><span class='ocrx_word' id='word_1_243' title='bbox 327 3670 416 3719; x_wconf 68' lang='lat' dir='ltr'>ursin</span> <span class='ocrx_word' id='word_1_244' title='bbox 437 3686 604 3739; x_wconf 68' lang='lat' dir='ltr'>preparantur</span> <span class='ocrx_word' id='word_1_245' title='bbox 622 3677 696 3724; x_wconf 79' lang='lat' dir='ltr'>animi</span> <span class='ocrx_word' id='word_1_246' title='bbox 712 3677 835 3740; x_wconf 77' lang='lat' dir='ltr'>indicum,</span> <span class='ocrx_word' id='word_1_247' title='bbox 879 3679 908 3725; x_wconf 91' lang='lat' dir='ltr'>Id</span> <span class='ocrx_word' id='word_1_248' title='bbox 922 3687 974 3734; x_wconf 89' lang='lat' dir='ltr'>est,</span> <span class='ocrx_word' id='word_1_249' title='bbox 996 3677 1155 3741; x_wconf 83' lang='lat' dir='ltr'>contingeret.</span> <span class='ocrx_word' id='word_1_250' title='bbox 1175 3678 1236 3724; x_wconf 75' lang='lat' dir='ltr'>Usus</span> <span class='ocrx_word' id='word_1_251' title='bbox 1253 3671 1336 3727; x_wconf 79' lang='lat' dir='ltr'>venit,</span> <span class='ocrx_word' id='word_1_252' title='bbox 1350 3670 1392 3719; x_wconf 82' lang='lat' dir='ltr'>vet</span> 
     </span>
     <span class='ocr_line' id='line_1_33' title="bbox 328 3748 1392 3816; baseline 0.002 -20"><span class='ocrx_word' id='word_1_253' title='bbox 328 3748 376 3797; x_wconf 84' lang='lat' dir='ltr'>hoe</span> <span class='ocrx_word' id='word_1_254' title='bbox 394 3762 468 3815; x_wconf 83' lang='lat' dir='ltr'>pecto</span> <span class='ocrx_word' id='word_1_255' title='bbox 482 3766 489 3802; x_wconf 92' lang='lat'><strong>:</strong></span> <span class='ocrx_word' id='word_1_256' title='bbox 505 3756 592 3802; x_wconf 88' lang='lat' dir='ltr'>Verres</span> <span class='ocrx_word' id='word_1_257' title='bbox 611 3755 744 3804; x_wconf 80' lang='lat' dir='ltr'>navarchos</span> <span class='ocrx_word' id='word_1_258' title='bbox 757 3756 789 3804; x_wconf 88' lang='lat' dir='ltr'>sd</span> <span class='ocrx_word' id='word_1_259' title='bbox 810 3774 835 3805; x_wconf 88' lang='lat' dir='ltr'>se</span> <span class='ocrx_word' id='word_1_260' title='bbox 879 3772 923 3803; x_wconf 76' lang='lat' dir='ltr'>issu</span> <span class='ocrx_word' id='word_1_261' title='bbox 946 3754 1039 3816; x_wconf 80' lang='lat' dir='ltr'>venit,</span> <span class='ocrx_word' id='word_1_262' title='bbox 1060 3754 1173 3804; x_wconf 75' lang='lat' dir='ltr'>dicebant</span> <span class='ocrx_word' id='word_1_263' title='bbox 1198 3763 1291 3801; x_wconf 76' lang='lat' dir='ltr'>veteres</span> <span class='ocrx_word' id='word_1_264' title='bbox 1311 3750 1392 3799; x_wconf 77' lang='lat' dir='ltr'>Latini</span> 
     </span>
     <span class='ocr_line' id='line_1_34' title="bbox 328 3831 1391 3899; baseline 0 -22"><span class='ocrx_word' id='word_1_265' title='bbox 328 3839 411 3888; x_wconf 83' lang='lat' dir='ltr'>voest3</span> <span class='ocrx_word' id='word_1_266' title='bbox 427 3841 508 3896; x_wconf 81' lang='lat' dir='ltr'>rogat,</span> <span class='ocrx_word' id='word_1_267' title='bbox 523 3834 688 3883; x_wconf 88' lang='lat' dir='ltr'>testimonium</span> <span class='ocrx_word' id='word_1_268' title='bbox 699 3835 730 3883; x_wconf 91' lang='lat' dir='ltr'>sb</span> <span class='ocrx_word' id='word_1_269' title='bbox 745 3836 780 3883; x_wconf 87' lang='lat' dir='ltr'>eis</span> <span class='ocrx_word' id='word_1_270' title='bbox 793 3852 836 3884; x_wconf 83' lang='lat' dir='ltr'>ex·</span> <span class='ocrx_word' id='word_1_271' title='bbox 879 3850 925 3898; x_wconf 84' lang='lat' dir='ltr'>pro</span> <span class='ocrx_word' id='word_1_272' title='bbox 938 3834 1036 3883; x_wconf 81' lang='lat' dir='ltr'>accidie.</span> <span class='ocrx_word' id='word_1_273' title='bbox 1055 3834 1173 3899; x_wconf 75' lang='lat' dir='ltr'>Exempla</span> <span class='ocrx_word' id='word_1_274' title='bbox 1186 3831 1350 3896; x_wconf 80' lang='lat' dir='ltr'>congessimus</span> <span class='ocrx_word' id='word_1_275' title='bbox 1363 3831 1391 3876; x_wconf 89' lang='lat' dir='ltr'>in</span> 
     </span>
     <span class='ocr_line' id='line_1_35' title="bbox 327 3912 970 3979; baseline 0.006 -21"><span class='ocrx_word' id='word_1_276' title='bbox 327 3914 440 3970; x_wconf 62' lang='lat' dir='ltr'>torquere</span> <span class='ocrx_word' id='word_1_277' title='bbox 453 3924 562 3975; x_wconf 74' lang='lat' dir='ltr'>conetur,</span> <span class='ocrx_word' id='word_1_278' title='bbox 573 3914 641 3979; x_wconf 87' lang='lat' dir='ltr'>quod</span> <span class='ocrx_word' id='word_1_279' title='bbox 651 3915 777 3964; x_wconf 84' lang='lat' dir='ltr'>invidiosis</span> <span class='ocrx_word' id='word_1_280' title='bbox 786 3931 835 3963; x_wconf 85' lang='lat' dir='ltr'>ser·</span> <span class='ocrx_word' id='word_1_281' title='bbox 880 3912 970 3962; x_wconf 84' lang='lat' dir='ltr'>indice.</span> 
     </span>
     <span class='ocr_line' id='line_1_36' title="bbox 328 3985 1393 4057; baseline 0.002 -26"><span class='ocrx_word' id='word_1_282' title='bbox 328 3986 441 4033; x_wconf 86' lang='lat' dir='ltr'>monibus</span> <span class='ocrx_word' id='word_1_283' title='bbox 449 4004 576 4054; x_wconf 79' lang='lat' dir='ltr'>opponet,</span> <span class='ocrx_word' id='word_1_284' title='bbox 588 3995 632 4057; x_wconf 83' lang='lat' dir='ltr'>qni</span> <span class='ocrx_word' id='word_1_285' title='bbox 644 3994 674 4042; x_wconf 85' lang='lat' dir='ltr'>de</span> <span class='ocrx_word' id='word_1_286' title='bbox 683 4010 725 4042; x_wconf 80' lang='lat' dir='ltr'>sus</span> <span class='ocrx_word' id='word_1_287' title='bbox 733 3991 836 4057; x_wconf 89' lang='lat' dir='ltr'>libidine</span> <span class='ocrx_word' id='word_1_288' title='bbox 915 3993 940 4041; x_wconf 79' lang='grc'>3.</span> <span class='ocrx_word' id='word_1_289' title='bbox 963 3991 1109 4057; x_wconf 77' lang='lat' dir='ltr'>Hujusmodi</span> <span class='ocrx_word' id='word_1_290' title='bbox 1126 3992 1158 4039; x_wconf 84' lang='lat' dir='ltr'>de</span> <span class='ocrx_word' id='word_1_291' title='bbox 1171 4006 1197 4038; x_wconf 85' lang='lat' dir='ltr'>se</span> <span class='ocrx_word' id='word_1_292' title='bbox 1211 4002 1333 4038; x_wconf 78' lang='lat' dir='ltr'>semones</span> <span class='ocrx_word' id='word_1_293' title='bbox 1347 3985 1393 4033; x_wconf 79' lang='lat' dir='ltr'>la-</span> 
     </span>
     <span class='ocr_line' id='line_1_37' title="bbox 328 4063 1390 4133; baseline 0.008 -26"><span class='ocrx_word' id='word_1_294' title='bbox 328 4070 353 4108; x_wconf 89' lang='lat' dir='ltr'>et</span> <span class='ocrx_word' id='word_1_295' title='bbox 372 4063 469 4110; x_wconf 76' lang='lat' dir='ltr'>avaritia</span> <span class='ocrx_word' id='word_1_296' title='bbox 485 4065 646 4119; x_wconf 80' lang='lat' dir='ltr'>hsbsbsntur.</span> <span class='ocrx_word' id='word_1_297' title='bbox 665 4070 713 4118; x_wconf 81' lang='lat' dir='ltr'>sed</span> <span class='ocrx_word' id='word_1_298' title='bbox 727 4080 755 4117; x_wconf 88' lang='lat' dir='ltr'>ut</span> <span class='ocrx_word' id='word_1_299' title='bbox 774 4069 835 4116; x_wconf 88' lang='lat' dir='ltr'>illud</span> <span class='ocrx_word' id='word_1_300' title='bbox 880 4070 981 4120; x_wconf 60' lang='lat' dir='ltr'>boenes.</span> <span class='ocrx_word' id='word_1_301' title='bbox 1004 4071 1094 4133; x_wconf 78' lang='lat' dir='ltr'>Quales</span> <span class='ocrx_word' id='word_1_302' title='bbox 1118 4070 1256 4120; x_wconf 77' lang='lat' dir='ltr'>referuntur</span> <span class='ocrx_word' id='word_1_303' title='bbox 1274 4082 1329 4131; x_wconf 83' lang='lat' dir='ltr'>esp.</span> <span class='ocrx_word' id='word_1_304' title='bbox 1349 4081 1390 4112; x_wconf 86' lang='lat' dir='ltr'>su·</span> 
     </span>
     <span class='ocr_line' id='line_1_38' title="bbox 329 4138 982 4213; baseline 0.017 -27"><span class='ocrx_word' id='word_1_305' title='bbox 329 4138 375 4187; x_wconf 83' lang='lat' dir='ltr'>silsl</span> <span class='ocrx_word' id='word_1_306' title='bbox 389 4138 458 4188; x_wconf 83' lang='lat' dir='ltr'>nullo</span> <span class='ocrx_word' id='word_1_307' title='bbox 474 4142 613 4202; x_wconf 78' lang='lat' dir='ltr'>sdjnmsmo</span> <span class='ocrx_word' id='word_1_308' title='bbox 629 4146 736 4193; x_wconf 83' lang='lat' dir='ltr'>tismnrm</span> <span class='ocrx_word' id='word_1_309' title='bbox 755 4145 833 4208; x_wconf 81' lang='lat' dir='ltr'>videt,</span> <span class='ocrx_word' id='word_1_310' title='bbox 879 4150 982 4213; x_wconf 79' lang='lat' dir='ltr'>periore.</span> 
     </span>
    </p>
   </div>
   <div class='ocr_carea' id='block_1_5' title="bbox 0 0 1590 4780">
    <p class='ocr_par' dir='ltr' id='par_1_9' title="bbox 0 0 1590 4780">
     <span class='ocr_line' id='line_1_39' title="bbox 0 0 1590 4780; baseline 0 0"><span class='ocrx_word' id='word_1_311' title='bbox 0 0 1590 4780; x_wconf 95' lang='lat' dir='ltr'> </span> 
     </span>
    </p>
   </div>
  </div>
 </body>
</html>
