3200 4768
334 413 403 497 242
646 409 694 477 n.
720 409 759 476 r.
785 410 1064 481 crcunours

335 537 438 606 istius
454 557 474 604 a
494 530 601 603 nobis
615 552 743 603 omnes
762 554 864 628 reges
888 530 1109 618 amicissimi,
1131 531 1392 658 nationesque,

335 669 416 742 quae
427 647 466 713 in
485 664 610 733 corum
627 663 742 737 regno
763 664 805 711 ac
822 640 965 712 ditione
974 656 1068 713 sunt.

382 756 469 823 Nam
499 773 601 847 reges
631 750 776 847 Syriae²,
797 753 890 847 regis
916 746 1107 822 Antiochi³
1128 750 1221 825 filios
1244 777 1394 851 pueros,

335 865 431 937 scitis
450 865 572 932 Romae
587 883 707 956 nuper
721 856 830 931 fuisse
851 885 859 927 :
877 859 941 957 qui
962 875 1137 931 venerant
1154 885 1230 931 non
1247 875 1395 959 propter
1479 856 1482 863 ’

332 974 439 1070 Syriae
452 993 623 1067 regnum3
644 968 780 1039 numid
795 969 872 1040 siue
887 971 1132 1042 controversia
1146 969 1395 1060 obtinebant,

332 1098 376 1155 ut
394 1104 413 1152 a
432 1093 533 1179 patre
555 1093 592 1151 et
620 1100 641 1150 a
663 1078 859 1174 majoribus
886 1095 1101 1178 acceperant
1123 1107 1131 1150 :
1153 1080 1216 1151 sed
1241 1104 1395 1178 regnum

333 1193 475 1289 AEgypti
489 1185 504 1232 ⁵
525 1188 570 1259 ad
586 1212 643 1275 se,
662 1203 698 1259 et
715 1188 761 1259 ad
778 1187 929 1261 Selenen
936 1186 966 1278 ὅ,
981 1203 1132 1262 matrem
1147 1213 1265 1277 suam,
1283 1190 1395 1287 perti·

333 1326 419 1372 nere
447 1297 724 1370 arbitrabantur.
746 1301 790 1369 Hi
814 1296 887 1398 ipsi
913 1313 1149 1398 posteaquam
1171 1297 1395 1397 temporibus

333 1408 565 1509 reipublicaet
584 1407 735 1496 exclusi,
755 1432 822 1507 per
842 1423 1007 1481 senatum
1024 1432 1149 1507 agere,
1170 1433 1250 1506 quae
1272 1407 1395 1480 volue-

323 1608 326 1611 ’
371 1628 397 1662 a.
409 1613 477 1661 Nem
489 1610 650 1676 ngessyn‘oe.
658 1611 809 1661 Auuochusn
819 1621 846 1660 et
885 1610 984 1660 tiochns
1001 1626 1054 1660 non
1066 1610 1149 1662 invito
1162 1611 1266 1661 anadlo
1271 1627 1398 1678 ,recupe-

334 1691 461 1740 Seleucum
475 1691 590 1754 intellige.
604 1691 715 1753 Quorum
723 1690 765 1738 ille
777 1689 845 1738 Asia·
887 1706 940 1738 rare
952 1700 1056 1739 conatus
1068 1700 1115 1740 est.

259 1770 264 1778 '
337 1772 415 1829 tiens,
431 1768 499 1832 quod
514 1769 609 1816 inAsis
625 1769 703 1817 suerat
715 1768 844 1825 educatus
923 1767 948 1821 5.
961 1772 1070 1836 Regum
1081 1749 1194 1836 AEgrptt'.
1213 1770 1290 1834 Quod
1302 1771 1398 1820 tenebat

336 1849 377 1897 hic
392 1848 550 1913 Cybiosacten
562 1846 643 1894 dictus
651 1856 705 1894 est:
716 1846 783 1895 hunc
800 1848 845 1894 Be·
886 1848 935 1896 hoc
948 1861 1057 1913 tempore
1070 1849 1217 1898 Ptolemaeus
1229 1849 1343 1908 Auletes,
1355 1849 1398 1897 he-

335 1926 417 1974 renice
436 1926 468 1974 sd
492 1924 591 1989 AEgypti
613 1939 713 1986 aeguum
731 1936 846 1972 vocatum
887 1927 1398 1993 resregninonlegitinsus.Qnires-oqnam

335 2004 466 2053 interfecit.
481 2000 620 2052 Antiochus
637 2016 696 2049 vero
709 2000 845 2060 Asiaticus,
887 2005 1036 2054 Antiochum
1055 2022 1110 2053 cum
1120 2006 1347 2055 tammum
1357 2007 1398 2054 in·

335 2095 465 2150 postquam
476 2080 591 2130 Lucullus
602 2081 729 2145 Tigranem
741 2079 846 2128 debella·
887 2083 993 2143 tellexit,
1000 2093 1025 2132 ct
1034 2100 1048 2131 a
1056 2094 1140 2131 senatu
1146 2099 1218 2148 opem
1225 2085 1363 2148 postulare,
1370 2095 1399 2133 nt

335 2172 419 2223 verat,
431 2161 475 2226 qui
486 2176 564 2209 anuos
577 2158 715 2208 octodecim
724 2159 802 2223 Syrias
810 2174 847 2208 re·
887 2162 914 2210 in
924 2162 1017 2211 avitum
1030 2176 1130 2225 regnum
1141 2162 1335 2221 restituerentur,
1352 2179 1399 2227 per

337 2258 412 2306 gnum
420 2250 543 2300 tenuerst3
552 2239 578 2286 iu
583 2239 676 2287 avitum
686 2254 787 2303 regnum
795 2254 846 2286 sese
886 2241 979 2289 amicos
983 2256 1057 2302 suos,
1066 2239 1184 2304 quosdam
1193 2240 1299 2290 cinctu
1307 2242 1399 2307 primo·

336 2320 452 2368 restituit.
471 2320 556 2366 Postea
568 2333 628 2365 vero
650 2317 779 2381 Pompeius
792 2327 846 2365 ettm
888 2335 926 2367 res
937 2318 1060 2383 eorrupit,
1073 2320 1106 2366 ita
1116 2329 1145 2365 ut
1157 2320 1259 2380 juvenes
1270 2335 1296 2367 re
1308 2320 1399 2369 inlecta

337 2399 401 2446 solio
411 2397 513 2458 ddecit,
524 2408 549 2445 et
558 2395 654 2462 Syriam
662 2396 688 2443 in
695 2397 848 2460 provinciam
888 2399 914 2447 in
923 2398 1025 2462 patriam
1035 2398 1122 2445 reverti
1132 2398 1211 2445 coacti
1220 2397 1277 2445 siut

337 2490 462 2525 romanam
480 2474 582 2537 redegit.
595 2474 763 2522 Narrationem
779 2492 847 2527 suam
924 2478 950 2526 6.
962 2476 1006 2524 Ad
1012 2477 1120 2526 Selenen.
1134 2474 1275 2524 Selenslilia
1285 2486 1337 2524 erat
1353 2492 1398 2525 na·

337 2552 469 2614 cratensi>
480 2552 588 2600 adventu
599 2552 717 2602 Antiochi
728 2557 848 2616 Romam,
889 2567 918 2604 tu
936 2556 1035 2603 minima
1051 2555 1189 2614 Ptolemaei,
1203 2555 1247 2618 qni
1265 2554 1344 2605 dictus
1362 2566 1400 2605 est

337 2632 434 2697 incipit.
455 2631 506 2695 Qui
523 2646 604 2679 mrum
617 2630 680 2679 ordo
693 2632 847 2696 explicanda·
889 2636 994 2698 Ererges
1015 2633 1153 2692 secuudus,
1177 2633 1252 2697 vulgo
1274 2635 1398 2700 Physcon.

336 2729 391 2761 rum
404 2713 511 2776 optimus
524 2720 591 2759 erat:
604 2723 701 2759 necesse
718 2710 784 2758 euim
796 2723 848 2761 erat
889 2713 1003 2777 Physcon
1013 2724 1127 2775 praeterea
1135 2712 1328 2763 dnoaexesdem
1336 2730 1400 2763 nao-

337 2806 530 2841 commemorare
549 2804 600 2854 qno
619 2801 693 2855 pacto
715 2790 792 2855 ἐγὼ»
805 2804 848 2839 rex
889 2808 915 2839 re
935 2790 1000 2839 filios
1013 2798 1170 2856 ‘susceperat‚
1184 2791 1341 2841 Ptolemaeum
1353 2794 1400 2841 La·

338 2874 469 2935 Syracusas
482 2869 626 2918 devenisset.
648 2867 696 2918 Sed
715 2868 802 2917 Cicero
820 2886 848 2919 ea
889 2869 1004 2934 thyrum,
1018 2880 1043 2919 et
1055 2870 1211 2919 Ptolemaeum
1224 2870 1399 2920 Alexandrum.

339 2958 433 2998 tautum
442 2947 742 3011 testamenmentum
750 2946 848 2995 clariori
889 2949 1009 3013 Regnavit
1022 2950 1049 2997 in
1058 2953 1179 3015 Egypto,
1196 2962 1253 3015 post
1265 2951 1400 3016 Physconis

339 3031 423 3078 Verris
437 3029 530 3076 facinus
547 3028 642 3091 possint
658 3027 812 3084 collustrare,
823 3038 848 3075 et
889 3040 992 3077 mortem
1004 3029 1137 3095 Lathyrum
1150 3031 1191 3077 cui
1203 3030 1277 3079 irater
1287 3031 1401 3083 successit

340 3110 454 3170 majorem
476 3106 504 3154 in
527 3105 677 3155 Antiochum
694 3121 848 3155 commorere
888 3107 1037 3157 Alexander.
1055 3108 1113 3170 Quo
1125 3119 1224 3157 mortno
1235 3108 1400 3156 Alexandrum

339 3186 526 3234 nisenuoucu.
887 3186 1112 3248 secundum,hujus
1119 3184 1207 3247 lilium,
1218 3188 1401 3252 SullainAEgy·

374 3264 401 3310 3.
432 3262 505 3325 Regis
530 3259 653 3309 Amtoett.
678 3262 848 3325 cognomento
890 3268 926 3331 pti
939 3283 1040 3332 regnunt
1054 3267 1166 3315 restituit.
1182 3270 1206 3314 Is
1223 3278 1320 3327 antem,
1333 3282 1400 3315 anno

339 3341 454 3403 Ensebis,
462 3357 504 3388 sen
514 3341 558 3405 pii.
568 3342 672 3389 Matrem
682 3340 849 3405 Cleopatram,
889 3357 959 3395 sexto
969 3346 1037 3410 regui
1047 3346 1085 3394 sui
1098 3345 1195 3409 pulsus,
1214 3346 1308 3411 Tyrum
1321 3361 1402 3393 seces-

339 3436 413 3484 qnsm
418 3418 559 3482 Tryphaena
569 3419 706 3480 Interfecit,
715 3430 740 3468 et
748 3421 850 3470 Selenen
889 3425 933 3483 ait,
943 3423 987 3471 nbi
992 3424 1083 3486 absque
1091 3423 1175 3487 prole,
1184 3423 1267 3470 saltem
1280 3423 1402 3486 legitima,

340 3499 426 3549 hstatt
438 3513 549 3547 uxorem
889 3501 988 3550 interiit.
1000 3502 1082 3563 Quum
1091 3503 1117 3550 in
1126 3519 1156 3551 eo
1167 3503 1241 3567 igitur
1251 3501 1316 3564 regia
1327 3503 1402 3567 stirps

375 3588 401 3637 s.
423 3575 573 3625 Obtiuedaut.
587 3577 621 3626 ll.
633 3592 656 3624 e.
669 3576 779 3628 obtinere
793 3582 848 3642 inse
890 3579 1099 3640 cassinensem,
1118 3596 1219 3644 regnum
1236 3579 1268 3627 sd
1283 3579 1419 3640 Selenen,'
1459 3578 1462 3587 '

337 3656 473 3716 debebant,
484 3665 513 3704 nt
525 3667 652 3721 paternum
664 3656 848 3722 avitumquere·
890 3656 1026 3722 Physcouis
1047 3656 1137 3718 filiam,
1156 3658 1225 3707 etad
1241 3660 1294 3722 ejus
1310 3658 1401 3708 liberos

336 3754 420 3803 gnum
434 3737 497 3786 Num
506 3752 556 3801 qno
569 3746 678 3801 tempore
691 3738 793 3785 Romam
802 3752 845 3784 ve·
888 3736 1034 3801 pertinebat.

337 3826 440 3875 nerunt,
459 3816 576 3879 Tigranes
595 3817 690 3880 Syriam
703 3815 844 3874 obtinebat,
927 3833 949 3877 y.
966 3815 1120 3878 Temporibus
1129 3815 1276 3881 reipublice.
1287 3816 1402 3878 licceat,

336 3911 408 3957 quam
418 3910 462 3960 per
477 3896 663 3958 quadriennium
673 3907 730 3960 post
741 3896 794 3943 hnc
807 3905 845 3941 te·
888 3895 982 3943 ratione
995 3897 1148 3959 negotiorum
1162 3896 1252 3959 quibus
1264 3895 1402 3958 respublica

337 3977 405 4033 nuiss
415 3974 494 4021 donee
506 3990 587 4037 pugna
598 3974 728 4023 infeliciter
738 3987 793 4019 cum
800 3973 846 4018 Lu·
890 3972 1182 4024 detinebatur.Dnoenim
1189 3973 1251 4022 bellu
1262 3973 1415 4036 parumne·

335 4051 402 4097 callo
414 4051 541 4097 commissa
555 4052 618 4099 solio
635 4062 674 4099 est
685 4049 841 4107 exturbatum
887 4052 1009 4102 instabant
1029 4053 1077 4102 :in
1095 4052 1212 4117 Hispania
1225 4051 1362 4114 Sertorius,
1377 4067 1402 4103 et

336 4130 479 4194 Syriamque
492 4127 602 4191 reliquit,
614 4143 687 4191 quam
699 4126 843 4177 subitoAn·
888 4130 913 4178 iu
933 4132 990 4179 Asia
1009 4129 1163 4179 Mithridates
1179 4146 1246 4180 arms
1266 4144 1400 4199 coeperant.
