3148 4780
388 443 443 512 IN
466 443 686 519 VERREM
711 445 819 513 ACT.
845 444 905 528 11,
925 443 1022 513 LlB.
1045 443 1085 511 V.
1195 442 1261 540 391

207 564 281 657 jam
302 560 404 632 lero:
425 559 587 658 procedit
605 562 643 631 in
661 557 860 650 mediant,
879 562 975 648 viui,
995 562 1132 647 somni,
1150 571 1266 664 stupri

212 670 349 768 plenus.
373 671 559 767 Excipitur
580 668 625 740 ab
650 669 819 740 omuibus
841 668 1015 765 ejusmodi
1037 670 1208 760 clamore,
1228 689 1268 749 ut

211 776 252 849 ei'
273 781 504 877 Lampsaceni
531 778 683 876 periculi
711 777 929 853 similitudol
952 792 1154 853 versaretur
1185 795 1268 854 ante

211 888 335 961 oculos
349 916 357 959 ε
371 890 442 961 hoc
459 890 566 960 etiam
585 889 700 985 majus
713 889 783 965 boc
798 887 1003 975 ridebatur,
1019 889 1118 985 quod
1129 892 1167 963 iu
1183 890 1267 962 odio

209 998 315 1077 simili
340 995 555 1069 multitudo⁵
577 997 767 1070 bominum
790 997 866 1071 haec
887 1011 963 1071 crat
985 999 1148 1071 maxima.
1177 1004 1268 1075 Tum

209 1110 310 1178 istius
324 1106 426 1179 retal
442 1106 811 1195 commemorabatur,
825 1121 903 1179 tum
919 1104 1091 1204 flagitiosa
1107 1107 1166 1179 illa
1179 1132 1268 1181 cou-

208 1218 317 1303 viviu3
331 1230 410 1286 tuso
426 1215 701 1314 appellabantur
715 1216 978 1291 amultitudiue
994 1216 1183 1289 muliercs⁷
1199 1242 1267 1289 uo-

207 1326 368 1395 minutim
379 1353 389 1412 ;
399 1339 476 1396 tum
490 1325 716 1422 quaerebatur
731 1349 775 1397 ox
789 1328 867 1424 ipso
878 1325 995 1424 palam
1004 1339 1082 1412 ‚tot
1092 1325 1169 1397 dies
1181 1351 1267 1397 oon·

206 1437 346 1520 tinuos,
372 1428 438 1530 por
455 1459 548 1530 quos
565 1459 765 1530 numquam
783 1438 879 1507 visua
903 1451 1014 1521 esset,
1042 1434 1107 1513 ubi
1128 1433 1267 1519 suisset,

207 1540 296 1634 quid
317 1542 465 1638 egissem
483 1556 561 1612 tum
580 1546 775 1639 imperator
787 1541 834 1615 ab
846 1544 916 1615 isto
935 1544 1146 1641 propositus
1166 1545 1266 1616 Cleo

207 1672 331 1719 menes
365 1648 608 1745 flagitabatur3
642 1675 762 1747 neque
792 1651 991 1747 quidquam
1028 1653 1177 1750 propius
1212 1667 1265 1727 est

206 1758 357 1846 factum,
383 1782 492 1855 quam
519 1759 669 1831 utillud
697 1761 865 1833 Uticense
900 1761 1104 1855 exemplum
1132 1760 1177 1833 de
1198 1767 1265 1832 Ha·

206 1865 355 1939 drian0⁸
370 1870 622 1940 transferretur
634 1874 842 1966 Syracusas,
859 1884 901 1941 ut
912 1868 987 1945 duo
1000 1870 1162 1967 sepulcra
1175 1872 1264 1945 duo-

206 2002 285 2048 rum
304 1992 499 2076 pratorum
513 1978 784 2076 improborum,
795 1978 1010 2076 duabusque
1023 1984 1060 2053 in
1073 1983 1264 2078 provinciis

204 2089 517 2161 constituerentur.
532 2093 668 2159 Verum
683 2087 804 2161 habita
816 2104 870 2163 est
885 2114 906 2159 a
924 2087 1153 2161 multitudine
1171 2090 1263 2161 ratio

204 2201 414 2295 temporist,
430 2197 553 2269 habita
578 2212 632 2269 est
652 2196 850 2283 tumultus,
873 2195 995 2269 habita
1014 2198 1121 2267 etiam
1143 2195 1263 2292 digni·

205 2310 285 2377 tatis
317 2308 662 2403 existimationisque
684 2308 901 2391 communis,
919 2304 1019 2403 quod
1044 2308 1074 2377 is
1098 2318 1153 2379 est
1177 2328 1263 2375 con·

203 2424 332 2486 ventus
352 2418 533 2512 Syracusis
558 2417 688 2487 civium
710 2439 962 2504 romanorum,
987 2427 1124 2489 utnon
1152 2414 1260 2489 modu

237 2552 261 2598 3.
276 2549 397 2598 Procedit.
408 2551 496 2597 Amara
509 2549 681 2616 hypotyposin
726 2580 729 2589 ·
751 2549 1185 2614 proptercrudalltatrsnetasaritisan
1191 2567 1259 2607 anans

238 2637 261 2687 4.
283 2627 451 2697 lampsacum,
473 2631 561 2676 Verres
577 2627 709 2677 Dolabellas
753 2628 878 2690 uacans
889 2631 1002 2692 praetorio
1011 2644 1070 2685 suo,
1080 2629 1151 2677 virus
1160 2641 1260 2677 exustus

202 2707 306 2769 legatus,
321 2704 457 2755 Philodami
468 2707 573 2771 hospitis
583 2707 621 2754 sui
634 2704 708 2754 filiam
751 2717 794 2754 eat„
813 2708 865 2754 Liv.
876 2709 934 2770 epit.
946 2709 994 2764 863
1008 2707 1064 2755 val.
1074 2707 1141 2755 Max.
1149 2707 1194 2755 lib.
1207 2709 1257 2766 lx,

203 2800 284 2846 rapere
293 2786 413 2845 voluerst3
422 2785 490 2849 quod
498 2786 597 2850 indigue
605 2784 708 2834 imaum
750 2797 804 2849 cap.
819 2800 862 2846 ro,
871 2796 930 2832 torn,
945 2786 982 2841 11,
991 2799 1047 2847 pag.
1065 2799 1111 2845 ¹7⁷
1124 2784 1184 2832 edit·
1193 2796 1259 2834 nost.

201 2864 356 2927 uaporem·
374 2865 490 2915 emoti
506 2876 580 2925 suat,
598 2874 623 2911 st
641 2864 707 2919 inea
786 2879 814 2925 9.
822 2863 894 2913 uaris
905 2860 1027 2925 samias.
1036 2861 1066 2909 ld
1074 2863 1258 2924 sst,pesiculia

203 2941 292 2999 domo,
315 2942 342 2989 in
354 2960 401 3005 qua
414 2943 595 3001 divertebatur,
607 2944 707 2991 Verrem
750 2941 906 3006 pradonibus
913 2937 1257 3003 impendentia-Thmuluu.

202 3020 283 3067 vivum
293 3020 419 3080 arsissent,
429 3023 453 3067 ni
464 3023 528 3068 cives
537 3022 630 3068 romani
640 3022 708 3068 omni
751 3018 859 3067 Subaud.
873 3018 944 3065 ratim
963 3015 1055 3073 idest,
1075 3018 1172 3064 terroris
1186 3032 1258 3081 quem

201 3114 271 3161 preca
287 3109 313 3146 et
329 3114 401 3162 opera
417 3099 509 3145 veniam
529 3098 581 3157 rjus
594 3098 707 3162 impran-
749 3095 894 3160 predonum
908 3094 1026 3145 adsumas
1041 3104 1066 3142 at
1077 3094 1181 3145 uictoria
1193 3106 1258 3145 attu-

201 3177 298 3229 visamu
312 3177 350 3227 Cl.
362 3180 430 3224 Verr.
444 3180 470 3235 1,
483 3192 524 3233 ²7·
749 3172 1258 3234 lsranthlirsrisaanemultitudiueuillam,

237 3259 261 3306 5.
276 3255 434 3305 Metlaimdu...
448 3255 473 3303 id
486 3265 535 3312 art,
550 3256 706 3319 Syracusana.
750 3271 805 3318 quse
819 3254 891 3317 vulgo
905 3256 1028 3303 temeraria
1045 3264 1118 3301 estet
1134 3270 1257 3319 preceps,

234 3336 260 3383 6.
283 3337 342 3383 Tuas
360 3333 428 3381 r'str'us
444 3345 510 3381 acta.
522 3331 709 3381 Reroeabautur
750 3335 788 3383 vel
799 3334 879 3382 medio
888 3336 914 3381 in
925 3345 985 3397 aratu
994 3336 1117 3395 iramque
1130 3333 1258 3379 consilium

199 3415 224 3463 iu
237 3412 375 3465 memoriam
389 3414 539 3477 quaeVerres
549 3413 574 3459 in
586 3411 708 3475 illosyra-
751 3413 843 3461 nullum
852 3412 962 3469 adhibet,
972 3423 1021 3459 tam
1030 3411 1160 3460 multatam
1167 3413 1259 3476 sapien-

200 3508 289 3541 cusano
303 3492 375 3541 litore
391 3489 521 3539 libidinose
537 3500 625 3553 egerat.
643 3490 706 3537 Olim
751 3503 787 3539 ter
800 3491 1001 3539 considerantem.
1015 3491 1107 3537 Revera
1120 3490 1180 3536 nihil
1196 3500 1258 3536 esset

200 3584 250 3619 erat
263 3570 450 3629 monestrum,
462 3570 495 3617 ita
505 3580 531 3616 ut
541 3579 601 3616 ueta
614 3568 644 3619 da
656 3569 708 3629 ejus
750 3569 790 3616 illa
806 3568 933 3634 prudentis
957 3567 1105 3629 mirabilius,
1122 3567 1142 3613 al
1158 3583 1171 3612 a
1185 3568 1258 3630 Syra·

199 3649 346 3699 facinoribus
362 3647 533 3713 explicaretur,
548 3663 599 3695 non
613 3647 707 3706 jam‘de
750 3662 893 3695 eusuuorum
918 3656 1019 3705 natura,
1040 3659 1093 3691 uon
1122 3652 1202 3689 autem
1226 3644 1257 3690 nh

199 3729 243 3777 illo
259 3744 355 3777 amcruo
374 3728 446 3777 litora
466 3726 496 3777 dc
513 3742 563 3789 quo
578 3742 650 3790 snpra
666 3728 708 3775 31.
751 3726 854 3774 oratoria
872 3726 971 3795 ingenio
993 3720 1195 3786 proficisceretur.
1215 3722 1257 3767 lu·

199 3808 311 3857 Correxit
325 3806 402 3857 uenti
412 3805 443 3853 ds
453 3807 562 3854 uermes.
751 3804 834 3866 dulgat
845 3803 940 3850 Tullius
952 3800 1047 3848 civibus
1058 3798 1124 3859 ruis,
1135 3799 1177 3861 qui
1187 3798 1260 3862 Syra·

236 3904 260 3945 7.
278 3886 399 3935 Mulieres.
414 3885 476 3948 Quae
489 3885 573 3933 Verris
589 3884 706 3933 conviviis
751 3884 815 3932 cusia
828 3881 1027 3945 negotiabantur,
1044 3888 1069 3924 et
1084 3892 1147 3941 quos
1160 3888 1260 3940 propter

199 3962 532 4026 adhibebantur.vid.suprs
544 3979 599 4027 cap.
613 3962 663 4011 31.‘
750 3961 898 4027 probitatem
912 3970 936 4007 et
950 3956 1088 4022 gravitatem
1108 3956 1260 4023 dignissimos

235 4043 259 4090 8.
269 4044 306 4089 Da
315 4040 452 4091 Hadriano.
461 4041 598 4093 Hadrianus
608 4042 632 4089 iu
642 4040 705 4089 Atra·-
749 4058 800 4090 esse
812 4043 908 4089 sitnon
923 4036 997 4085 modo
1011 4036 1051 4084 illa
1065 4036 1203 4102 provincia,
1217 4033 1260 4083 sed

201 4135 227 4163 aa
237 4130 326 4180 praetor
333 4135 408 4183 quum
418 4130 479 4171 essct
488 4136 552 4171 auno
560 4119 633 4169 Urbis
642 4119 706 4181 aliq,
750 4121 822 4168 etiarn
834 4117 966 4185 republica.
