3016 4774
387 423 459 500 586
713 425 1006 498 EXCURSUS
1023 426 1137 496 xvl.

382 548 525 615 domm
542 545 622 613 item
640 545 715 627 iura
730 546 929 637 prediorum
944 548 1173 629 rusticorum,
1192 543 1281 611 velut
1292 542 1350 623 ria,
1362 540 1409 618 lt,

382 669 491 736 acms‚
512 668 547 719 et
571 676 664 742 aquae
686 653 922 721 ductuszitem
948 656 1032 721 servi
1059 670 1098 719 et
1125 647 1409 742 quadrupedemque

382 758 499 842 doram
520 761 644 825 collove
659 759 851 843 domantur,
871 761 960 827 velut
980 762 1107 843 boves,
1131 758 1234 859 muli,
1252 755 1335 843 equi,
1347 751 1408 816 atini:

382 886 496 934 ceterae
517 892 568 934 res
595 892 655 934 nec
676 869 818 958 mancipi
846 886 934 935 sunt
961 868 1168 957 Mancipatio
1191 864 1315 956 propria
1332 857 1409 948 :petit

383 974 585 1038 alienationis
604 990 653 1038 est
669 995 779 1039 rerum
800 975 964 1063 mancipi:
987 996 1094 1061 eaque
1112 970 1152 1036 fit
1171 971 1269 1037 certis
1280 959 1410 1042 rutuli

381 1079 559 1170 bripende,
591 1096 624 1145 et
648 1080 796 1168 quinque
822 1080 958 1145 testibus
987 1079 1221 1168 presentibus.
1238 1076 1297 1138 iles
1319 1066 1409 1134 mollo

383 1209 451 1250 non
468 1186 531 1250 nisi
550 1204 723 1275 presentes
734 1187 908 1274 mancipari
921 1201 1076 1274 possunt,
1088 1201 1125 1250 et
1141 1208 1213 1249 non
1230 1183 1409 1271 pluremum

382 1315 456 1379 quoe
478 1315 579 1356 manu
605 1293 676 1381 capi
699 1308 854 1380 possunt:
874 1292 1059 1359 immobiles
1087 1308 1203 1356 autem
1230 1288 1320 1353 etiam
1341 1280 1409 1369 pluro

382 1397 496 1479 simul,
516 1414 549 1461 et
560 1420 634 1484 quae
651 1396 784 1461 diversis
801 1396 880 1462 locis
895 1414 988 1480 sunt,
1002 1397 1187 1485 mancipari
1201 1382 1409 1482 possano-ll&

381 1502 548 1589 Ulpianus.
568 1503 607 1565 ln
632 1503 738 1589 capite
763 1503 914 1590 proximo
935 1502 1095 1569 mendum
1124 1517 1176 1566 est
1197 1492 1407 1587 apertissimum*

381 1605 547 1678 «Traditio
570 1606 701 1694 propria
725 1623 774 1673 est
794 1629 906 1673 rerum
921 1631 953 1673 ιε
979 1607 1175 1675 addendum
1195 1619 1246 1669 est
1266 1600 1342 1665 enim
1357 1607 1408 1705 «tlt

379 1710 557 1797 mancipi»:
573 1711 665 1800 quod
681 1729 816 1802 propter
831 1715 1005 1801 insequens
1024 1715 1133 1780 simile
1149 1711 1285 1777 verbum
1304 1703 1353 1788 (ut
1363 1692 1409 1811 llll·

379 1816 535 1906 persaepe)
549 1818 707 1882 omissum
719 1835 787 1884 est:
802 1842 878 1884 nam
889 1819 1058 1908 Ulpianus,
1068 1814 1351 1906 «Mancipationem
1360 1799 1407 1864 δια*

380 1945 451 1988 casa
474 1926 638 2014 propriam
661 1926 888 1991 alienationem
914 1949 1026 1993 rerum
1050 1926 1223 2016 mancipi:
1249 1912 1407 1985 nudiores

382 2050 493 2096 rerum
518 2053 579 2095 nec
597 2031 739 2120 mancipi
760 2054 768 2097 :
791 2033 1044 2121 usucapionem,
1067 2052 1103 2099 et
1126 2035 1162 2098 in
1182 2030 1256 2111 jure
1273 2016 1406 2125 ouslolfffl

381 2152 596 2226 amarumque
621 2160 866 2204 communem».
895 2140 955 2205 Est
974 2162 1053 2229 crgo
1074 2142 1155 2223 «jus
1184 2126 1359 2216 mancipll¹r
1373 2129 1407 2193 1¹¹⁵

380 2241 518 2307 dominii
541 2244 577 2307 in
598 2244 638 2309 iis
660 2245 776 2328 rebus,
802 2267 876 2332 quas
901 2245 1042 2334 mancipi
1066 2262 1168 2326 suut,
1194 2234 1348 2330 quantum
1368 2218 1405 2306 (⁰⁰

380 2371 473 2413 more
490 2372 591 2437 quem
606 2349 706 2417 Caius
719 2348 856 2437 explicat
870 2350 904 2415 in
923 2350 1008 2415 libro
1023 2352 1039 2413 1
1056 2335 1335 2425 maurusiorum),
1351 2343 1405 2413 qna·

381 2476 456 2517 rum
473 2476 584 2517 rerum
602 2453 737 2517 nomine
751 2453 869 2518 evictio
881 2469 1061 2542 praestatur,
1072 2472 1112 2523 ut
1124 2456 1168 2523 ab
1186 2475 1227 2518 eo
1242 2445 1297 2538 qul
1307 2438 1405 2505 W

380 2556 483 2646 repeti
498 2579 566 2620 non
580 2572 723 2644 possent.
740 2556 875 2623 Plautus
891 2560 925 2623 in
941 2561 1075 2627 curcul.

321 2704 323 2709 ¹
434 2719 508 2768 Cara.
522 2718 642 2779 Memini,
652 2729 677 2767 st
689 2719 822 2784 mancupio
834 2719 880 2768 tibi
896 2719 970 2771 dabo.
984 2722 1063 2772 Cnac.
1072 2722 1160 2787 .Egon'
1173 2719 1205 2768 ab
1218 2716 1301 2765 lenone
1311 2695 1404 2770 quan·

431 2804 570 2873 Mancupio
579 2809 714 2875 accipiam?
724 2809 814 2876 quibus
826 2811 864 2858 ani
873 2810 936 2859 nihil
947 2822 998 2872 eat,
1009 2812 1059 2860 nisi
1072 2829 1120 2861 una
1133 2813 1238 2876 lingna,

432 2896 484 2961 Qui
493 2896 620 2958 abjurant,
638 2898 659 2945 ai
674 2898 737 2962 quid
750 2898 868 2946 creditum
882 2900 940 2946 est?
958 2900 1052 2949 alieuoa
1063 2899 1231 2966 mancupatis,

431 2985 534 3033 Alienos
544 2985 728 3045 mammutius,
741 2985 875 3050 alienisque
888 2987 1020 3051 imperatis.

430 3071 484 3120 Nec
493 3072 563 3120 robis
573 3083 659 3121 auctor
668 3072 732 3121 ullus
744 3084 796 3136 cst,
809 3090 855 3122 uec
866 3087 962 3124 roamet
970 3075 1030 3124 estis
1042 3073 1097 3124 ulli.

380 3252 476 3319 Unde
498 3278 643 3345 manceps
661 3257 757 3321 etiam
782 3256 901 3323 dicitur
918 3259 953 3322 iu
975 3256 1087 3323 eadem
1111 3280 1228 3336 scena,
1252 3261 1288 3312 ut
1307 3237 1403 3302 ΜΨ

380 3359 438 3449 qui
454 3381 556 3447 quum
571 3361 605 3424 in
622 3362 773 3425 auctione
791 3363 916 3440 emerit,
930 3380 962 3427 et
976 3386 1076 3427 manu
1087 3387 1157 3428 rem
1171 3355 1324 3427 venditam
1338 3345 1403 3416 Ψ

380 3465 438 3548 rlt,
449 3465 538 3528 alteri
551 3482 661 3553 postea
676 3467 875 3555 mancipium
888 3491 1003 3553 suum,
1017 3467 1051 3532 id
1063 3485 1126 3552 est,
1135 3469 1190 3550 jus
1203 3445 1403 3531 dorniniitl‘lue

380 3572 603 3639 auctoritatem
620 3573 727 3638 tradit.

430 3728 512 3778 Coae.
522 3727 575 3791 Ego
589 3742 733 3792 mancupem
746 3738 771 3775 tc
789 3727 851 3777 nihil
864 3742 954 3787 morer,
965 3743 1010 3779 neo
1022 3726 1139 3778 imaum
1150 3728 1224 3777 alium
1234 3713 1368 3788 quemquam

380 3882 471 3948 ldem
491 3885 524 3948 in
545 3884 658 3953 Persa:

433 4037 516 4084 Dono.
526 4041 577 4086 Istc
589 4040 633 4103 qui
645 4040 745 4091 tabellas
755 4040 838 4098 auen.
853 4038 958 4089 adduxit
967 4040 1040 4091 simul

432 4124 517 4171 Forma
529 4125 664 4187 expetenda
677 4125 802 4174 liberalem
814 4124 939 4174 mulierem
