3142 4774
350 408 652 479 1nvnnnn1u
679 410 788 478 Aer.
814 412 871 494 11,
898 412 993 479 nin.
1019 412 1093 481 111.
1207 412 1249 509 37

194 544 320 600 utrum
338 531 388 600 ita
402 530 603 628 scripserit,
623 533 655 601 si
670 544 752 602 uter
770 531 886 618 volet,
901 557 965 617 an,
982 537 1012 602 si
1031 531 1252 605 decumanus

191 638 311 725 volet,
328 638 417 709 nihil
441 640 616 715 interest:
631 654 749 710 arator
772 642 873 710 enim,
889 656 972 711 tuos
992 644 1077 713 istos
1098 668 1250 744 reeupe·
1340 678 1342 683 ·

190 764 328 820 ratores
348 760 572 846 numquam²
594 748 703 822 volet.

241 863 359 954 Quid?
382 862 442 934 illa
467 861 670 958 cujusmodi
696 878 798 952 srmt,
825 887 905 961 quae
930 889 975 934 ex
1000 878 1182 963 tempore,
1205 867 1251 939 ab

191 974 351 1070 Apronio
374 971 603 1059 admonitus,
632 972 768 1045 edixit?
792 976 838 1064 Q.
863 972 1052 1072 Septitio³,
1073 975 1250 1050 honestis-

190 1086 282 1153 simo
297 1082 465 1171 homine,
480 1085 676 1180 equiteque
689 1106 855 1170 romano,
867 1086 1056 1155 resistente
1069 1088 1250 1183 Apronio,

190 1204 226 1261 et
241 1188 459 1275 affirmante,
479 1202 516 1263 se
533 1192 614 1289 plus
630 1190 780 1264 decuma
793 1216 868 1263 non
882 1190 1073 1283 daturum,
1091 1199 1252 1268 exoritur

190 1301 368 1399 peculiare
388 1301 547 1374 edictum
569 1304 820 1400 repentinum,
846 1328 893 1374 ne
920 1307 1003 1399 quis
1027 1301 1250 1377 frumentum

190 1407 236 1480 de
261 1435 343 1482 area
373 1410 515 1483 tolleret
535 1426 642 1499 ante,
660 1436 769 1509 quam
792 1436 875 1483 cum
900 1412 1105 1486 decumano
1125 1431 1251 1514 pactus

190 1526 316 1592 essetl.
331 1522 482 1593 Ferebat
496 1521 590 1592 hane
607 1546 755 1618 quoque
770 1523 994 1619 iniquitatem
1013 1526 1200 1621 Septitius,
1215 1543 1252 1599 et

189 1629 296 1701 imbri
310 1630 533 1725 frumentum
547 1634 730 1730 corrumpi
746 1635 784 1702 in
798 1656 878 1703 area
894 1632 1116 1731 patiebatur:
1134 1661 1249 1732 quum

186 1739 279 1811 illud
291 1741 450 1813 edictum
464 1756 612 1839 repente
626 1740 847 1813 uberrimum
861 1757 896 1813 et
907 1747 1249 1840 quaestriosissimum

187 1853 361 1943 nascitur,
384 1866 426 1922 ut
449 1867 531 1923 ante
558 1849 728 1923 kalendas
755 1866 843 1923 sext.
870 1876 996 1925 ornnes
1018 1852 1186 1926 decumas
1205 1855 1249 1928 ad

186 1959 342 2057 aquam⁵
365 1961 569 2061 deportatas
593 1962 780 2034 haberent.
805 1966 883 2033 Hoc
903 1962 1023 2035 edicto
1048 1989 1122 2055 non
1141 1965 1249 2036 Siculi

188 2072 295 2167 (nam
315 2096 377 2145 eos
397 2073 544 2170 quidem
563 2072 636 2168 jain
659 2072 904 2172 superioribus
923 2072 1048 2145 edictis
1068 2078 1151 2145 satis
1169 2099 1251 2172 per·

186 2179 325 2255 diderat
342 2197 452 2279 atque
467 2180 684 2273 afflixerat),
700 2180 764 2253 sed
780 2183 839 2254 isti
854 2183 922 2279 ipsi
939 2185 1078 2279 equites
1091 2186 1250 2270 romani,

74 2358 78 2371 ,
186 2295 252 2389 qui
264 2317 369 2364 suuni
380 2293 440 2389 jus
451 2295 607 2364 retinere
624 2316 661 2362 sc
675 2305 801 2362 contra
814 2291 1015 2389 Apronium
1028 2316 1135 2390 posse
1149 2308 1250 2364 erant

184 2400 366 2492 arbitrati,
384 2401 566 2501 splendidi
586 2401 768 2490 homines,
786 2415 822 2472 et
840 2401 918 2472 aliis
938 2401 1151 2499 praetoribus
1168 2428 1248 2501 gra-

184 2514 286 2598 tiosi,
312 2514 423 2584 vincti
449 2515 633 2611 Apronio,
658 2509 778 2582 traditi
803 2526 898 2583 sunt.
926 2510 1108 2584 Attendite
1132 2515 1246 2601 enim,

182 2622 387 2718 cujusmodi
408 2623 530 2695 edicta
546 2626 628 2694 sint.
653 2625 707 2693 Nn
728 2647 887 2711 contar,
910 2623 1049 2719 inquit,
1070 2649 1114 2692 nr
1134 2648 1246 2712 rnna,

183 2757 252 2803 rnsr
277 2759 357 2804 einr
382 2757 526 2805 riorus.
549 2736 638 2805 Satis
660 2733 735 2803 haec
759 2757 887 2829 magna
904 2733 958 2801 vis
980 2746 1034 2802 est
1055 2729 1099 2801 ad
1122 2733 1245 2829 inique

183 2841 460 2936 paciscendum:
480 2841 574 2913 malo
593 2839 715 2915 enini6
733 2841 814 2939 plus
833 2840 937 2927 dare,
953 2864 1061 2936 quam
1081 2865 1156 2911 non
1173 2864 1246 2913 rna-

183 2961 266 3018 ture
290 2974 335 3022 ex
356 2974 437 3023 urea
461 2951 599 3023 tollere.
621 2954 667 3022 At
691 2952 763 3023 ista
780 2952 833 3019 vis
857 2940 1069 3046 Septitiiim,
1090 2964 1126 3019 et
1150 2976 1243 3021 non·

183 3174 250 3238 qnod
257 3175 279 3222 ei
286 3190 337 3223 non
344 3175 688 3240 displiceremiror.-erteus.
734 3177 821 3233 tunm,
837 3176 862 3226 h.
876 3193 898 3225 e.
914 3191 965 3224 non
977 3190 1007 3223 ex
1019 3175 1077 3223 enni
1090 3176 1177 3233 initio,
1191 3192 1242 3240 qno

183 3256 203 3301 1.
220 3271 241 3303 e¹
256 3253 341 3314 nihili,
357 3254 413 3302 vilis
426 3267 455 3304 nt
466 3255 553 3304 lutum.
562 3256 689 3305 SioPlrnt.
731 3257 779 3317 jem
789 3255 939 3321 provinciale
951 3270 1021 3302 cunm
1035 3254 1141 3303 edictum
1156 3256 1244 3304 Verres

182 3334 293 3384 Trinnm.
307 3337 351 3393 tv,
374 3344 406 3393 4,
422 3350 452 3384 1:
470 3335 555 3383 -lutee
568 3345 604 3383 est
616 3351 690 3382 inere·
733 3336 760 3382 in
771 3335 828 3383 albo
840 3333 1067 3399 proposueret‚eed
1080 3350 1111 3381 ex
1124 3345 1243 3399 tempore,

181 3412 257 3461 trlxn.
270 3419 341 3462 Forte
353 3414 425 3461 etiem
437 3413 502 3462 ludit
514 3415 540 3461 in
550 3415 633 3462 Verris
644 3428 690 3461 no-
734 3413 845 3479 Apronio
855 3429 883 3460 ee
898 3412 929 3459 de
939 3427 1010 3459 caure
1023 3423 1136 3475 urgente,
1155 3415 1245 3461 consti-

181 3508 249 3552 rnen,
261 3491 329 3557 quod
336 3493 370 3540 eit
380 3493 479 3542 unica
486 3493 540 3541 luto
550 3509 591 3542 ent
600 3515 621 3540 ι.
735 3492 866 3541 tutum.De
875 3490 1054 3554 hirrepentinie
1065 3490 1151 3539 edictis
1160 3493 1244 3541 confer

216 3588 246 3620 n„
255 3572 403 3636 Numquam.
421 3575 458 3620 lte
478 3572 552 3620 codd.
567 3570 651 3620 Neon.
664 3583 690 3620 et
734 3572 797 3618 inire
810 3586 860 3628 ao,
872 3581 896 3619 et
906 3571 979 3618 Verr.
991 3572 1017 3625 1,
1029 3566 1075 3626 43,
1090 3570 1132 3624 46.

180 3651 358 3708 ΜαιΙΙ.ΟΙίω,
367 3650 487 3715 numquid
497 3651 582 3698 uolet?
593 3652 610 3698 J
611 3651 649 3698 N.
659 3652 687 3700 L.
770 3658 794 3705 4.
809 3651 897 3697 Pactus
910 3660 977 3696 esset.
988 3648 1154 3713 Treneegireet
1163 3647 1193 3695 de
1203 3647 1243 3695 de·

215 3733 240 3778 3.
256 3731 286 3792 Q.
303 3729 410 3793 Septicio.
428 3732 511 3794 Quum
524 3731 556 3792 Q.
571 3730 689 3794 Septitine
733 3743 810 3776 enmoe
823 3744 924 3777 nurnero
931 3725 1104 3792 persolvendo.
1257 3794 1261 3799 .

179 3809 291 3874 Apronio
301 3808 554 3871 resisteret,rnbitoin
562 3809 688 3873 publicum
770 3807 793 3854 5.
804 3805 848 3852 Aa
857 3822 956 3870 aquam¹
971 3804 1012 3853 Ad
1021 3803 1080 3851 litus
1091 3803 1147 3852 freti
1157 3802 1245 3862 Siculi,

178 3888 264 3953 prodit
274 3888 380 3936 edictum
393 3888 533 3975 peculim,
548 3889 565 3935 i.
578 3904 602 3937 e.
616 3886 686 3952 quod
733 3884 797 3933 unde
811 3887 916 3932 Romam
932 3884 1101 3932 eveherentur.

178 3966 332 4032 peculiariter
344 3977 368 4014 et
381 3968 450 4031 queri
463 3965 606 4015 nominatim
614 3966 687 4015 scribi
768 3966 792 4014 6.
805 3962 1130 4013 natoenim.nocam10rir
1143 3964 1242 4013 nornine

177 4046 249 4106 inerit
260 4048 286 4095 in
295 4049 328 4110 Q.
338 4046 467 4110 Septitinrn
475 4060 582 4110 quocum
592 4056 689 4093 contro-
734 4044 978 4093 dienen-Mature.
989 4044 1125 4109 Antequam
1139 4045 1242 4093 frunien-

181 4126 281 4174 rmum
291 4124 398 4175 hrbebn
411 4122 552 4191 Apronium
568 4135 592 4173 et
606 4140 690 4188 repen·
737 4135 759 4172 ta
774 4134 970 4189 corrumpentur.
