3054 4772
440 419 716 491 EXCURSUS
739 419 905 490 XXVII.
1133 417 1204 489 613

141 542 237 611 eisin
252 542 378 608 civitate
395 564 525 607 manere
540 543 665 608 licebat.
678 545 825 608 Inru-
835 535 978 629 διέβαινε
994 541 1076 629 pati,
1095 553 1130 604 ut
1136 564 1207 629 poe·

6 676 8 687 ’
142 673 202 714 nas
212 646 324 737 suffert
339 649 373 712 in
387 647 478 715 Catil.
494 664 527 713 et
541 671 601 736 pro
616 648 742 714 Flacco.
757 648 888 712 Passsn.

141 842 1193 871 ΜΜΜΜΜΜΜΜΜΜΜΜΜΜΜΜΜ

252 1041 734 1166 EXCURSUS
777 1041 1101 1162 XXVIII

223 1269 286 1338 AD
311 1268 582 1341 ORATIONEM
605 1268 697 1334 PRO
722 1266 918 1351 CAECINA,
944 1267 1042 1335 CAP.
1069 1263 1125 1348 34.

553 1426 790 1453 *v-

193 1590 294 1678 Qusm
316 1604 411 1678 pater
424 1600 576 1677 patratus
596 1587 722 1651 dedidit.
745 1589 844 1651 Pater
855 1604 1023 1678 patratus,
1049 1590 1206 1654 fetialium

142 1694 314 1782 princeps,
341 1694 415 1782 qui,
438 1695 464 1758 si
487 1692 567 1780 quid
588 1715 664 1757 cum
684 1693 833 1757 hostibus
853 1694 1063 1781 patrandum,
1084 1694 1118 1759 id
1139 1712 1207 1779 est,

140 1815 199 1863 aut
207 1800 297 1880 belli,
309 1816 366 1863 aut
377 1799 464 1887 pacis
478 1821 571 1863 causa
583 1797 826 1889 transigendum
840 1815 942 1881 esset,
955 1803 1067 1888 populi
1079 1803 1206 1867 romani

138 1906 274 1969 nornine
290 1905 446 1993 patrabat.
467 1904 652 1969 Dedehatur
669 1920 778 1969 autem
795 1904 964 1987 hostibus,
981 1907 1038 1993 qui
1061 1930 1136 1971 curn
1160 1909 1205 1972 eis

140 2026 253 2096 pacem
268 2008 401 2091 fecerat,
413 2033 511 2097 quam
525 2011 665 2098 populus
678 2032 832 2074 romanus
845 2026 946 2077 ratam
958 2010 1078 2074 habere
1091 2013 1202 2076 nollet.

140 2115 220 2179 Eam
234 2114 430 2180 deditionem
440 2130 538 2204 pater
547 2127 716 2203 patratio,
732 2137 771 2178 ex
791 2114 947 2179 fetialium
964 2115 1099 2204 collegio
1120 2138 1207 2179 crea·

139 2235 210 2301 tus,
227 2220 381 2309 patrabat
399 2223 448 2284 De
468 2219 633 2284 deditione
653 2220 836 2306 exemplum
853 2236 903 2282 est
923 2234 1040 2282 notum
1053 2221 1206 2284 omnibus

140 2323 182 2389 de
199 2326 238 2389 T.
256 2326 411 2408 Veturio,
434 2342 468 2390 et
483 2326 539 2413 Sp.
557 2324 744 2406 Postumio,
767 2325 824 2411 qui
845 2323 945 2388 dediti
973 2347 991 2387 a
1009 2326 1207 2389 Samnitibus

139 2429 300 2519 repudiati
312 2447 405 2496 sunt:
418 2429 505 2520 apud
516 2430 642 2495 Livium
656 2429 711 2493 lih.
721 2430 778 2497 lx.
787 2431 837 2493 De
847 2429 1001 2493 Mancino
1019 2431 1113 2494 etiam
1129 2446 1206 2495 nota

139 2552 188 2600 est
202 2537 336 2600 historia
350 2558 390 2599 ex
402 2534 574 2599 Plutarcho
590 2536 623 2598 in
641 2535 863 2601 Gracchorum
880 2536 960 2617 nita,
974 2535 1065 2599 Livio
1080 2535 1135 2600 lib.
1150 2537 1205 2598 LV

139 2640 269 2722 etLV13
283 2640 411 2704 Valerio
422 2638 479 2703 lib.
492 2640 528 2720 I,
542 2662 610 2727 cap.
626 2640 647 2703 6
652 2687 662 2721 ,
676 2656 709 2703 et
719 2640 890 2716 Cicerone,
902 2641 957 2705 lib.
975 2639 1015 2705 de
1029 2640 1122 2705 Offic.
1136 2643 1203 2723 Ill,

139 2746 173 2808 in
188 2747 333 2833 TopicIs,
351 2762 385 2809 et
403 2745 457 2809 lib.
470 2744 512 2815 de
526 2748 662 2810 Oratore
681 2747 714 2827 1,
730 2747 780 2809 his
796 2745 902 2810 verbis
923 2769 931 2809 ε
952 2746 1007 2809 «Si
1024 2747 1061 2810 C.
1078 2747 1203 2813 Manci-

138 2872 219 2913 num
235 2851 474 2917 nobilissimum
490 2867 588 2940 atque
606 2851 768 2939 optimum
785 2852 910 2931 virum,
929 2872 967 2913 ac
985 2851 1206 2933 consularem,

138 2980 241 3045 quum
253 2974 387 3047 propter
399 2958 552 3027 invidiam
565 2957 756 3022 N'umantini
768 2957 897 3023 loederis
906 2973 997 3045 pater
1007 2972 1150 3045 patratus
1166 2980 1204 3023 ex

138 3064 171 3128 S.
190 3065 226 3128 C.
246 3062 454 3129 Numantinis
472 3063 662 3146 dedidisset,
680 3086 823 3151 eumque
842 3063 889 3126 illi
906 3086 973 3127 non
990 3063 1203 3150 recepissent,

138 3184 314 3256 posteaque
330 3169 502 3234 Mancinus
520 3168 657 3234 domum
673 3170 865 3250 revenisset,
884 3191 990 3257 neque
1003 3170 1037 3232 in
1052 3183 1200 3232 senatum

6 3320 24 3349 2.
138 3273 272 3338 introire
282 3272 474 3355 dubitasset,
490 3274 525 3339 P.
541 3273 682 3338 Rutilius
694 3274 738 3338 M.
756 3274 792 3336 F.
806 3273 960 3339 tribunus
973 3274 1017 3363 pl.
1035 3273 1076 3338 de
1089 3290 1202 3338 senatu

134 3379 230 3459 jussit
247 3378 358 3462 educi,
376 3378 466 3467 quod
483 3401 558 3443 eum
575 3380 676 3449 civem
694 3395 827 3469 negaret
845 3402 936 3444 esse:
953 3380 1028 3469 quia
1046 3380 1201 3443 memoria

137 3483 183 3548 sic
201 3501 284 3548 esset
296 3482 481 3571 proditum,
498 3505 595 3571 quem
610 3499 701 3572 pater
717 3507 807 3567 suus,
820 3500 877 3548 aut
890 3484 1030 3574 populus
1042 3483 1204 3548 vendidis-

137 3604 202 3671 set,
221 3604 279 3653 aut
295 3605 387 3676 pater
404 3604 547 3676 patratus
563 3587 753 3670 dedidisset,
771 3590 798 3653 ei
818 3590 944 3652 nullum
961 3610 1030 3652 esse
1043 3587 1202 3675 postlimi-

138 3695 229 3758 nium
247 3726 271 3758 ι.
296 3695 338 3758 Et
364 3692 451 3782 apud
473 3693 692 3781 Pomponium
716 3696 828 3759 JCtum
852 3694 873 3758 l.
897 3695 955 3758 ult.
980 3695 1020 3756 D.
1047 3691 1087 3757 de
1109 3691 1204 3782 legat.

136 3800 272 3882 «Eum,
298 3800 430 3887 inquit,
454 3800 510 3886 qui
536 3799 677 3888 legatum
691 3799 877 3888 pulsasset,
902 3800 944 3883 Q.
969 3798 1098 3863 Mucius
1127 3796 1202 3861 dedi

137 3899 302 3980 hostibus,
321 3892 462 3989 quorum
485 3917 576 3965 erant
598 3902 708 3991 legati,
728 3901 839 3965 utilius
862 3923 929 3964 esse
951 3899 1064 3964 solitus
1083 3914 1134 3967 est
1152 3921 1203 3967 re·

138 4005 298 4094 spondere
317 4000 326 4071 i
342 4031 440 4097 quem
455 4008 565 4073 hostes
584 4009 612 4072 si
631 4032 697 4072 non
717 4010 930 4097 recepissent,
948 4006 1118 4095 quaesitum
1136 4022 1203 4086 est,

137 4133 177 4173 an
194 4111 271 4176 civis
288 4135 369 4177 rom.
387 4132 590 4179 remaneret:
612 4113 806 4202 quibusdam
828 4113 1082 4179 existimantibus
1102 4134 1205 4203 rema·
