3016 4774
345 428 534 499 ousrto
557 430 660 498 ruo
683 427 726 494 A.-
751 424 966 495 cAEctua.
1114 422 1183 524 537

123 554 379 653 sponsionem,
413 550 443 621 si
476 546 663 635 ostendat,
703 570 786 617 eum
816 571 893 616 non
926 544 1125 642 possedisse
1139 547 1182 620 ¹4.

123 670 240 759 Negas
266 660 391 756 dejici,
418 660 487 730 nisi
512 653 833 756 quipossideat15.
859 656 1022 728 Ostendo
1045 683 1089 728 ex
1115 659 1186 733 hoc

125 770 580 859 interdicto,nnauuar1s
602 791 820 854 nourumus,
848 768 912 864 qui
931 771 1044 864 possit
1066 784 1186 841 osten·

126 881 211 953 dere
222 878 253 925 ¹⁶
279 905 354 950 non
380 878 580 976 possedisse
598 903 707 967 eum,
730 881 795 975 qui
820 876 983 973 dejectus
1008 880 1077 967 sit,
1098 905 1186 951 con-

126 992 289 1064 demnari
312 1005 432 1061 tamen
456 991 661 1087 sponsionis
683 1011 828 1060 necesse
854 1012 954 1075 esse,
982 989 1011 1058 si
1035 986 1189 1060 fateatur

126 1126 204 1175 esse
224 1101 417 1195 dejectum.
900 1184 903 1191 ¹

174 1214 317 1283 XXXII.
341 1209 544 1307 Dupliciter
568 1207 736 1279 homines
759 1206 979 1301 dejiciuntur
999 1233 1006 1274 :
1029 1220 1092 1277 aut
1112 1208 1190 1278 siue

127 1323 259 1394 coactis
286 1319 473 1390 armatisve
502 1315 732 1404 hominibus,
758 1331 820 1388 aut
844 1340 909 1413 per
934 1316 1112 1411 ejusmodi
1136 1339 1193 1386 ra·

127 1434 265 1503 tionem
287 1442 396 1524 atque
416 1430 524 1499 vim¹.
550 1424 605 1497 Ad
630 1426 719 1496 duas
745 1425 933 1497 dissimiles
953 1450 1011 1498 res
1032 1425 1107 1497 duo
1130 1424 1193 1496 de-

126 1536 475 1635 juncta²interdicta
487 1549 583 1607 sunt.
605 1541 648 1606 In
666 1534 726 1605 illa
738 1537 774 1606 vi
789 1536 1001 1633 quotidiana
1020 1562 1096 1607 non
1111 1538 1194 1608 satis

131 1803 198 1847 nem,
209 1786 321 1836 ntsditio
332 1786 507 1851 antiquissima.
519 1788 644 1837 θυι-
686 1784 739 1848 lege
753 1784 802 1842 53,
814 1784 846 1833 de
854 1784 986 1833 verborum
1003 1784 1180 1850 significatione
1192 1821 1200 1845 ‚

132 1869 244 1932 Utroque
259 1866 330 1927 loco,
343 1866 495 1933 spurciorem
513 1866 552 1915 ed.
565 1869 642 1924 reto.
686 1864 724 1912 bis
743 1863 837 1913 verbis:
854 1867 947 1929 «Saepe
964 1878 1130 1929 comparatum
1148 1876 1198 1923 est,

132 1948 237 1996 Ganar.
686 1956 715 1992 ut
728 1945 860 2006 conjuncta
874 1962 920 2009 pro
935 1946 1064 2008 disjunctis
1077 1943 1199 2008 accipian-

171 2034 212 2083 rt.
224 2025 253 2073 Si
260 2024 374 2073 ostendat
383 2042 438 2073 suns
446 2040 496 2073 nors
501 2023 643 2088 possedisse.
687 2034 744 2080 tur,
766 2034 791 2071 et
818 2023 940 2084 disjuncta
965 2040 1012 2089 pro
1031 2023 1199 2083 conjunctis».

132 2106 169 2154 Ar
176 2104 290 2171 negantis
290 2103 391 2169 sactum
392 2102 508 2169 probatio
518 2103 588 2152 nulla
594 2115 646 2152 est:
687 2100 783 2149 Deinde
796 2102 822 2148 in
837 2103 955 2166 exemplis
967 2102 1080 2150 addidit:
1099 2100 1200 2164 «Quod

134 2185 239 2249 deniqne
257 2200 365 2249 persepe
379 2195 463 2249 postea
482 2183 646 2241 demonstrat,
689 2179 760 2239 dedi,
773 2190 816 2227 aut
829 2180 931 2239 donavi,
944 2191 1074 2243 utrumque
1088 2179 1199 2227 contine·

134 2264 235 2333 dejecti,
249 2279 300 2312 non
317 2262 444 2329 dejectoris
461 2273 541 2325 partes
558 2261 645 2316 fuisse,
690 2259 1201 2308 rur».r.1·“rm.-1nurfurt.umen

134 2342 268 2409 probandae
279 2342 439 2407 possessionis
450 2356 512 2389 onus
523 2341 550 2387 in
560 2357 585 2387 se
595 2356 648 2387 sus·
689 2337 775 2385 codiee
783 2348 848 2386 recte
857 2337 972 2386 scribitur
981 2350 1055 2402 atque
1063 2337 1125 2387 vim.
1138 2338 1202 2385 Nam

134 2423 230 2487 cipere,
240 2421 308 2485 quod
317 2432 341 2468 et
351 2421 454 2468 naturali
463 2431 488 2468 et
496 2418 562 2467 civili
572 2419 648 2483 aequi·
689 2416 801 2479 quamvis
809 2429 855 2464 aut
862 2433 1045 2482 nonnumquam
1054 2418 1090 2465 sic
1099 2417 1203 2481 accipia-

135 2498 649 2561 tatioonsentaneumest,utqnle1eipit,
691 2507 744 2554 tur,
761 2508 789 2545 ut
808 2498 936 2547 contendit
953 2498 1042 2557 Faber,
1061 2509 1142 2546 tamen
1161 2497 1203 2544 bic

136 2597 189 2629 non
198 2580 242 2642 qui
250 2577 368 2636 intendit,
376 2574 481 2641 probet;
490 2576 507 2624 l.
521 2591 565 2638 19,
573 2577 606 2625 D.
617 2575 649 2625 de
690 2575 768 2638 judici
777 2576 977 2643 auditoribusque
988 2579 1107 2643 potuisset
1117 2576 1204 2625 obscu-

136 2658 234 2723 probat.
244 2661 365 2707 Hor-roas.
574 2658 577 2669 '
691 2658 787 2706 ritatem
796 2656 1206 2721 parere.Gw.-—Ernest.male,

175 2737 216 2785 15.
233 2734 290 2783 Nisi
304 2735 347 2798 qus'
356 2732 490 2798 possideat.
508 2733 567 2782 Nou
585 2733 649 2783 euim
693 2747 757 2783 «aut
773 2752 818 2799 per
835 2737 885 2783 vim
896 2759 920 2786 ι.
942 2737 1091 2796 Scribimus,
1108 2758 1121 2778 α
1132 2747 1206 2799 atque

139 2814 261 2876 dejicitur,
271 2814 319 2869 nisi
330 2814 371 2861 cui
386 2813 507 2877 possessio
519 2813 649 2862 adimitur:
693 2815 743 2861 sim
753 2835 779 2872 s,
788 2831 819 2862 ex
827 2815 962 2862 Erfurtensi
972 2816 1049 2873 libro,
1059 2826 1088 2862 ut
1096 2816 1208 2864 Graevius

139 2910 192 2942 non
204 2893 320 2942 adimitur
333 2904 427 2950 autem,
438 2893 486 2940 nisi
500 2894 536 2951 ei,
551 2893 595 2956 qui
606 2892 651 2941 ba·
694 2892 802 2950 volebat,
809 2895 952 2941 assentiente
959 2896 1166 2942 Garatonio.J.V.
1175 2897 1205 2942 L.

140 2973 197 3022 bet:
208 2973 247 3020 tit.
263 2989 286 3033 r,
298 2970 315 3036 S
326 2987 380 3019 cum
390 2972 444 3035 qui,
455 2974 487 3020 D.
501 2971 531 3020 de
544 2972 583 3035 ri,
593 2973 651 3021 etsi
731 2988 756 3019 a.
775 2971 819 3019 Ad
836 2970 898 3019 duas
911 2971 1037 3020 dissimiles
1053 2988 1091 3020 res
1104 2972 1153 3019 dato
1165 2973 1209 3020 de·

141 3062 226 3100 armat.
239 3054 315 3101 lusis.
477 3060 483 3069 ·
596 3080 601 3087 ·
695 3050 775 3099 ensem
793 3049 924 3098 interdicta
937 3062 1000 3100 sarm.
1015 3038 1140 3113 Adjuncta
1161 3068 1208 3116 pro

180 3131 220 3179 xo.
243 3129 292 3192 Qui
305 3128 386 3193 possit
403 3128 536 3176 ostendere.
556 3128 587 3176 Id
601 3140 654 3189 est,
696 3128 909 3193 devincta,placet
919 3142 948 3178 ut
959 3131 1062 3193 legatur.
1078 3135 1103 3179 F.
1114 3132 1206 3180 Ursis.

142 3223 198 3258 eum
213 3208 256 3271 qul
274 3208 299 3255 vi
316 3217 405 3254 armata
424 3206 525 3267 dejecit,
543 3207 614 3254 etiam
632 3208 653 3255 si
696 3210 795 3255 -Duo
806 3208 916 3259 άσνίιιιεα
929 3208 1066 3258 interdieta.
1076 3210 1210 3258 Lambinus

142 3282 247 3353 probare
266 3286 343 3351 possit
361 3302 387 3332 se
406 3285 555 3349 possedisse,
574 3296 654 3333 tamen
697 3286 760 3334 vidit
768 3302 873 3336 errorem
880 3290 1025 3337 escort-exit.
1034 3290 1119 3337 Potuit
1127 3299 1208 3336 tamen

143 3378 246 3433 propter
262 3365 345 3414 odium
356 3380 479 3413 armornm
489 3364 654 3412 condemnari.
697 3367 789 3415 leviore
807 3368 941 3416 mutatione
953 3384 1038 3416 rernm
1051 3369 1152 3417 verbum
1165 3369 1210 3415 de-

179 3448 289 3494 xxxtt.
302 3434 325 3493 ι’.
340 3447 388 3491 Per
396 3443 516 3509 ejusmodi
523 3444 655 3502 radonem,
685 3446 782 3509 juncta
798 3464 931 3511 reponere,
947 3458 974 3495 ut
991 3460 1043 3496 erat
1060 3449 1087 3495 in
1100 3450 1209 3495 Timaeo:

144 3537 190 3573 aut
208 3524 270 3573 vim.
289 3524 433 3572 Particulam
455 3535 500 3571 aas
521 3523 656 3572 doctissimi
699 3530 758 3577 «lm
775 3527 904 3575 messim
921 3527 1003 3591 cogit,
1019 3538 1048 3575 ut
1060 3528 1144 3575 eadem
1161 3527 1211 3573 sint

144 3605 193 3653 viri
210 3605 333 3652 serendam
351 3604 393 3651 hic
414 3618 465 3651 esse
481 3617 534 3651 uon
552 3613 655 3667 putaut;
700 3620 743 3665 ea,
755 3621 810 3669 quae
821 3603 1211 3666 dejunctslnerunt-.-Editio

146 3697 192 3745 ego
212 3698 265 3729 nou
286 3682 362 3745 magis
384 3680 517 3744 corrigam,
538 3698 611 3745 qnam
629 3681 657 3730 iu
701 3701 758 3733 sane
774 3685 940 3749 antiquissima
954 3685 1012 3732 anni
1028 3693 1104 3749 1472,
1117 3684 1210 3733 Erfurt.

145 3759 190 3810 llb.
201 3763 214 3809 1
225 3760 256 3809 de
265 3761 333 3807 Orat.
346 3760 657 3824 «quaeiudisceptatione‚
702 3773 726 3811 et
746 3765 773 3811 Ρ,
791 3767 877 3811 Frsuc.
904 3765 951 3811 Ms
980 3763 1101 3829 deJ'uncta.
1130 3763 1210 3813 Plaut.

146 3850 189 3886 sut
203 3842 230 3887 in
242 3857 288 3889 usu
303 3839 393 3888 forensi
402 3852 427 3886 s:
442 3849 484 3886 aut
501 3839 619 3888 similibus
630 3841 658 3889 iu
702 3843 801 3891 Asinae.
817 3864 831 3886 s
841 3843 879 3891 Nc
895 3857 940 3889 uos
957 3841 1061 3906 dejunge
1076 3852 1183 3890 amantes
1188 3864 1211 3892 n.

146 3916 224 3981 locis,
242 3919 268 3964 ln
290 3918 380 3982 quibus
397 3917 477 3966 valere
496 3918 659 3983 copulativam
703 3922 759 3971 Cic.
770 3923 800 3971 de
812 3921 974 3970 Universitats
985 3936 991 3968 :
1004 3922 1144 3982 «Dejuucts
1158 3936 1213 3986 quse

148 3997 362 4058 conjunctionem,
382 3998 519 4047 docuerunt
541 4014 659 4063 gramm·
704 4002 798 4050 luerem
814 4001 912 4059 omnia,
926 4011 983 4049 suut
998 4015 1112 4049 nnuma:
1126 4003 1161 4050 sic
1178 4003 1215 4050 ibi

148 4073 192 4121 tici
213 4084 306 4122 veteres
327 4077 481 4136 Diomedes,
502 4078 657 4140 Priscianus,
703 4080 842 4145 legendum.
861 4080 912 4132 Ubi
927 4096 1027 4145 qnoque
1044 4097 1171 4147 perperam
1187 4081 1214 4128 in

148 4150 198 4199 alii.
218 4152 296 4201 Etiam
315 4155 412 4204 Paullus
426 4157 615 4217 jurisconsultus
633 4161 660 4208 ln
703 4160 809 4227 vulgatis
817 4160 935 4211 ἀνῡισω.
949 4161 1038 4211 Gur.
