3142 4774
303 417 346 503 tl
624 425 670 490 Μ.
698 424 734 489 Τ.
762 424 1049 492 CICERONIS

303 543 393 612 nihil
420 542 464 612 de
494 547 620 621 ceteris
644 542 775 613 rebus¹
804 541 955 613 audisse.
978 544 1088 612 Mittit
1111 542 1155 612 ad
1178 542 1362 615 hominem

302 653 500 722 Venerios:
520 651 590 721 hoc
609 676 758 746 quoquc
776 651 968 737 attendite,
990 653 1251 748 apparitores'a
1272 678 1364 751 prae-

302 775 380 832 tore
406 764 602 857 assignatos
625 759 792 831 habuisse
820 760 1082 847 decumanum
1109 766 1138 832 si
1167 761 1263 834 hoc²
1288 789 1364 835 me·

303 871 425 975 diocre
449 885 703 969 argumentum
723 868 837 941 videri
859 886 996 968 potest,
1015 873 1124 940 istum
1147 870 1364 944 decumano·

302 1000 384 1050 rum
399 982 545 1051 nomine
561 977 607 1050 ad
622 1004 706 1050 suos
721 994 881 1076 quaestus
894 1004 971 1051 esse
985 979 1150 1051 abusum.
1167 980 1368 1057 Adducitur
1465 1012 1468 1019 ¹

302 1091 527 1176 aVeneriis‚
554 1101 664 1185 atque
690 1086 781 1160 adeo
806 1089 998 1160 attrahitur
1019 1090 1177 1178 Lollius,
1204 1115 1366 1163 commo·
1406 1152 1411 1165 .

302 1193 412 1266 dum³
437 1221 549 1293 quum
573 1201 756 1295 Apronius
780 1223 799 1268 e
825 1199 985 1296 palaestra
1004 1198 1173 1284 redisset,
1189 1216 1227 1271 et
1246 1206 1285 1271 in
1301 1208 1366 1272 tri-

302 1306 430 1391 clinio,
457 1305 557 1402 quod
583 1309 622 1377 in
647 1305 738 1378 foro¹
752 1311 863 1378 AEtnae
882 1299 1074 1398 straverat,
1096 1309 1364 1383 decubuisset-⁴.

302 1416 476 1487 Statuitur
490 1418 627 1488 Lollius
643 1420 679 1488 in
699 1418 761 1489 illo
777 1415 1012 1517 tempestivo⁵
1028 1418 1265 1516 gladiatorum
1278 1441 1366 1491 con·

301 1527 406 1597 vivio.
434 1531 516 1598 Non
543 1528 768 1616 mehercule,
795 1554 877 1626 quae
897 1528 1051 1627 «loquor,
1080 1530 1285 1617 crederem,
1308 1532 1367 1625 ju-

302 1637 416 1726 dices,
431 1642 572 1709 tametsi
582 1639 691 1736 vulgo
700 1639 904 1724 audieram,
917 1640 985 1711 nisi
998 1664 1139 1710 mecum
1152 1643 1228 1737 ipse
1241 1665 1368 1726 senex,

303 1770 419 1842 quum
433 1746 526 1817 mihi
543 1761 651 1844 atque
671 1746 757 1849 huic
773 1746 951 1823 voluntati
966 1751 1202 1819 accusationis
1217 1774 1303 1821 meae
1318 1751 1368 1821 la·

303 1879 469 1950 erymans
487 1857 615 1951 gratias
631 1870 770 1953 ageret,
795 1879 934 1926 summa
950 1881 1033 1927 cum
1049 1862 1260 1931 auctoritate
1276 1875 1370 1930 esset

304 1965 491 2062 loquutus.
512 1968 719 2053 >Statuitur‚·
734 1978 775 2035 ut
798 1963 900 2052 dico,
918 1988 1029 2061 eques
1043 1990 1235 2054 romanus,
1253 1991 1369 2064 prope

305 2099 420 2146 annos
438 2091 628 2157 renatus,
649 2078 688 2146 in
713 2077 866 2173 Apronii
889 2077 1076 2158 convivio,
1095 2100 1211 2173 quum
1233 2078 1370 2151 interea

305 2183 488 2281 Apronius
504 2199 612 2282 caput
628 2199 738 2282 atque
757 2208 923 2256 ossuum
942 2200 1131 2282 unguento
1148 2185 1369 2284 perfricaret.

307 2292 404 2380 Quid
422 2307 494 2376 est,
513 2294 629 2364 Lolli?
644 2296 786 2392 inquit:
808 2309 863 2380 tu,
885 2295 951 2364 nisi
970 2295 1066 2365 malo
1084 2310 1250 2383 coactus,
1273 2311 1370 2367 recte

306 2399 423 2470 facere
450 2404 589 2472 nescis?
612 2408 732 2474 Homo
760 2402 849 2499 quid
875 2418 1018 2501 ageret3
1041 2418 1194 2490 taceret,
1219 2430 1370 2504 respou-

307 2507 428 2594 deret;
450 2508 540 2604 quid
562 2507 694 2582 faceret
714 2512 890 2610 denique,
909 2514 971 2585 illa
987 2518 1199 2588 auctoritate
1217 2531 1254 2587 et
1269 2531 1371 2586 aetate

308 2618 498 2716 praeditus,
517 2620 705 2691 nesciebat.
725 2626 905 2718 Apronius
927 2612 1065 2696 interea
1082 2650 1222 2696 coenam
1240 2652 1283 2698 ac
1303 2651 1371 2724 po-

308 2729 388 2800 cula
412 2729 593 2827 poscebat.
613 2732 712 2801 Servi
731 2743 853 2803 autem
868 2733 966 2825 ejus,
984 2736 1049 2829 qui
1069 2749 1106 2804 et
1130 2734 1293 2806 moribus
1310 2738 1372 2805 iis-

308 2837 392 2910 dem
414 2855 553 2925 essent‚
575 2839 710 2939 quibus
732 2840 922 2928 dominus,
944 2859 979 2914 ct
1002 2843 1129 2913 eodem
1151 2842 1311 2940 genere6
1330 2870 1372 2916 ac

308 2950 391 3021 loco
409 2954 503 3036 nati,
524 2965 651 3049 praeter
669 2950 818 3022 oculos⁷
840 2950 944 3022 Lollii
961 2951 1036 3029 haec
1055 2958 1175 3025 omnia
1196 2951 1370 3027 ferebant.

308 3058 436 3130 Ridere
455 3064 629 3145 convivam
648 3058 949 3159 cachinnari'ipse
964 3065 1166 3161 Apronius:
1189 3067 1259 3139 nisi
1278 3063 1372 3136 forte

346 3325 430 3373 m.
456 3341 477 3373 r.
503 3326 589 3374 Rebus.
611 3326 708 3375 Lallem.
735 3343 819 3375 vocem
899 3324 1373 3391 5.Tempmivo.1uudsracconvivtum‚

309 3401 373 3449 lunc
389 3413 524 3467 suspectum
536 3403 619 3453 halant.
629 3405 654 3453 J.
662 3407 695 3451 V.
709 3407 736 3453 L.
863 3405 932 3470 quod
943 3406 1037 3453 inibant
1045 3404 1076 3450 dc
1088 3404 1191 3451 dicente
1201 3402 1285 3451 liorem
1292 3403 1373 3466 legiti-

345 3496 372 3530 α.
384 3481 412 3528 si
421 3480 477 3531 loc.
491 3482 577 3547 Neque
591 3485 656 3532 enim
671 3486 820 3548 apparitores
862 3501 941 3544 mm,
953 3484 972 3533 ἰ,
985 3498 1117 3532 annun.
1130 3482 1231 3546 Semper
1244 3483 1271 3530 in
1285 3483 1373 3530 malm

311 3560 459 3617 wemno,
476 3562 549 3609 ninia
570 3574 674 3625 pretore
687 3564 762 3625 jussi,
777 3580 819 3627 pe·
864 3561 1373 3627 partemumrpatnr.-Gladiatoresautem

310 3642 431 3697 minaeum
450 3639 614 3701 nonjubebat
630 3653 710 3690 autem
730 3654 821 3707 pretor
863 3640 1089 3689 hicsnntbomines
1099 3640 1374 3704 perdid‚scelerati‚au·

311 3717 358 3764 nisi
372 3730 479 3781 questus
492 3721 530 3768 sui
543 3720 628 3784 gratia.
864 3720 949 3780 duom,
957 3720 1047 3784 quibus
1057 3732 1164 3769 aratores
1180 3720 1290 3783 aliosque
1303 3737 1376 3768 ven·

348 3798 454 3861 Ηώς.
468 3799 601 3851 commode.
616 3797 712 3849 Schiitz.
732 3800 818 3847 rescri-
864 3799 914 3847 bat.
928 3800 968 3847 Sic
981 3801 1069 3863 sepius
1087 3815 1173 3849 vocem
1193 3802 1220 3846 in
1238 3800 1375 3861 Quintium
1451 3850 1453 3857 ¹

311 3874 361 3936 psit
372 3878 530 3928 commodum.
546 3879 683 3928 Ver-issima.
697 3882 723 3930 J.
743 3881 775 3925 V.
789 3881 817 3925 L.
842 3898 847 3903 ·
864 3878 973 3926 oratione
986 3881 1095 3945 usurpari
1108 3879 1285 3942 adnotavimus.

348 3958 373 4005 t.
392 3954 500 4003 Lambin.
525 3957 677 4006 recubuisset.
701 3958 819 4003 Garaton.
899 3958 925 4005 6.
938 3957 1315 4022 Eodamgeaoredpronlosssk
1324 3960 1376 4003 Ve-

312 4029 402 4092 vulgat.
417 4030 577 4089 defendebat,
597 4037 632 4082 itu*
652 4047 681 4082 ut
701 4045 820 4085 moneret.
865 4036 929 4085 neris
940 4038 1016 4085 fuerat
1029 4037 1322 4097 servus‚utinsrarocet.

311 4105 359 4170 legi
369 4108 438 4154 etiam
448 4125 534 4171 posse,
546 4113 710 4159 discubuisset.
720 4113 735 4158 J
740 4115 784 4160 .V.
796 4115 821 4159 L.
902 4130 925 4173 7.
939 4118 1032 4164 Frater
1045 4117 1135 4164 oculos.
1148 4116 1212 4163 Ante
1225 4114 1321 4163 oculos.
