3016 4774
462 454 737 523 EXCURSUS
762 457 835 524 ΙΙΙ.
1114 452 1181 553 557

124 574 264 641 candum
281 590 366 639 est».
386 570 536 637 Formula
553 573 735 660 sponsionis
755 575 904 661 sequitur
924 597 932 638 :
957 606 968 630 ι
982 575 1024 639 Ni
1040 574 1192 642 adversus

124 682 265 746 edictum
289 678 433 767 praetoris
457 677 506 740 vis
528 676 611 740 facta
627 693 745 742 esset».
764 679 820 742 lus
836 679 936 766 igitur
955 679 1049 761 illud,
1073 682 1126 745 cui
1144 683 1193 746 vis

125 803 174 851 est
188 785 407 850 inimicissima
429 783 463 845 in
480 782 587 845 verbis
605 782 772 863 interdicti,
789 780 963 871 dequibus
984 800 1086 849 totam
1108 787 1193 852 hanc

125 913 252 956 causam
266 892 311 955 ait
326 889 386 954 sibi
403 887 518 968 fuisse,
537 885 578 951 de
590 908 657 974 quo
668 886 828 968 judicium
845 886 915 952 lieri
928 889 1102 972 videretur,
1119 914 1194 979 pro·

114 999 209 1073 ⁸fecto
231 998 295 1061 hoc
319 1012 385 1075 est,
404 1015 511 1080 neque
531 993 594 1056 fuit
615 992 806 1073 ferendum,
828 1015 869 1057 ne
892 993 972 1082 quid
995 996 1138 1061 obstaret
1157 1020 1194 1063 ea

123 1102 289 1167 distinctio
300 1101 381 1181 juris
401 1099 501 1164 civilis
515 1115 548 1162 et
563 1098 643 1178 juris
656 1099 795 1187 pretorii
813 1099 918 1186 posita
933 1099 1142 1189 aPapiniano
1158 1103 1193 1166 in

123 1208 192 1297 lege
205 1231 243 1295 7,
259 1206 300 1271 de
317 1205 442 1286 justitia
459 1219 493 1268 et
507 1204 599 1286 jure,
616 1203 752 1291 aliisque
768 1203 1026 1286 jurisconsultis,
1047 1221 1081 1270 et
1101 1229 1194 1271 usur·

9 1326 11 1335 ’
122 1313 213 1402 pabit
230 1313 314 1375 infra
331 1311 462 1391 Cicero,
479 1330 577 1396 quam
594 1331 654 1372 cur
668 1308 722 1373 hic
742 1308 843 1397 magis
859 1309 1024 1393 observet,
1040 1334 1137 1398 quam
1156 1312 1190 1376 in

122 1419 192 1506 ipsa
207 1415 396 1481 definitione
403 1414 491 1503 juris
508 1412 623 1493 civite,
643 1436 740 1500 quam
754 1413 787 1477 in
802 1415 933 1503 Topicis
949 1418 1114 1504 exposuit,
1135 1419 1193 1481 ubi

123 1521 229 1585 edicta
244 1535 419 1608 praetorum
432 1518 636 1604 aliorumque
652 1519 898 1605 magistratuum
910 1521 992 1600 juris
1007 1522 1107 1586 civilis
1120 1546 1194 1611 par·

123 1645 190 1692 tem
200 1623 394 1690 constituit?
408 1625 466 1687 Est
478 1623 572 1689 enim
589 1621 634 1686 ibi
648 1651 662 1678 ι
670 1624 723 1703 jus
740 1624 870 1707 civile»,
886 1642 925 1689 ut
944 1626 1023 1707 scis,
1038 1627 1147 1716 «quod
1159 1629 1195 1692 in

124 1731 267 1820 legibus,
292 1726 599 1807 senatusconsultis,
622 1726 719 1791 rebus
740 1726 909 1809 judicatis,
931 1731 1193 1819 jurisperitorum

123 1835 328 1916 auctoritate,
339 1832 452 1898 edictis
462 1833 726 1922 magistratuum,
737 1833 1004 1921 more,oequitate
1015 1838 1193 1903 consistit».

123 1941 240 2028 Neque
260 1961 378 2028 porro,
404 1938 484 2026 quin
507 1937 605 2002 edicti
622 1936 835 2026 appellatione
858 1939 971 2003 Cicero
993 1942 1194 2007 interdictum

124 2046 358 2134 complectatur
373 2046 450 2109 item
462 2091 471 2126 ,
483 2059 521 2108 ut
532 2042 771 2122 jurisconsulti,
787 2044 841 2107 hic
851 2043 961 2126 locus,
981 2067 1079 2132 quem
1097 2047 1193 2110 citavi

86 2228 88 2237 s
124 2150 241 2232 modo,
257 2181 271 2206 ι
283 2150 318 2213 ni
333 2148 485 2213 adversus
505 2147 648 2212 edictum
665 2148 810 2235 praetoris
822 2149 870 2212 vis
889 2151 971 2213 facta
984 2165 1109 2227 esset»,
1124 2150 1195 2214 alii·

125 2281 188 2345 que
204 2258 238 2321 in
252 2257 313 2321 hac
328 2258 474 2322 oratione
488 2255 549 2321 loci
564 2253 713 2319 dubitare
730 2277 790 2317 nos
808 2255 935 2338 sinunt,
950 2272 987 2319 ut
1003 2256 1067 2321 illic
1083 2273 1194 2322 osten·

124 2362 255 2445 demus3
273 2363 346 2438 ubi,
359 2385 419 2427 cur
428 2361 566 2425 edietum
579 2383 640 2449 pro
652 2350 817 2424 meruleto
833 2358 896 2425 dici
911 2379 1086 2450 negarent,
1097 2384 1193 2428 causa

125 2492 192 2533 non
208 2468 280 2532 fuit.
296 2468 333 2532 P.
351 2468 474 2533 Fam.

124 2688 1184 2717 mmmmm-mm

286 2818 291 2825 Ι
341 2919 840 3044 EXCURSUS
884 2922 983 3042 IV

210 3143 274 3212 an
298 3140 571 3215 ommonem
595 3144 689 3213 nno
716 3142 914 3231 emunt,
938 3142 1036 3214 cle.
1058 3170 1097 3241 ¹7·

171 3476 251 3542 Usus
259 3479 352 3560 enim,
362 3479 477 3566 inquit,
488 3476 554 3564 ‹p'us
563 3487 593 3539 et
589 3474 826 3565 fiuctusfiendi
829 3491 1013 3543 testamento
1023 3478 1196 3564 virisucrat

128 3583 308 3648 Caesenttiae.
325 3582 429 3669 Quum
444 3583 504 3646 hoc
519 3605 610 3647 novae
625 3582 690 3647 litis
700 3605 812 3669 gertus,
825 3599 884 3647 etc.
901 3585 970 3648 Etsi
984 3583 1094 3649 mendi
1107 3585 1196 3649 nulla

125 3690 267 3778 suspicio
283 3707 332 3754 est
349 3691 382 3753 in
400 3690 451 3753 his
467 3690 588 3769 verbis,
605 3706 714 3754 tamen
735 3682 890 3755 attentius
907 3713 944 3754 ea
960 3688 1194 3756 consideranda

125 3794 191 3856 visa
209 3811 304 3878 sunt,
327 3793 417 3882 quod
440 3794 509 3859 haec
529 3792 654 3858 AEbutii
671 3792 773 3858 videri
790 3795 892 3882 possit
907 3795 1002 3858 alicui
1017 3795 1105 3874 justa
1126 3820 1196 3862 esse

127 3897 287 3981 defensio,
311 3901 366 3989 qui
388 3899 585 3963 Caesenniam
603 3897 784 3988 possedisse
801 3916 935 3990 propter
953 3903 1194 3967 usumfructum

128 4002 232 4083 (licat,
246 4006 404 4070 Caecinam
416 4021 525 4069 autern
538 4005 621 4069 illius
637 4003 790 4069 heredem
808 4022 904 4094 neget
917 4006 981 4070 hoc
995 4007 1128 4073 nomine
1139 4032 1196 4098 po·

131 4111 230 4173 tuisse
245 4112 422 4197 possidere,
445 4134 543 4198 quem
565 4111 677 4176 Cicero
703 4129 811 4177 tamen
836 4110 981 4177 defendit
1005 4113 1195 4200 possedisse.
