3054 4772
310 334 384 423 sss
632 342 681 409 u.
706 322 746 410 Τ.
772 338 1056 410 ctcnnoms

313 472 500 532 accusatus
517 473 587 546 est,
615 474 657 530 ut
676 458 862 556 objectum
884 458 976 530 nihil
999 459 1061 546 sit,
1085 481 1161 556 qno
1184 456 1395 556 significari

312 568 504 665 vestigium
527 567 703 657 libidinis,
724 568 949 666 petulantia,
967 566 1207 656 crudelitatis,
1226 569 1395 640 audaciae

313 680 439 777 possit.
454 683 538 751 Non
557 677 667 750 modo
680 679 823 749 nullum
843 675 981 750 facinus
998 676 1109 773 hujus
1126 676 1394 777 protulerunt,

225 852 231 859 .
314 787 378 860 'sed
394 814 440 861 ne
454 787 592 860 (lictum
605 788 753 887 quidem
766 786 914 885 aliquod
932 785 1257 885 reprehenderunt.
1271 785 1394 877 Quod

315 901 364 986 si,
385 913 448 969 aut
469 904 642 996 quantam
665 897 891 969 voluntatem
912 894 1049 968 habent
1069 894 1114 967 ad
1134 895 1236 967 hunc
1256 896 1393 993 oppri-

313 1007 505 1094 mendum,
524 1022 586 1079 aut
610 1021 783 1105 quantam
804 1006 849 1077 ad
872 1004 1161 1077 maledicendum
1183 1005 1393 1088 licentiam,

314 1130 456 1189 tantum
478 1116 655 1188 haherent
672 1129 737 1187 aut
757 1114 803 1188 ad
821 1112 1092 1198 ementiendum
1110 1116 1237 1201 animi,
1254 1129 1319 1183 ant
1336 1112 1391 1184 ad

315 1225 530 1325 fingendum
552 1228 705 1325 ingenii3
730 1250 805 1297 non
830 1225 978 1296 meliore
1005 1222 1151 1295 fortuna
1177 1221 1223 1294 ad
1247 1221 1393 1322 probra

317 1360 394 1408 non
410 1335 589 1408 audienda
603 1347 635 1380 ¹⁰
653 1336 838 1424 Fonteius,
853 1357 964 1435 quam
981 1333 1048 1423 illi,
1066 1333 1112 1405 de
1127 1333 1262 1430 quibus
1277 1347 1393 1405 antea

318 1448 618 1536 commemoravi,
636 1444 774 1519 luisset.

366 1562 478 1629 XVII.
502 1558 610 1654 Frugi
635 1558 746 1652 igitur
773 1555 983 1644 hominem,
1006 1553 1163 1650 judices,
1190 1551 1304 1653 frugi,
1331 1556 1394 1626 in-

317 1691 449 1764 quam,
477 1668 575 1737 etin
597 1667 768 1739 omnibns
788 1667 869 1736 vitae
899 1664 1063 1763 partibus
1087 1665 1318 1737 moderatum
1348 1689 1392 1739 ac

201 1822 213 1843 .
317 1790 598 1875 temperantem,
620 1776 768 1875 plenum
797 1773 966 1873 pudoris,
988 1775 1143 1874 plenum'
1158 1772 1286 1863 officii,
1306 1775 1388 1874 ple·

318 1909 409 1956 num
430 1884 629 1983 religionis,
648 1882 776 1956 videtis
793 1885 954 1981 positum
970 1888 1009 1956 in
1031 1900 1147 1957 vestra
1166 1884 1238 1956 fide
1256 1909 1299 1957 ac
1319 1912 1388 1983 po·

317 2008 464 2085 testate,
486 2011 595 2093 atque
616 1996 684 2081 ita,
703 1994 746 2064 ut'
770 1995 983 2065 commissus
1008 1995 1054 2066 sit
1070 1993 1171 2079 fidei,
1190 1995 1388 2094 permissus

317 2107 498 2203 potestati.
519 2103 648 2177 Videte
665 2105 793 2202 igitur,
814 2117 938 2175 utrum
957 2106 1003 2175 sit
1020 2106 1179 2202 nquius,
1199 2104 1387 2177 hominen

319 2214 630 2303 honestissimum,
647 2217 766 2285 virum
784 2213 1037 2304 fortissimum,
1056 2217 1171 2287 civem
1191 2208 1395 2313 optimum,

319 2323 405 2397 dedi
433 2327 686 2396 inimicissimis
714 2341 823 2422 atque
854 2325 1121 2397 immanissimis
1155 2325 1386 2412 nationibus,

320 2459 366 2506 an
390 2434 493 2506 reddi
516 2436 653 2521 amicis3
677 2435 875 2532 praesertim
900 2459 1015 2532 quum
1038 2449 1092 2506 tot
1112 2459 1171 2507 res
1197 2435 1286 2521 sint,
1304 2458 1385 2531 qur

319 2548 446 2614 vestris
460 2546 587 2613 animis
603 2567 670 2641 pro
684 2542 793 2638 hujus
808 2545 1015 2614 innocentis
1030 2543 1144 2614 salute
1158 2542 1385 2640 supplicent:

317 2652 477 2751 primum
495 2653 638 2749 generis
656 2652 869 2749 antiquitas,
891 2675 1003 2749 quam
1020 2652 1179 2724 Tusculo
1197 2677 1241 2724 ex
1262 2650 1386 2723 clarisb

319 2765 411 2834 simo
436 2763 636 2862 municipio
664 2760 881 2861 profectam,
912 2763 950 2832 in
981 2766 1228 2834 monumentis
1258 2786 1386 2833 rerum

319 2885 502 2969 gestarum
522 2874 671 2944 incisam
690 2895 731 2943 ac
750 2880 934 2942 notatam¹
956 2873 1141 2961 videmus3
1164 2888 1242 2943 tum
1263 2886 1386 2942 auten

320 2985 502 3053 continuae
525 2991 726 3080 praemrae2,
754 3006 834 3078 quae
863 2994 899 3052 ct
926 2982 1054 3054 ceteris
1078 2983 1323 3069 ornamentis,
1354 2996 1389 3051 et

322 3089 586 3161 existimatione
605 3091 822 3161 innocentiae
841 3091 995 3162 maxime
1013 3089 1236 3178 floruerunt3
1257 3091 1388 3161 deinc'e
1494 3120 1497 3137 ⁴

322 3222 449 3287 recens
466 3202 640 3272 memoria
655 3201 829 3297 parentis,
848 3200 950 3296 cujus
965 3198 1159 3299 sanguine³
1179 3226 1254 3281 non
1269 3201 1390 3272 solum

362 3438 401 3473 ro.
422 3424 481 3472 Non
501 3423 634 3475 audienda.
651 3425 769 3476 Feliciore
785 3426 833 3473 sor-
877 3442 955 3491 usque
966 3428 1115 3479 devenerunt
1127 3430 1234 3477 Fonteio
1251 3427 1331 3491 gentis
1339 3443 1393 3476 un·

324 3514 384 3552 tunt
405 3503 437 3552 nd
457 3520 508 3552 non
519 3503 639 3554 audienda
659 3505 749 3571 probra
767 3506 833 3552 Fon·
878 3508 997 3556 mismo.

325 3584 388 3639 teins
406 3599 465 3633 uma
476 3594 548 3642 aret,
560 3600 631 3648 quam
644 3584 680 3632 illi
694 3583 774 3648 mgni
786 3583 834 3632 viri
914 3600 938 3635 α.
953 3584 1081 3635 Contim
1084 3596 1208 3650 pratum.
1218 3584 1392 3635 Nimis-umen·

222 3694 226 3699 -
324 3665 368 3727 qui
386 3661 522 3711 rudicmut.
534 3664 682 3712 Grmemrim
697 3673 834 3711 correxerrt
875 3676 911 3710 uo
920 3662 981 3711 Uria.
991 3664 1040 3726 587
1050 3672 1142 3728 praetor
1150 3664 1197 3711 snit
1208 3662 1255 3713 Μ’.
1263 3663 1393 3722 tonum
1496 3676 1497 3681 ¹

326 3756 411 3789 «nuno
422 3740 572 3792 nudicnds».
586 3747 691 3791 Frustra.
878 3756 919 3788 an.
930 3742 961 3790 U.
971 3743 1001 3791 C.
1009 3742 1076 3803 653,
1092 3742 1122 3791 C.
1133 3741 1261 3799 Fonteius,
1270 3738 1347 3787 Manii
1358 3739 1393 3786 fi·

360 3821 444 3870 xvir.
461 3837 483 3869 r.
503 3821 610 3870 Ineisam
628 3834 653 3870 et
664 3832 785 3871 notatam.
806 3823 835 3869 ln
877 3819 937 3883 lius3
945 3837 985 3869 on.
994 3823 1026 3870 U.
1038 3822 1067 3870 C.
1078 3821 1140 3883 675,
1150 3820 1192 3869 ille
1201 3821 1244 3885 qui
1252 3819 1282 3867 ab
1291 3829 1395 3868 orator·

325 3899 486 3949 marmoribus
499 3903 614 3961 incisam,
626 3903 652 3949 iu
662 3902 752 3966 quibus
763 3912 787 3949 et
795 3918 834 3949 re·
878 3899 1027 3947 defenditur.

324 3980 516 4029 mmaFontciis
525 3992 653 4045 gestarum,
659 3992 684 4029 et
693 3983 787 4043 antiqui
797 3996 836 4044 ge·
917 3973 942 4019 3·
959 3969 1032 4035 anns
1047 3969 1177 4034 sanguino
1195 3980 1246 4018 ⁶¹⁰·
1265 3967 1323 4016 Belli
1341 3968 1390 4014 5⁰·

325 4057 390 4115 ueris
404 4060 517 4105 memoria
531 4071 643 4109 exstaret.
658 4064 735 4109 Porro
750 4059 780 4106 sd
789 4074 835 4111 nos
879 4051 946 4098 ciclis
959 4051 1045 4115 initio,
1058 4065 1133 4114 qnnm
1144 4049 1220 4097 inti:
1228 4047 1312 4113 populi
1322 4046 1393 4095 send
