3200 4768
396 414 448 485 IN
474 413 694 484 VERREM
718 411 826 480 ACT.
849 411 908 493 ll,
936 409 1029 475 Ltus.
1048 406 1111 476 tv.
1217 404 1285 503 237

225 540 420 638 paullisper
435 535 630 633 deposital,
649 558 724 603 non
744 554 809 629 per
824 526 1053 627 praestigias⁵,
1068 529 1130 600 sed
1149 528 1266 627 palam
1286 592 1296 621 ‚

228 674 293 747 per
313 661 550 745 potestatem,
578 668 654 713 uuo
682 643 854 740 imperio,
873 642 1028 710 ostiatim
1049 652 1166 709 totum
1188 642 1291 738 oppi-

230 759 317 829 dum
338 753 559 854 compilarit?
576 759 618 824 At
636 767 771 836 tamen,
788 766 830 820 ut
842 753 957 847 possit
968 774 1006 820 se
1019 747 1136 820 dicere
1147 751 1290 835 emisse,

228 871 453 968 Archagatho
470 874 643 966 imperat,
664 882 706 937 ut
724 864 860 962 aliquid
875 864 964 950 illis,
987 889 1144 960 quorum
1165 841 1289 962 aigeu·

231 998 308 1054 tum
322 981 438 1053 fuerat
448 1034 458 1068 ,
469 978 758 1065 nummulorum,
769 975 858 1046 dicis
872 972 1012 1061 causa⁶,
1026 973 1138 1045 daret.
1151 975 1294 1045 Invenit

231 1090 476 1188 Archagathus
492 1113 646 1186 paucos,
668 1092 731 1184 qui
749 1087 882 1157 vellent
901 1085 1061 1183 accipere
1080 1112 1088 1155 τ
1108 1085 1165 1155 his
1183 1085 1291 1156 dedit.

231 1205 302 1270 Eos
323 1220 492 1269 nummos
516 1213 636 1268 tamen
664 1199 730 1267 iste
755 1195 981 1293 Archagatho
1003 1202 1107 1265 non⁷
1127 1194 1293 1266 reddidit.

231 1308 356 1380 Voluit
376 1314 498 1379 Romae
512 1323 635 1405 petere
653 1306 899 1402 Archagathus
915 1331 922 1373 :
937 1304 1191 1375 Cn.Lentulus
1203 1309 1295 1375 Mar·

233 1420 386 1491 cellinus
403 1420 585 1504 dissuasit,
605 1421 698 1487 sicut
716 1420 835 1512 ipsum
854 1408 973 1486 dicere
995 1414 1151 1486 audistis.
1173 1420 1296 1511 Recita

235 1534 477 1600 Ancuscarut
498 1552 541 1596 ur
559 1530 719 1595 Laurum
739 1548 995 1595 resrtuonrnu.

284 1641 346 1723 Et,
368 1662 415 1707 ue
434 1634 526 1706 forte
546 1635 732 1705 homiuem
751 1636 961 1704 existimetis
973 1634 1212 1705 hauctantam
1224 1637 1295 1705 vim

237 1744 493 1817 emblematum
513 1746 588 1816 sine
610 1768 713 1815 causa
733 1768 943 1814 coacervare
960 1744 1137 1831 voluisse,
1160 1743 1296 1829 videte,

238 1860 365 1953 quanti
391 1880 471 1942 vos,
505 1855 631 1951 quanti
662 1855 959 1925 existimationem
984 1853 1110 1952 populi
1137 1857 1299 1938 romani,
1365 1894 1368 1899 <

238 1965 364 2061 quanti
378 1962 472 2061 leges
488 1977 524 2035 et
538 1963 693 2056 judicia,
708 1965 833 2060 quanti
847 1977 955 2036 testes
967 1965 1121 2049 Siculos,
1138 1968 1298 2059 negotia·

238 2087 408 2170 toresque
432 2070 567 2144 fecerit.
602 2077 837 2169 Posteaquam
869 2087 1005 2143 tantam
1032 2071 1300 2142 multitudinem

239 2183 430 2280 collegerat
439 2180 714 2270 emblematum,
738 2197 831 2252 utne
841 2200 955 2251 unum
972 2182 1121 2276 quidem
1133 2183 1301 2277 cuiquam

238 2293 459 2389 reliquisset,
478 2293 635 2363 instituit
650 2288 830 2364 officinam
844 2291 1024 2387 Syracusis
1034 2292 1072 2360 in
1085 2293 1181 2386 regia
1195 2293 1303 2361 maxi·

240 2428 357 2490 mam,
387 2401 527 2499 palam;
560 2401 711 2472 artifices
730 2426 872 2489 ornnes,
886 2395 1100 2488 caelatoresss,
1117 2427 1157 2473 ac
1174 2426 1300 2472 vascu-

240 2512 348 2583 larios
367 2511 559 2581 convocari
573 2509 698 2605 jubet3
725 2525 761 2581 et
778 2512 854 2608 ipse
871 2534 955 2582 suos
969 2512 1173 2608 complures
1191 2511 1302 2583 habe·

241 2621 313 2693 bat.
328 2626 379 2692 Eo
398 2619 595 2692 conducit⁹
611 2645 777 2718 magnam
796 2620 984 2692 hominum
1005 2621 1275 2693 multitudinem
1294 2649 1303 2690 τ

280 2798 303 2845 t.
318 2789 442 2852 Deposita.
457 2791 494 2837 Ex
505 2790 611 2837 humeris
625 2805 752 2837 serrorum
795 2789 876 2852 giuem
888 2789 1019 2852 assignant.
1031 2791 1122 2836 Forsan
1138 2806 1152 2837 a
1166 2789 1245 2838 diem
1255 2806 1304 2838 vox

244 2866 342 2914 scilicet.
364 2868 426 2913 Nam
448 2878 552 2930 quatuor
570 2867 644 2916 servis
665 2868 753 2916 leodos
796 2879 878 2916 ortum
886 2866 1225 2927 ducit3etsicnururni,dicis
1233 2885 1304 2917 causa

245 2944 434 3008 imponebatur,
455 2957 498 2992 aut
524 2946 611 3007 majori
632 2961 752 3007 numero,
797 2947 1042 3011 dantur‚quumuou
1051 2947 1304 3012 totirrogsnturquot

244 3035 320 3089 prout
333 3022 437 3070 luxuriae
451 3021 546 3071 deditus
559 3036 611 3072 erat
628 3024 751 3073 dominus.
797 3028 919 3090 oportuit,
929 3026 971 3074 sed
980 3027 1078 3092 pauculi
1084 3038 1177 3074 tautum
1188 3044 1233 3090 pro
1243 3029 1307 3076 suul-

247 3103 279 3151 Hi
290 3113 370 3150 autem
380 3099 475 3147 excelso
483 3116 585 3164 corpore
594 3102 753 3166 eligebantur,
797 3106 829 3153 tis
842 3106 873 3153 ad
889 3106 938 3154 hoc
949 3122 1025 3154 unum
1038 3117 1065 3154 ut
1078 3098 1126 3154 diei
1145 3108 1222 3169 possit
1234 3108 1306 3156 datos

246 3198 297 3246 qno
310 3180 425 3229 dominus
439 3179 523 3226 ceteris
540 3178 625 3238 altior,
642 3194 667 3229 et
680 3184 755 3243 magis
798 3185 880 3233 fuisse.
896 3185 982 3234 Cicero
996 3201 1081 3233 vocem
1093 3186 1158 3234 ilum
1169 3201 1216 3251 pro
1229 3187 1306 3235 simu·

246 3261 303 3308 ideo
337 3258 484 3321 conspicuus
510 3258 640 3307 incederet.
677 3261 756 3308 Cusus
798 3264 889 3314 latione
912 3264 988 3313 officii
1010 3264 1101 3330 ubique
1127 3277 1245 3331 usurpat,
1261 3283 1307 3315 nec

246 3350 331 3406 postea
355 3337 494 3385 lecticarum
514 3353 602 3397 usum,
615 3339 756 3402 quintasius
799 3343 859 3408 quid
871 3343 989 3409 significet
1003 3344 1103 3393 difficile
1118 3358 1154 3395 est
1167 3347 1239 3411 plane
1252 3363 1309 3412 per-

247 3420 323 3467 luerat
336 3418 486 3481 productus,
497 3416 550 3480 legs
566 3416 685 3466 coercuit.
799 3423 901 3485 spicere.

283 3500 308 3546 5.
320 3500 367 3545 Per
372 3496 521 3561 praestigiae
541 3497 729 3561 Praestigiatores
738 3496 757 3544 ii
836 3517 861 3561 7.
881 3503 937 3548 Non
951 3501 1066 3552 reddidit.
1079 3503 1184 3551 Dederat
1202 3504 1268 3551 euim
1278 3503 1309 3549 de

247 3589 304 3626 sunt
316 3578 360 3641 qui
373 3576 419 3624 alia
433 3592 479 3639 pro
493 3575 547 3623 aliis
562 3576 711 3635 ostendunt,
730 3588 758 3624 ut
801 3594 845 3627 suo
858 3580 1033 3645 Archagathus.

141 3702 145 3709 ,
248 3655 362 3704 miracula
374 3671 405 3702 ex
417 3654 551 3719 improviso
571 3654 649 3702 oculis
667 3656 758 3702 nostris
838 3660 862 3704 8.
885 3658 1023 3708 Calatores.
1040 3659 1062 3706 li
1077 3671 1134 3707 sunt
1147 3661 1190 3723 qui
1205 3676 1261 3707 vasa
1279 3677 1310 3707 ex

249 3735 385 3796 subjicitsnt.
397 3736 429 3783 Et
437 3751 511 3797 quum
523 3733 642 3796 iimaguo
655 3732 759 3783 artificio
803 3751 866 3800 puro
873 3736 946 3797 laets,
954 3738 1042 3785 crustis
1052 3749 1076 3786 et
1083 3737 1265 3786 emblematibus
1275 3739 1312 3786 iu·

250 3827 344 3864 tautum
357 3814 464 3873 valeant,
478 3824 559 3861 orator
571 3814 671 3861 Verrem
684 3813 759 3870 dicit,
803 3825 908 3863 struunt.
921 3841 957 3852 —
970 3815 1133 3863 Vescularios.
1145 3817 1195 3879 Qui
1208 3834 1263 3865 vasa
1283 3834 1314 3866 ex

250 3895 311 3942 nihil
326 3911 369 3959 per
382 3893 569 3958 praesdgias,h.
583 3908 605 3939 e.
621 3893 683 3941 nihil
695 3893 762 3941 calli·
805 3908 882 3957 puro,
893 3892 978 3956 sigillis
988 3893 1128 3941 exornanda
1146 3908 1242 3958 parant.

251 3974 296 4033 de,
305 3973 366 4021 nihil
378 3973 477 4021 solerter
487 3971 603 4035 rapuisse.
842 3988 867 4035 9.
880 3973 917 4018 Eo
929 3970 1050 4019 conducit.
1069 3973 1128 4021 Tres
1141 3976 1203 4023 MSS
1217 3976 1274 4025 dant
1285 3993 1314 4024 eo

288 4054 312 4100 6.
328 4052 393 4100 Dicis
404 4070 488 4100 carisa.
506 4051 577 4100 Unde
589 4066 638 4099 vox
651 4051 691 4098 illa
701 4049 762 4099 dicis
806 4049 942 4111 concludit,
962 4067 1035 4114 quam
1048 4053 1167 4101 Gruterus
1186 4054 1315 4105 lectionem

253 4128 388 4189 defluxerit,
401 4132 527 4179 incertum.
540 4130 590 4179 Alii
602 4130 674 4178 aliam
682 4132 705 4178 ei
715 4130 762 4177 ori·
807 4142 923 4196 sequutus
935 4140 978 4179 est.
