3054 4772
333 424 406 496 620
645 422 921 494 EXCURSUS
941 423 1083 494 ΧΧΧΙρ

331 554 549 625 postremum,
566 537 601 600 in
620 553 689 601 tota
702 559 791 625 pene
808 556 904 598 causa
922 531 1160 614 firmissimum,
1173 555 1278 622 quum
1292 551 1407 600 cetera

329 641 609 722 commemoraris,
619 640 652 706 id
659 641 693 704 in
704 639 948 705 enumeratione
958 639 1122 727 preterire
1132 637 1146 702 P
1156 637 1282 702 Horum
1292 663 1406 727 quum

333 763 487 811 neutrum
503 746 537 810 in
550 748 739 812 Ciceronem
750 744 925 811 convenire
937 745 1053 834 possit,
1072 744 1162 808 hunc
1176 745 1285 809 locum
1298 747 1405 810 nimia

329 852 556 941 castigantium
572 851 703 917 audacia
719 851 840 935 dicam,
851 874 892 915 an
911 850 1096 931 inscientia,
1114 867 1305 939 corruptum
1326 873 1405 915 esse

327 980 397 1021 non
413 957 538 1021 dubito.
555 957 626 1046 Ego
637 979 713 1021 vero
727 980 831 1045 quum
847 953 982 1020 adeum
998 952 1227 1044 corrigendum
1242 956 1323 1019 nihil
1339 956 1404 1019 lta-

326 1060 437 1144 beam,
455 1058 545 1149 quod
560 1062 711 1144 afferam,
728 1077 845 1150 praeter
862 1059 1101 1144 conjecturam,
1115 1082 1186 1124 eam
1199 1060 1235 1122 in
1250 1058 1398 1125 medium

325 1189 526 1256 proponam,
542 1188 580 1230 ac
598 1190 695 1231 suum
711 1167 938 1232 existimaturis
954 1164 1113 1246 judicium
1132 1165 1324 1252 relinquam.
1341 1168 1398 1231 Sic

326 1271 427 1362 igitur
441 1270 616 1361 legendum
631 1293 748 1337 censeo
762 1271 910 1335 :«Multo
924 1271 1021 1334 etiam
1031 1270 1140 1334 minus
1148 1271 1266 1357 quteri,
1276 1278 1313 1337 A.
1325 1274 1396 1336 Cte-

327 1378 399 1442 cina
412 1375 534 1442 fundus
544 1378 595 1461 sit,
604 1400 707 1441 necne
718 1401 725 1441 ε
738 1399 791 1441 me
799 1393 908 1441 tamen
922 1375 955 1441 id
967 1377 1076 1464 ipsum
1084 1374 1392 1453 docuisse,fundum

328 1504 398 1547 esse
419 1483 612 1547 Coecinamn.
634 1480 673 1544 ld
690 1494 729 1544 ut
745 1481 789 1544 ita
813 1503 882 1546 esse
904 1480 1103 1563 existimem,
1123 1502 1227 1568 quum
1239 1481 1395 1570 illa,quae

325 1610 423 1675 supra
436 1584 587 1650 adversus
594 1603 736 1650 veterem
749 1586 921 1650 lectionem
938 1583 1101 1673 disputata
1108 1602 1202 1668 sunt,
1213 1603 1285 1650 tum
1296 1587 1393 1651 etiam

325 1693 467 1781 capitum
484 1689 584 1773 ordo,
604 1693 723 1780 quibus
739 1692 808 1756 brec
818 1714 914 1756 causa
929 1692 1127 1773 continetur,
1145 1692 1229 1756 facit
1247 1693 1392 1757 Primum

323 1798 413 1862 enim
426 1797 541 1862 Cicero
557 1799 624 1862 vim
643 1798 758 1862 factam
775 1819 843 1861 esse
858 1796 976 1884 probat
989 1819 998 1861 :
1013 1795 1131 1861 deinde
1145 1797 1285 1862 verbum
1297 1798 1391 1883 illud,

324 1900 422 1983 unde,
448 1903 540 1983 cujus
562 1901 828 1990 interpretatione
851 1923 947 1965 causa
972 1900 1229 1967 adversariorum
1253 1904 1393 1969 maxime

323 2006 499 2089 nitebatur,
524 2029 635 2072 seeum
659 2007 764 2070 lacere
788 2004 957 2070 contendit
975 2029 984 2070 :
1002 2007 1098 2071 tertio
1119 2009 1209 2091 loco,
1232 2008 1390 2073 Caecinam

322 2113 503 2202 possedisse
519 2111 661 2178 ostendit
679 2137 686 2177 :
704 2127 819 2201 quarto
842 2113 916 2176 loco
937 2114 1039 2177 civem
1064 2135 1133 2178 esse
1158 2115 1330 2197 Caecinam,
1350 2138 1391 2181 ac

324 2242 418 2307 posse
440 2220 514 2301 jure
533 2220 653 2283 civium
675 2241 885 2283 romanorum
909 2216 1104 2283 hereditates
1129 2242 1261 2307 capere,
1282 2242 1391 2308 neque

324 2325 429 2416 legem
444 2327 643 2407 Corneliam,
659 2347 726 2412 quo
744 2326 852 2388 minus
868 2323 901 2389 id
918 2325 1052 2407 faceret,
1070 2324 1304 2413 impedimento
1319 2349 1389 2391 esse

321 2433 448 2520 probat.
463 2431 612 2514 Quatuor
627 2431 714 2512 haec,
731 2430 849 2517 quibus
867 2446 934 2495 tota
949 2454 1044 2495 eausa
1054 2432 1249 2514 continetur,
1265 2434 1387 2520 capita,

321 2538 357 2600 in
366 2536 587 2624 peroratione,
601 2535 732 2618 eodem,
746 2558 812 2623 quo
822 2526 961 2618 dixerat,
972 2535 1087 2602 ordine
1099 2554 1276 2602 enumerat.
1289 2539 1387 2620 Quod

322 2643 351 2706 si
371 2642 416 2705 ita
430 2641 591 2731 legamus,
616 2657 656 2705 ut
678 2641 801 2706 habent
820 2643 941 2733 vulgati
963 2643 1107 2726 codices,
1127 2662 1280 2732 quartum
1296 2646 1387 2733 quod

323 2762 391 2811 erat
406 2747 440 2811 in
456 2747 630 2812 refutando
647 2765 762 2837 caput,
781 2748 815 2812 in
833 2748 961 2839 epilogo
980 2749 1144 2816 ridebitur
1159 2751 1254 2839 plane
1272 2766 1387 2839 praete·

322 2851 414 2917 riisse
434 2875 442 2916 :
460 2852 526 2933 sin,
550 2868 589 2916 ut
611 2875 671 2941 ego
693 2852 867 2942 legendum
894 2868 992 2940 puto,
1014 2877 1091 2918 cum
1113 2869 1219 2918 cetera
1241 2856 1387 2920 oratione

323 2958 484 3022 constabit
501 2959 659 3048 epilogus.
679 2957 764 3022 Nam
782 2980 884 3046 quum
908 2958 1001 3022 fundi
1025 2957 1175 3023 dicantur
1196 2960 1307 3049 populi
1329 2962 1390 3049 (ut

322 3063 398 3127 alibi
420 3064 533 3127 Cicero
554 3063 684 3149 scribit}
705 3062 745 3144 ii,
763 3064 798 3127 in
816 3063 935 3150 quibus
954 3065 1008 3143 jus
1033 3085 1227 3147 romanum,
1246 3066 1388 3129 velutin

322 3167 444 3249 fundo,
465 3166 651 3252 resedisset,
675 3192 741 3233 non
760 3186 868 3258 potest
889 3168 1045 3252 dubitari,
1069 3171 1148 3258 quin
1166 3172 1274 3235 coloni
1291 3168 1387 3236 irrndi

320 3289 443 3356 essent,
461 3272 619 3362 siquidem
642 3275 725 3340 cives
743 3291 850 3339 essent
871 3277 967 3339 Rom.
991 3275 1055 3339 hoc
1079 3293 1129 3341 est
1150 3274 1203 3364 (ut
1220 3278 1386 3343 Ciceronis

319 3377 426 3442 verbis
437 3378 521 3465 utar)
534 3379 614 3465 quin
630 3378 700 3468 lege
711 3394 859 3468 agerent,
877 3395 910 3444 et
924 3401 1020 3443 suum
1035 3380 1088 3461 jus
1103 3398 1384 3469 persequerentur,

320 3501 354 3551 et
370 3505 484 3549 omncs
503 3486 578 3566 jure
599 3486 681 3550 civili
704 3487 774 3551 sine
794 3487 985 3575 cujusquam
1007 3504 1064 3551 aut
1086 3488 1310 3577 magistratus,
1327 3506 1386 3555 aut

317 3591 454 3672 judicis,
474 3606 532 3656 aut
550 3591 645 3678 periti
663 3590 821 3673 hominis,
843 3610 899 3657 aut
917 3593 1057 3681 imperiti
1073 3593 1291 3676 dubitatione,
1309 3611 1382 3658 ute·

318 3714 441 3763 rentur.
460 3697 565 3786 Igitur
581 3697 619 3760 A.
634 3697 761 3761 Ceecina
776 3719 879 3785 quum
895 3699 1032 3764 colonus
1050 3715 1134 3764 esset
1146 3700 1216 3779 ejus
1231 3701 1382 3784 colonie,

319 3803 412 3885 cujus
429 3803 536 3868 coloni
552 3803 637 3868 cives
650 3818 775 3868 essent:
788 3825 856 3867 non
868 3802 1007 3867 dubium
1021 3820 1085 3885 est,
1097 3788 1175 3893 quin
1191 3806 1232 3870 sit
1242 3803 1383 3888 fundus,

319 3923 354 3972 et
363 3908 437 3986 jure
457 3909 540 3973 cirili
559 3932 694 3974 romano
711 3925 830 3991 utatur,
844 3933 1008 3998 suumque
1024 3911 1076 3991 jus
1092 3912 1260 4000 persequi,
1274 3929 1306 3977 et
1322 3913 1383 3976 be·

321 4011 473 4078 reditates
494 4015 613 4078 civium
634 4038 844 4079 romanorum
861 4039 974 4104 capere
992 4019 1093 4105 possit
1106 4041 1113 4080 :
1128 4040 1189 4082 nec
1204 4019 1269 4082 hoc
1281 4017 1332 4097 jus
1350 4020 1381 4081 ei

316 4116 489 4207 quisquam
504 4141 563 4205 per
582 4120 647 4183 vim
663 4122 789 4185 auferre
805 4123 958 4208 potuerit.
982 4124 1159 4212 Legitimos
1171 4147 1249 4213 ergo
1261 4126 1387 4190 Cesen-
1496 4140 1497 4171 ³
