3142 4774
306 424 327 495 s
643 380 1029 496 uucuuauruu.

343 528 541 621 Romanorum
554 545 641 602 suere.
652 546 840 629 Syracusanis
851 559 961 615 cetera,
972 564 1040 604 cum
1049 542 1197 619 libertate,
1212 565 1246 604 ac
1257 545 1369 625 legibus

346 645 421 716 suis,
444 656 557 702 servata
573 654 661 700 sunt:
678 642 730 700 sed
750 662 817 722 ager
832 650 960 714 eorum,
975 644 1025 723 qui
1040 645 1122 723 prius
1138 645 1289 712 Hieronis,
1306 646 1367 723 jam

346 741 421 818 reip.
441 739 615 797 decumanus
631 738 723 795 factus
736 751 797 808 est,
821 740 924 798 eodem
941 739 1043 811 modo,
1068 751 1155 818 atquc
1168 739 1270 799 iisdem
1284 741 1368 799 insti-

345 839 428 909 tutis,
449 835 554 914 quibus
572 848 639 893 ante
656 836 809 915 imperium
823 838 926 916 populi
941 838 1055 896 romani
1075 838 1190 898 fuerat:
1208 858 1302 916 neque
1320 838 1369 897 lex

347 933 531 992 decumarum
546 930 731 1005 venditionis,
745 953 838 1012 neque
850 934 996 992 vendendi
1014 949 1064 993 aut
1078 946 1206 1014 tempus,
1224 947 1274 993 aut
1287 935 1368 995 locus

345 1041 537 1089 commutatus
559 1040 611 1086 est
639 1030 745 1087 Omnia
769 1031 833 1107 lege
852 1032 1023 1104 Hieronica,
1043 1029 1074 1088 id
1093 1043 1153 1104 est,
1176 1050 1213 1089 ex
1232 1030 1369 1090 Hieronis

345 1126 482 1187 institutis
496 1141 610 1200 semper
625 1123 762 1203 deinceps
776 1126 851 1183 facta
864 1138 950 1183 sunta
964 1139 998 1184 ut
1011 1125 1195 1202 Syracusanis
1210 1125 1369 1203 jucundior

346 1235 422 1280 esset
438 1239 516 1278 nova
532 1239 584 1278 sua
602 1219 746 1292 conditio,
762 1222 809 1280 «si
823 1221 885 1298 ejus
903 1223 997 1300 regis,
1015 1223 1066 1299 qui
1086 1222 1189 1281 Siculis
1206 1221 1369 1280 carissimus

346 1320 455 1387 fuerat,
471 1336 531 1375 non
546 1317 640 1376 solum
652 1316 800 1394 instituta,
815 1330 991 1377 commutato
1003 1320 1140 1397 imperio,
1160 1338 1262 1378 verum
1282 1319 1369 1377 etiam

347 1433 453 1472 nomen
467 1426 597 1472 maneret
610 1440 632 1472 υ.
644 1414 739 1487 Infra,
752 1433 816 1493 cap.
827 1415 856 1473 6.

387 1516 521 1570 Ceterum
542 1510 579 1569 de
598 1510 653 1569 hac
675 1523 737 1569 tota
753 1512 797 1569 rei
820 1511 1014 1570 frumentaria
1032 1510 1213 1589 expositione
1237 1513 1321 1589 plura
1341 1524 1370 1570 et

348 1607 494 1686 apertiora
514 1605 625 1665 dabunt
648 1627 714 1686 quae
734 1608 853 1666 omnino
875 1609 1036 1667 necessaria
1062 1607 1098 1666 ad
1121 1607 1229 1669 calcem
1250 1607 1370 1686 hujusce

348 1703 486 1762 orationis
499 1722 535 1761 ex
549 1702 717 1781 Desjardins
730 1702 941 1780 subjunximus⁰¹

697 1853 990 1955 SYNOPSIS.

313 2066 348 2125 In
362 2059 642 2137 magnificentissimo
660 2059 782 2121 exordio
801 2060 903 2119 Cicero
917 2058 1107 2131 demonstrat,
1121 2078 1204 2126 eum,
1221 2059 1272 2136 qui
1291 2059 1371 2129 nulla
1405 2048 1408 2055 ’

340 2157 485 2234 privatim
497 2158 580 2215 laesus
596 2154 715 2233 injuria,
734 2156 815 2215 nullo
826 2155 946 2234 praemio
960 2154 1101 2213 adductus
1117 2155 1264 2215 hominem
1278 2156 1370 2212 scele-

352 2265 442 2327 stum,
456 2252 659 2322 libidinosum,
675 2251 833 2331 perfidum,
847 2271 998 2329 rapacem,
1012 2251 1159 2310 crudelem
1173 2265 1302 2324 accuset,
1316 2250 1371 2311 sibi

352 2352 409 2429 ipsi
420 2351 496 2415 hanc
506 2351 596 2428 legem
610 2351 775 2428 imponere,
788 2368 825 2406 ne
838 2348 870 2406 in
883 2348 1024 2426 ejusmodi
1036 2348 1114 2407 vitiis
1127 2334 1371 2426 deprehendatur,

352 2468 417 2525 quae
428 2449 457 2504 in
469 2449 526 2508 isto
539 2444 775 2524 reprehenderit,
789 2465 822 2516 1,
836 2450 864 2503 α’.
877 2449 973 2522 Seque
984 2446 1091 2504 nullam
1104 2445 1190 2504 aliam
1204 2445 1242 2504 ob
1257 2464 1372 2516 causam

352 2545 438 2604 Verri
453 2544 600 2605 inimicum
614 2562 688 2615 esse,
701 2561 788 2619 quam
804 2543 884 2620 quod
898 2544 997 2611 omnia
1013 2556 1115 2602 contra
1129 2544 1259 2602 *omnium
1274 2542 1371 2601 bono-

354 2662 419 2707 rum
438 2660 552 2707 causam
561 2683 572 2711 ,
598 2632 755 2712 rationem,
775 2640 943 2713 utilitatem,
960 2641 1196 2719 voluntatemque
1209 2641 1322 2712 fecerit,
1344 2641 1371 2697 3.

352 2746 452 2818 Neque
467 2757 537 2796 vero
550 2756 664 2797 causam
677 2756 739 2795 esse
753 2737 838 2794 aliam
851 2757 904 2795 cur
914 2737 1085 2799 Hortensius
1100 2737 1206 2815 aliique
1216 2735 1327 2795 nobiles
1344 2736 1372 2797 ei

353 2839 483 2904 lateant,
497 2852 584 2910 quam
594 2831 674 2910 quod
688 2831 799 2893 lucrum
811 2831 920 2909 exejus
932 2832 1040 2893 divitiis
1053 2834 1185 2910 capiant,
1199 2845 1372 2910 sperentquc

355 2936 426 2994 alios
439 2932 524 2991 etiam
538 2930 565 2987 ei
578 2930 683 2988 similes
694 2930 752 2988 suis
764 2927 970 3007 cupiditatibus
985 2930 1192 3001 inservituros,
1206 2938 1234 2997 t.
1340 2932 1343 2937 '

391 3035 456 3088 Jam
469 3041 526 3086 tres
537 3026 607 3083 facit
616 3037 717 3083 orator
726 3024 814 3102 hujus
825 3025 964 3083 orationis
972 3038 1084 3104 partes,
1094 3039 1124 3085 et
1134 3046 1165 3085 se
1177 3025 1214 3084 do
1221 3024 1373 3084 fraudibus

353 3146 387 3184 uc
402 3125 485 3183 furtis
491 3121 604 3193 Verris,
620 3120 744 3199 primum
756 3125 785 3178 in
799 3123 944 3184 frumento
956 3121 1116 3183 decumano
1123 3166 1132 3194 ,
1150 3121 1255 3180 deinde
1266 3122 1298 3179 in
1309 3140 1371 3179 em·

352 3236 418 3302 pto,
432 3231 609 3298 postremum
622 3217 653 3284 in
666 3217 805 3276 aestimato
819 3230 950 3281 acturum
965 3219 1105 3289 ostendit,
1122 3219 1152 3277 5.

391 3316 519 3375 Primum
531 3313 617 3390 igitur
630 3314 688 3391 agit
701 3313 737 3372 de
752 3314 837 3374 furtis
846 3318 946 3379 Verris
960 3318 1105 3377 frumento
1116 3313 1286 3376 decumano·
1302 3313 1372 3372 Sici-

351 3414 395 3475 liae
404 3411 533 3469 civitates
541 3428 599 3467 non
609 3405 707 3471 omnes
717 3409 819 3471 eodem
825 3409 892 3485 jure
906 3409 1072 3471 utebantur.
1083 3408 1284 3486 septendecim
1293 3409 1371 3468 euim

351 3509 420 3574 olim
434 3505 512 3577 bello
525 3503 650 3565 subactae
660 3519 757 3575 erant3
774 3508 876 3574 hortum
888 3524 956 3583 ager
967 3524 1057 3583 quum
1071 3517 1145 3565 esset
1152 3501 1220 3579 jure
1230 3503 1300 3567 belli
1313 3525 1372 3583 pu-

350 3605 444 3665 blicus
456 3602 558 3681 populi
572 3601 684 3658 romani
697 3601 804 3673 fuctus,
820 3622 838 3659 a
851 3600 1010 3659 victoribus
1024 3600 1078 3667 hac
1094 3601 1157 3678 lege
1168 3613 1212 3659 est
1224 3602 1259 3659 iis
1271 3601 1370 3660 reddi-

349 3717 414 3772 tus,
441 3713 474 3757 ut
495 3697 695 3757 acensoribus
722 3697 874 3759 locaretur.
899 3698 1052 3757 Nonnullae
1071 3695 1217 3761 foederatas
1239 3710 1321 3757 erant
1343 3711 1371 3763 et

348 3792 616 3869 liberaeeaedemque
626 3792 776 3850 immunes.
785 3791 974 3868 Reliquorum
986 3791 1370 3868 omniumagerdecumanus

347 3904 428 3962 crat,
442 3891 470 3947 h.
482 3912 507 3947 e.
524 3902 652 3958 aratores
663 3888 798 3947 decumas
812 3886 978 3964 pendebant
992 3888 1129 3947 frumenti
1141 3888 1268 3957 exarati;
1283 3887 1370 3965 idque

348 3985 728 4066 appellabatursrumentum
742 3989 936 4045 decumanum.
953 3990 1011 4049 Has
1025 3984 1161 4044 decumas
1172 3986 1300 4044 vendere
1317 4008 1366 4043 so-

346 4084 443 4147 lebant
457 4095 596 4159 praetores
611 4080 801 4153 licitantibus,
811 4082 850 4149 ita
865 4095 895 4139 ut
910 4080 1074 4139 venditione
1087 4083 1177 4158 legem
1187 4082 1369 4141 Hieronicam
