3116 4774
398 441 587 511 ORATIO
614 442 715 511 PRO
739 443 779 513 A.
798 440 1007 510 CAECINA.
1158 441 1230 537 489

176 571 394 650 mnarent¹⁰,
415 561 647 633 condemnari
665 586 747 634 reus
765 586 840 632 non
861 574 999 658 posset,
1019 583 1095 631 non
1112 559 1158 631 ad
1175 586 1232 633 co·
1276 598 1281 611 ·

176 671 417 768 gnoscendam
430 694 590 759 causam,
604 672 664 744 sed
679 672 723 743 ad
739 669 953 769 explendam
965 670 1229 742 damnationem

176 796 307 879 praesto
336 780 454 854 fuisse.
480 787 610 853 Utrum
636 783 778 880 gravius
804 779 937 877 aliquid
961 780 999 849 in
1027 782 1232 878 quempiam

176 889 247 961 dici
260 906 396 989 potest,
408 916 517 988 quam
529 891 573 963 ad
585 891 770 964 hominem
783 889 1112 977 condemnandum,
1122 913 1231 986 quem

177 1024 374 1099 numquam
395 1001 558 1089 vidisset,
581 1026 701 1099 neque
720 999 893 1086 audisset,
907 997 1101 1070 adductum
1116 999 1233 1095 pretio

176 1111 276 1181 ossei
292 1116 347 1180 An
361 1113 493 1184 certius
511 1111 709 1208 quidquam
727 1109 838 1204 objici
851 1122 986 1207 potest,
1006 1132 1115 1204 quam
1131 1108 1232 1204 quod

176 1219 224 1307 is,
246 1219 305 1289 cui
329 1217 511 1313 objicitur,
530 1244 577 1291 ne
599 1236 692 1291 nutu
712 1219 860 1318 quidem
874 1230 901 1263 ¹¹
922 1216 1105 1289 infirmare
1124 1242 1233 1289 cona·

175 1328 257 1398 turi
283 1331 540 1399 Verumtamen
565 1331 595 1400 is
623 1332 738 1418 testis,
754 1345 807 1401 nt
836 1327 938 1401 facile
967 1326 1234 1425 intelligeretis,

177 1460 260 1508 eum
281 1461 358 1506 non
377 1434 531 1508 adfuisse
551 1439 670 1509 animo
684 1450 726 1525 ¹²,
745 1462 860 1534 quum
878 1436 924 1509 ab
944 1435 1014 1507 illis
1035 1460 1138 1508 causa
1156 1461 1234 1534 age-

176 1561 288 1633 retur,
305 1561 487 1643 testesque
503 1546 682 1634 dicerent,
702 1546 766 1619 sed
785 1551 960 1645 tantisper
975 1545 1020 1617 de
1033 1545 1156 1643 aliquo
1170 1570 1234 1617 reo

177 1658 349 1753 cogitasse
361 1652 415 1724 ¹³:
435 1680 549 1752 quum
573 1679 700 1726 omnes
721 1669 804 1726 ante
819 1680 903 1726 eum
920 1655 1091 1726 dixissent
1107 1669 1235 1742 testes,

161 1777 333 1837 'armatos
355 1790 438 1837 cum
460 1763 603 1837 AEbutio
625 1763 732 1837 fuisse
755 1764 979 1862 complures3
1005 1764 1102 1835 solus
1123 1763 1235 1852 dixit,

179 1899 254 1945 non
271 1873 390 1946 luisse.
408 1876 513 1946 Visus
529 1890 584 1946 est
600 1874 690 1945 mihi
709 1877 827 1973 primo
844 1889 1023 1946 veterator
1038 1874 1236 1972 intelligere

177 1984 365 2085 praeclare,
383 1974 470 2083 quid
490 2008 596 2056 causa
622 2000 763 2083 optaret
774 1990 827 2075 ¹⁴3
850 1999 888 2058 et
903 1984 1156 2057 tantummodo
1177 2007 1235 2054 er·

215 2264 255 2298 ro.
267 2247 294 2297 Si
302 2265 350 2297 uno
360 2248 598 2300 mirandumne-eat.
608 2252 684 2300 Eram
727 2266 812 2299 sanum
828 2260 925 2315 oportet
942 2248 1066 2298 bominem
1085 2247 1173 2308 fuisse,
1192 2248 1237 2312 qul

174 2327 270 2388 iudices
280 2345 367 2389 mn,
377 2340 405 2378 nt
417 2330 600 2381 excirentiaaaa
612 2328 683 2377 intei-
726 2329 789 2378 haue
799 2346 888 2378 novam
899 2330 1028 2378 lectionem
1038 2326 1143 2375 induxit.
1154 2331 1238 2377 llos-r.

178 2405 262 2469 ligitur
283 2422 290 2456 ι
314 2417 340 2455 st
364 2407 469 2455 sederim
493 2405 684 2472 oomumpeudoa
726 2435 762 2446 -
781 2406 906 2472 signifieat
924 2407 1038 2466 Tullius,
1056 2405 1163 2455 animum
1185 2406 1237 2466 ejus

178 2484 255 2533 Elius
276 2486 385 2534 Staienus
404 2486 481 2546 index
502 2486 554 2550 ipse
574 2486 684 2535 desinaus
727 2502 843 2551 amesque
855 2486 1018 2554 peregrinatus
1032 2501 1090 2534 ease.
1108 2486 1177 2534 Orat.
1190 2500 1237 2549 pro

178 2564 294 2628 septimus
302 2574 451 2628 maeeperat3
461 2581 537 2628 Qum
547 2566 685 2614 numdses·
727 2566 792 2614 Sulla
808 2580 815 2615 τ
833 2589 846 2608 ι
857 2566 949 2614 Adeste
967 2580 1051 2613 omnes
1067 2564 1169 2621 animis,
1194 2565 1237 2626 qui

178 2653 229 2701 aet,
240 2645 270 2692 G.
288 2642 453 2691 Fidiculanius
464 2643 560 2692 Falcula
574 2644 605 2692 ad
618 2660 685 2693 oom-
727 2644 816 2693 adestis
828 2644 972 2709 corporibus
983 2665 1005 2690 a.
1018 2645 1094 2691 in.-
1099 2642 1166 2701 Nos,
1178 2645 1238 2690 tior·

177 2720 292 2793 plaudam
306 2722 437 2786 Oppianici
452 2722 630 2772 damnationem
645 2723 685 2771 di·
727 2734 788 2773 tom.
798 2724 913 2787 sequuti,
923 2721 1032 2787 adficisse
1044 2721 1194 2784 scripsimus.

179 2798 278 2846 sebatur
293 2816 344 2849 esse
361 2804 509 2865 suppositus.
528 2805 588 2851 iisse
605 2814 685 2851 autern
767 2805 807 2851 13.
829 2800 958 2864 Tantisper
968 2799 1000 2845 de
1012 2798 1096 2862 aliquo
1111 2814 1152 2846 reo
1170 2797 1240 2861 eogi-

70 2904 77 2933 3
179 2874 211 2924 ad
220 2886 316 2942 tempus
326 2879 440 2928 dicuntur
451 2892 479 2930 ut
487 2898 565 2931 eausa
578 2884 684 2946 saraim
729 2893 802 2930 rasse.
812 2883 897 2927 liaeete
906 2878 999 2926 dietum
1008 2891 1015 2924 τ
1025 2892 1076 2923 non
1084 2875 1238 2935 attendebat,

64 2972 75 2999 ι
179 2970 235 3002 nam
244 2955 270 3002 iu
279 2956 421 3007 Cluentiana
431 2960 606 3010 Fidiculanium
616 2976 686 3010 exeu-
729 2960 823 3024 iuquit,
830 2958 888 3006 dum
896 2951 1111 3009 alii'testinaonimu
1118 2954 1236 3001 dicerent:

93 3079 94 3082 ,
179 3036 593 3104 ωιΗοπῸι.-Ιιιοηιεᾳυοά
602 3058 686 3089 eornm
729 3038 772 3086 aed
795 3038 886 3085 interea
909 3034 1047 3099 cogitabat,
1069 3050 1100 3080 ¹¹¹
1124 3048 1238 3095 ¹¹¹¹¹il¹¹⁸m

75 3112 89 3183 ’Ἴ
177 3114 287 3175 judiouru
301 3117 379 3177 maj0r
393 3134 449 3181 pars
465 3118 592 3180 judicarit,
609 3120 636 3165 id
647 3120 687 3180 jus
720 3116 803 3179 ¹simili
824 3116 922 3163 fortuna
944 3116 979 3162 uti
1001 3125 1100 3179 posset,
1124 3111 1191 3175 ‘1⁰¹5
1212 3114 1238 3159 ¹¹¹

179 3204 307 3258 ratumque
316 3207 377 3244 esto.
390 3197 494 3261 Quodsi
505 3213 576 3260 equo
586 3212 687 3244 numero
731 3195 861 3259 Oppianici
870 3195 965 3255 judieio
975 3210 1033 3241 usus
1043 3203 1103 3241 erat.
1115 3194 1239 3239 nmen.

180 3272 281 3321 fuissent
289 3276 427 3333 sententie,
440 3292 495 3324 reus
506 3274 686 3324 absolvebatur.
769 3269 1240 3338 rs.1nreili3sreproeclare,qaidraura

180 3353 244 3400 Naau
256 3353 436 3403 favorabiliores
445 3356 492 3413 rei,
503 3369 576 3418 quam
584 3364 687 3405 actores.
731 3364 834 3417 optaret.
843 3353 1012 3401 Mireiuvertit
1021 3350 1151 3399 adversarii
1160 3349 1242 3396 deien-

180 3431 270 3480 (ἴω.
731 3433 833 3481 sionem
849 3435 964 3481 Armatus
975 3434 1039 3479 enim
1054 3441 1078 3479 et
1090 3437 1242 3477 conteratos

218 3526 258 3559 rr.
272 3511 311 3557 Ne
322 3522 382 3558 santa
395 3511 501 3576 quidem.
514 3508 639 3575 Signiiioat
650 3520 687 3558 ta·
731 3528 746 3559 a
759 3528 784 3559 se
798 3510 911 3560 homines
923 3512 994 3559 luiaas
1006 3506 1155 3575 predicabat
1165 3504 1242 3551 AEbn·

179 3587 343 3636 eitnrnitatem
365 3591 476 3639 oomltari
498 3589 686 3639 eouieaaioussa.
731 3591 796 3650 tina,
816 3591 860 3638 aed
879 3591 928 3651 ita,
944 3600 972 3637 ut
992 3599 1121 3654 propterea
1138 3592 1242 3631 amatos

180 3665 262 3714 Natus
281 3678 317 3714 eat
337 3669 478 3725 annuentis,
502 3679 527 3717 et
550 3667 687 3726 renuentis,
732 3671 807 3717 irrisas
822 3669 929 3727 diceret,
946 3666 1002 3731 quia
1019 3682 1064 3731 per
1081 3666 1131 3723 vina
1147 3661 1242 3712 Ctecina

180 3746 308 3809 minusque
327 3756 363 3795 est
382 3757 459 3804 nuta,
480 3762 551 3810 quem
569 3748 689 3795 orations.
732 3749 758 3796 iu
776 3748 853 3813 ipsius
874 3748 977 3795 fundum
990 3744 1085 3808 ingredi
1097 3752 1241 3789 conaretur:

182 3824 283 3872 Puera.
734 3838 759 3875 et
776 3842 858 3874 seeum
872 3825 986 3890 preclare
999 3834 1079 3870 aetum
1095 3837 1159 3876 esse,
1173 3817 1251 3882 quod
1324 3867 1328 3876 ,

219 3916 261 3951 ra.
277 3905 341 3953 Eum
354 3920 403 3953 non
418 3902 524 3969 abfuisse
536 3902 627 3951 animo.
644 3903 690 3951 Al·
734 3921 790 3954 eum
808 3905 950 3952 comitatum
970 3917 1050 3949 seeum
1069 3898 1190 3947 babuerit.
1208 3901 1243 3945 At

181 3979 239 4038 dus,
254 3992 279 4028 et
292 3998 388 4042 ornnes,
405 3999 468 4047 quos
483 3983 548 4040 vidi,
562 3993 654 4031 vetersa
667 3993 692 4031 et
734 3994 817 4033 orator
824 3984 888 4031 bane
897 3985 975 4047 ipsam
983 3980 1149 4029 defensionem
1158 3976 1241 4025 adver-

182 4060 282 4123 aeripti,
298 4071 322 4107 et
339 4062 462 4126 impressi,
482 4058 608 4127 adficisse,
623 4060 690 4125 quod
735 4065 792 4112 sarii
802 4079 880 4112 musta
890 4077 964 4125 quam
973 4060 1076 4109 manime
1082 4057 1242 4107 adversariam

182 4150 257 4199 quum
268 4139 394 4202 perspicue
407 4139 558 4199 recensuit,
570 4154 621 4186 nora
634 4138 692 4185 satis
735 4143 812 4191 videri
822 4142 882 4191 vult.
894 4141 968 4189 lnaar.
