3016 4774
319 308 387 382 552
678 307 960 378 EXCURSUS
988 307 1014 375 1.

315 433 465 522 praesenti
484 431 563 517 (sive
578 454 663 521 ager,
682 432 755 497 sive
765 429 846 519 quid
860 429 948 495 aliud
964 428 1045 517 est),
1062 450 1164 517 mum
1182 429 1393 495 adversarius

315 539 532 605 adversarium
553 539 651 603 simul
673 560 773 603 manu
796 536 1030 628 prehenderet,
1053 537 1089 599 in
1113 558 1150 600 ea
1167 560 1203 600 re
1233 538 1393 601 omnihus

314 644 420 711 verbis
436 643 614 726 vindicare,
630 642 665 707 id
677 660 740 724 est,
752 642 890 707 vindicis
905 658 1053 731 correpta
1072 641 1085 729 (
1091 640 1273 705 vmdses‘am
1285 658 1391 707 autem
1467 702 1468 705 ,

314 752 368 815 hic
390 751 574 832 surculum,
597 751 664 814 sive
678 750 854 831 festucam,
872 749 1001 837 opinor,
1019 749 1176 837 appellat:
1198 770 1284 835 quae
1308 747 1393 811 aliter

314 856 457 921 vindicta
469 856 597 932 dicitur,
614 872 651 919 ut
662 877 765 943 quum
779 855 862 918 servi
870 854 1030 935 vindicta,
1041 852 1076 917 id
1087 870 1152 936 est,
1168 854 1266 943 virga
1277 875 1392 917 manu·
1465 858 1466 897 ἒ

313 957 398 1021 mitti
409 956 582 1040 dicuntum
596 956 729 1046 propius
741 957 829 1020 enim
845 954 886 1019 ad
902 954 1037 1020 vsnduri'
1050 975 1189 1036 nomen,
1207 954 1312 1019 unde
1322 957 1392 1017 vn·

313 1057 400 1123 dictu
414 1056 555 1129 deducta
574 1073 639 1140 est,
653 1056 789 1144 accedit)
807 1079 923 1121 manus
945 1057 1028 1135 inre
1046 1073 1143 1145 atque
1158 1056 1194 1119 in
1210 1056 1296 1120 loco
1311 1077 1389 1145 pru-

314 1161 397 1238 senti
415 1184 584 1233 conserere
601 1184 609 1227 z
629 1159 719 1249 quod
733 1158 822 1248 apud
837 1175 1008 1248 pretorem
1027 1159 1073 1246 <id
1086 1175 1154 1240 est,
1171 1175 1345 1246 praeseme
1358 1160 1389 1221 iu

316 1289 393 1355 agro
411 1266 561 1355 praetore)
575 1289 614 1331 ex
632 1266 696 1331 XII
712 1264 829 1337 tabulis
845 1262 960 1346 fiebat,
974 1264 1009 1328 in
1030 1263 1149 1352 quiban
1164 1263 1211 1329 ita
1225 1265 1388 1354 scriptum

316 1389 379 1447 est:
393 1372 426 1436 Si
437 1373 538 1459 quiin
548 1373 623 1452 jure
630 1393 763 1434 manum
773 1388 961 1437 conserunt.
973 1371 1036 1436 Sed
1047 1388 1222 1460 postquam
1233 1387 1387 1459 praetores

314 1479 497 1565 propagatis
513 1477 610 1540 Italiae
624 1475 762 1558 finibus,
778 1476 850 1542 latis
860 1476 1156 1558 jurisdictionibus,
1176 1477 1325 1565 negotiis
1336 1497 1386 1540 nc·

313 1582 439 1668 enpati,
457 1579 617 1668 proficisci
632 1580 844 1649 vindiciarum
860 1582 1070 1647 dicendarum
1083 1604 1179 1646 causa
1187 1582 1386 1672 longinquas

312 1687 412 1750 iures
427 1687 652 1776 gravabantur,
666 1689 852 1773 institutum
871 1705 921 1753 est
934 1706 1049 1755 contra
1066 1690 1131 1753 XII
1146 1689 1277 1753 tabulas
1293 1688 1385 1752 tacito

313 1814 491 1875 consensu,
508 1811 546 1858 ut
562 1794 722 1883 litigantes
739 1818 808 1858 non
821 1795 855 1857 in
870 1795 944 1873 jure
960 1793 1048 1883 apud
1060 1810 1233 1887 praetorem
1248 1814 1383 1859 manum

312 1915 531 1983 consererent,
548 1900 605 1964 sed
616 1922 655 1965 ex
664 1901 737 1981 jure
754 1922 856 1963 manu
871 1917 1058 1964 consortum
1076 1917 1251 1982 vocarent,
1269 1898 1305 1963 id
1323 1914 1383 1977 est,

313 2005 393 2069 alter
409 2006 547 2071 alterum
566 2029 604 2071 ex
617 2007 691 2087 jure
704 2004 747 2069 ad
768 2004 1002 2077 conserendam
1027 2028 1161 2070 manum
1182 2007 1217 2069 in
1235 2028 1325 2086 nem,
1341 2003 1379 2069 (le

314 2133 378 2197 qua
396 2126 554 2198 ageretur,
575 2129 723 2192 vocaret,
744 2126 842 2199 atque
860 2111 999 2199 profecti
1016 2111 1113 2175 simul
1133 2111 1167 2174 in
1191 2134 1325 2199 agrum,
1342 2106 1380 2171 dc

314 2240 381 2305 quo
395 2217 592 2308 litigabatur,
610 2235 701 2283 terre
724 2217 846 2305 aliquid
864 2240 904 2281 ex
920 2240 979 2299 eo,
999 2218 1101 2282 veluti
1114 2241 1215 2284 unam
1234 2220 1376 2309 glebam,

312 2324 347 2389 in
366 2324 421 2403 jus
438 2325 473 2389 in
492 2324 614 2387 Urbem
631 2322 673 2385 ad
691 2339 862 2410 proetorem
887 2320 1128 2388 defensurum
1150 2326 1246 2389 in-ea
1270 2323 1378 2415 gleba,

313 2443 479 2514 tamqnam
493 2428 527 2489 in
543 2442 613 2490 toto
622 2448 718 2514 agro,
732 2426 962 2493 vindicarent».
974 2424 1051 2493 Haec
1063 2430 1197 2496 Gellius.
1209 2433 1247 2495 In
1260 2430 1378 2519 quihus

311 2531 392 2595 illud
406 2530 645 2599 observandum
663 2548 729 2608 est,
745 2532 1005 2603 heremannum
1025 2538 1265 2603 consertionem
1283 2538 1376 2601 etiam

311 2652 382 2700 tum
403 2633 475 2700 fieri
491 2636 617 2701 solitam
637 2659 742 2725 quum
763 2637 805 2702 de
824 2661 1011 2728 possessore
1032 2656 1223 2708 constaret:
1243 2657 1379 2707 etactor

312 2739 542 2822 vindicatione,
563 2741 679 2823 idest,
697 2744 733 2806 ia
747 2746 962 2826 rem‘actione
981 2747 1030 2809 uti
1045 2747 1157 2828 vellet;
1177 2747 1375 2836 quodetiam

311 2848 426 2915 Cicero
445 2849 647 2915 demonstrat
662 2852 696 2914 in
709 2867 790 2935 orat.
808 2874 869 2939 pro
877 2852 1040 2934 Mus-esna,
1059 2870 1092 2917 et
1106 2854 1161 2918 lib.
1179 2854 1221 2919 de
1235 2857 1325 2919 Orat.
1339 2854 1353 2913 l
1367 2872 1373 2910 :

310 2955 534 3043 «Multisque,
553 2957 678 3043 inquit,
699 2978 888 3043 praeessem,
915 2958 972 3046 qui
994 2974 1051 3021 aut
1075 2960 1249 3024 interdicto
1270 2977 1374 3023 tecum

310 3061 626 3140 contenderent,aut
636 3077 714 3124 teex
720 3061 793 3139 jure
804 3084 904 3125 manu
911 3080 1098 3127 consertum
1107 3082 1278 3144 vocarent,
1289 3057 1374 3151 quod

309 3167 344 3229 in
360 3165 477 3229 alienas
495 3166 713 3251 possessiones
732 3184 798 3231 tam
814 3184 935 3232 temere
948 3170 1098 3233 inruisses
1116 3192 1125 3232 :
1142 3186 1275 3257 agerent
1290 3167 1372 3233 enim

309 3286 418 3351 tecum
432 3269 501 3356 lege
517 3270 711 3360 Pythagorei
729 3295 858 3353 omnes,
872 3272 1156 3362 vindicarentque,
1175 3291 1236 3340 etc.
1248 3307 1262 3331 ι
1278 3275 1374 3336 Inter·

309 3374 428 3441 (ἄσαιυι
440 3390 550 3441 autem
566 3398 607 3439 eo
623 3377 656 3439 in
672 3377 744 3440 loco
761 3398 828 3439 non
845 3377 909 3441 hoc
927 3375 968 3442 de
979 3379 1010 3441 vi
1024 3379 1212 3466 quotidiana
1228 3396 1261 3443 et
1274 3380 1370 3445 festu·

309 3481 392 3557 caria
408 3480 566 3570 significat
584 3506 592 3545 ε
609 3482 665 3546 sed
682 3481 724 3544 de
735 3482 767 3544 ri
782 3481 973 3547 hominibus
983 3476 1113 3549 armatis
1127 3486 1327 3573 coecusque,
1340 3483 1369 3545 in

309 3609 373 3673 qua
394 3586 514 3659 scilicet
530 3609 597 3653 non
615 3609 653 3649 ex
668 3586 741 3665 jure
759 3609 860 3653 manu
874 3601 1061 3651 consertum
1077 3591 1186 3653 vocari
1203 3592 1285 3654 solet
1298 3614 1306 3652 ε
1319 3583 1370 3652 sed

309 3690 479 3763 risrevera
493 3689 637 3757 adhibita
650 3707 707 3754 est.
725 3691 834 3771 Quare
846 3690 974 3756 duabus
991 3691 1032 3756 de
1045 3694 1150 3763 causis
1163 3724 1178 3749 ι
1187 3714 1287 3758 manu
1299 3713 1372 3757 cen·

309 3812 453 3863 sertum»
466 3798 652 3877 vocabatur,
668 3797 810 3884 primum
829 3821 932 3885 quum
943 3798 984 3865 de
1000 3794 1203 3887 possessione
1214 3799 1367 3889 agendum

237 3916 240 3927 ’
257 3926 262 3933 ·
309 3914 407 3979 esset,
422 3916 455 3963 et
470 3901 678 3967 interdictum
697 3932 711 3957 «
722 3899 811 3965 unde
827 3904 859 3963 vi
872 3902 1009 3990 simplici
1023 3919 1056 3967 et
1067 3904 1150 3981 civili
1163 3934 1191 3985 ν,
1209 3902 1369 3992 postulan-

307 4001 388 4085 dum
407 4024 415 4068 ;
434 4001 551 4067 deinde
564 4026 668 4090 quum
684 4006 802 4069 iurem
820 4005 965 4088 actione,
978 4008 1045 4071 sive
1053 4005 1267 4073 vindicatione
1278 4023 1366 4073 uten-
