3116 4774
348 429 421 517 454
672 434 722 501 Μ.
748 433 788 499 r.
814 432 1095 502 cronnorus
1130 382 1138 395 ⁸

338 556 546 628 -Hominum
564 552 742 627 nobilium
762 578 838 626 non
858 553 933 627 fere
951 556 1145 653 quisquam
1164 566 1296 626 nostrae
1311 553 1421 627 indu·

348 668 442 738 striae
463 664 575 754 liivet3
597 663 707 736 nullis
729 665 863 738 nostris
883 662 1011 737 officiis
1032 661 1314 735 benivolentiam
1333 663 1420 735 illo·

348 800 432 849 rum
451 775 593 848 allicere
611 796 829 871 possumus:
849 778 952 872 quasi
970 788 1099 846 natura
1117 789 1154 846 et
1171 776 1326 871 genere⁴
1340 773 1417 846 dis·

345 889 463 983 juncti
482 889 571 972 sint,
591 886 639 956 ita
657 883 833 957 dissident
854 910 874 955 a
892 884 999 957 nobis
1017 886 1140 957 animo
1160 908 1203 956 ac
1218 884 1415 957 voluntate.

348 1002 470 1090 Quare
489 993 578 1093 quid
595 992 758 1067 hubent⁵
775 1019 905 1067 eorum
922 996 1116 1067 inimicitiae
1131 995 1302 1093 periculi,
1319 1019 1413 1092 quo·

349 1132 431 1179 rum
454 1106 594 1178 animos
614 1105 689 1201 jam
709 1118 792 1177 ante
815 1102 985 1179 habueris
1007 1108 1173 1176 inimicos
1193 1118 1231 1176 et
1251 1102 1416 1190 invidos,

349 1240 460 1313 quam
482 1213 573 1285 ullas
591 1214 794 1284 inimicitias
812 1214 1035 1311 susceperis?

398 1320 673 1417 Quamobrem⁶
689 1321 801 1412 mihi,
823 1322 982 1418 judices,
1003 1321 1206 1421 optandum
1228 1336 1284 1394 est
1306 1321 1417 1410 illud,

349 1439 388 1508 in
412 1434 484 1507 hoc
501 1457 566 1504 reo
585 1431 699 1505 finem
720 1433 912 1506 accusandi
933 1431 1068 1520 facere,
1086 1456 1205 1529 quum
1222 1446 1261 1502 ct
1279 1430 1418 1529 populo

348 1566 502 1616 romano
517 1540 757 1631 satisfactum,
771 1558 808 1614 ct
821 1557 1008 1641 receptum
1021 1539 1184 1614 officium
1199 1540 1343 1630 siculis,
1355 1565 1419 1611 ne·

350 1653 511 1726 cessariis
538 1656 646 1741 meis,
670 1655 740 1724 erit
761 1654 999 1751 persolutum.
1023 1651 1273 1726 Deliberatum
1296 1665 1421 1723 nutem

352 1778 426 1850 est,
444 1761 549 1834 sires
567 1764 780 1860 opinionem
799 1787 935 1851 meam,
954 1787 1066 1861 quam
1089 1761 1135 1834 de
1155 1760 1261 1834 vobis
1279 1760 1419 1852 habeo,

350 1871 535 1962 fefellerit,
555 1898 631 1944 non
653 1871 766 1945 modo
787 1896 850 1945 eos
867 1874 1055 1971 persequi,
1077 1871 1124 1944 ad
1146 1896 1241 1971 quos
1262 1875 1427 1944 maxime

353 1983 460 2084 culpa
476 1985 640 2082 corrupti
655 1982 798 2080 judicii,
815 1981 880 2056 sed
902 1984 1009 2054 etiam
1029 1982 1127 2070 illos,
1144 1981 1190 2054 ad
1211 2007 1306 2081 quos
1326 2007 1416 2054 oon·

354 2095 510 2167 scientiae
531 2097 699 2192 contagio
717 2092 926 2191 pertinebit.
944 2090 1100 2165 Proinde
1114 2092 1222 2189 siqui
1236 2105 1337 2177 sunt,
1354 2090 1421 2188 qui

286 2202 287 2209 ’
354 2205 393 2274 in
410 2202 482 2275 hoc
502 2227 566 2275 reo
584 2216 648 2274 aut
663 2217 849 2301 potentes,
862 2217 926 2274 aut
943 2202 1115 2291 audaces,
1133 2216 1195 2273 aut
1208 2199 1360 2273 artifices
1372 2199 1420 2273 nd

354 2311 664 2410 corrumpendum
686 2312 865 2407 judicium
884 2312 1001 2385 velint
1021 2337 1117 2401 esse,
1134 2313 1183 2382 ita
1201 2313 1274 2382 sint
1287 2312 1419 2409 parati,
1521 2314 1522 2319 ’

352 2435 412 2506 ut,
441 2419 685 2518 disceptante⁷
711 2422 852 2519 populo
876 2447 1047 2511 romano,
1076 2446 1220 2494 mecum
1246 2420 1316 2492 sibi
1339 2444 1417 2492 rem

387 2629 668 2695 ult'awraesgeesre
686 2630 864 2693 Quantam
942 2635 1418 2702 opumemoomesionpdo

350 2708 474 2760 hominem
489 2707 585 2757 bomini
596 2716 682 2757 nstnrs
694 2710 862 2770 commendes,
907 2714 1417 2781 m,aquthmhaeependns‚troem:
1519 2722 1521 2785 l

350 2807 396 2839 nec
409 2789 525 2840 different
536 2787 648 2837 homines
659 2788 724 2836 inter
732 2804 757 2837 se
767 2803 864 2853 genere,
907 2791 960 2841 Etsi
977 2792 1067 2842 fortem
1086 2794 1194 2843 eninm
1205 2794 1364 2859 oppedum
1374 2794 1420 2843 sin
1520 2844 1521 2847 ,

350 2866 864 2933 sedenimosoepescvoluntste.-Anisso
906 2868 1028 2919 nobilium
1045 2872 1194 2933 inimicitiis,
1209 2889 1270 2938 quse
1288 2872 1421 2938 sspcrsbo,
1520 2896 1521 2901 ¹

349 2950 518 2999 aceolumase
525 2947 653 3013 ”mrim
662 2958 797 3012 ponuntur,
805 2945 863 2995 lieet
906 2954 1067 3015 φωναῖς
1087 2951 1218 3010 ὼοΙιιιο,
1235 2950 1324 3013 indicii
1338 2968 1420 3001 eomu-

350 3040 432 3080 motus
444 3027 518 3076 animi
528 3027 561 3075 sit
569 3025 699 3086 voluntas,
709 3026 793 3091 itaque
801 3042 862 3076 con·
906 3040 991 3095 ptores
1001 3031 1137 3090 scopabo,
1154 3031 1237 3080 mslim
1248 3041 1330 3080 temen
1338 3030 1364 3081 is
1372 3027 1419 3079 see

347 3104 631 3171 iungunturtnepistoln
637 3103 669 3153 sd
676 3105 864 3157 Rnlumzaet're·
906 3109 1035 3177 reofieess
1052 3108 1295 3176 ucusmdifmrs.
1310 3107 1359 3160 Sed
1369 3124 1421 3158 mo·

350 3186 385 3233 do
400 3201 439 3233 ms
462 3183 561 3250 quidem
582 3182 629 3231 tibi
650 3199 697 3248 pro
718 3185 795 3233 enimi
813 3187 862 3235 mei
904 3187 1420 3253 mmmmm-netimeas·

347 3262 511 3313 voluntate...
537 3261 687 3327 rescripsisse
704 3284 732 3322 ι,
752 3274 777 3313 et
794 3265 862 3330 epod
903 3268 983 3330 est‚ss'
993 3284 1063 3320 res...
1073 3268 1305 3335 sdqsosssaxs'sse.
1318 3267 1419 3317 mans

349 3341 489 3391 Lucretium
512 3338 578 3389 libro
596 3342 642 3389 11:
661 3341 723 3388 -nx
738 3343 861 3407 animique
903 3346 998 3409 indices
1012 3348 1071 3411 ipsi.

347 3422 475 3471 volnnrste
487 3418 514 3467 id
526 3418 658 3484 procedere
669 3420 777 3485 primum
785 3442 808 3470 ι.
942 3444 965 3489 ⁷·
984 3425 1147 3490 Dissspssnss.
1167 3425 1256 3475 Μία
1269 3424 1365 3491 popolo
1375 3440 1419 3474 re-

382 3502 407 3550 5.
419 3501 501 3564 Quare
510 3498 573 3563 quid
582 3497 675 3546 labent
683 3514 766 3547 eorum
775 3499 860 3550 inieni-
903 3520 988 3564 meo,
1002 3522 1059 3554 mm
1069 3505 1202 3571 disceptare
1210 3505 1301 3567 judicis
1311 3517 1358 3553 est.
1370 3506 1420 3555 Pro

344 3580 430 3633 cirris?
451 3577 557 3629 Periculi
576 3576 655 3627 nihilo
675 3578 731 3643 plne
752 3578 857 3641 hebent,
902 3584 1419 3651 Milomgniniaspoepoelsusqmrioni,

345 3679 418 3728 quam
440 3659 579 3718 hebebant,
605 3667 734 3723 antequem
759 3659 860 3710 indicte
903 3663 1084 3730 thnejuste,
1093 3664 1263 3730 sspientsrqus
1272 3664 1421 3728 disceptum

345 3753 482 3806 apertaque
495 3749 591 3802 essem
608 3737 673 3789 iden
686 3738 752 3787 enim
765 3755 861 3803 semper
903 3743 970 3794 Iden
982 3760 1029 3810 pro
1041 3746 1161 3807 Deiotaro
1171 3759 1180 3794 ι
1191 3745 1422 3794 «simeron-

344 3822 438 3868 snimne
448 3821 494 3869 fuit
505 3856 513 3883 ,
523 3819 637 3868 inimicos
647 3817 776 3876 videlicet,
786 3829 858 3882 etque
903 3824 929 3871 in
947 3824 1003 3873 loro
1016 3824 1137 3885 dionem,
1150 3822 1238 3873 eodem
1249 3822 1379 3879 sudines,
1392 3833 1421 3872 st

345 3894 376 3943 sd
383 3898 525 3946 nocendum
532 3913 677 3963 propensus.
687 3900 774 3962 ltsque
783 3914 860 3962 quum
903 3902 1053 3967 disceptante
1063 3914 1087 3951 te
1094 3924 1119 3952 ·.
1128 3903 1256 3952 Interdum
1261 3899 1420 3965 vslffilitiflo,

346 3974 437 4025 invidis
456 3977 489 4023 sit
506 3976 601 4024 virtutis
620 3992 716 4037 comes,
733 3991 763 4025 co
783 3976 859 4040 mgis
906 3982 1038 4032 oontsndo.
1058 3983 1106 4031 Pro
1125 3982 1218 4030 lebo:
1232 3978 1304 4043 «Qui
1319 3993 1372 4030 nou
1387 3978 1421 4030 ds

345 4049 522 4109 lsborsndnm,
548 4064 575 4100 nt
593 4063 643 4101 tots
664 4055 714 4107 viss
730 4062 814 4125 nostre
829 4055 862 4105 sit
906 4075 950 4108 suo
964 4061 1042 4120 lecto,
1056 4060 1099 4109 sed
1114 4059 1144 4109 ds
1157 4060 1258 4125 publico
1273 4060 1327 4120 iure
1341 4057 1422 4108 dises-

343 4130 494 4179 ssnctissims
504 4129 644 4192 meritisque
653 4130 806 4193 gmsissims.
905 4149 988 4203 put..
