3054 4772
436 423 712 493 EXCURSUS
736 423 902 492 XXVII.
1130 419 1201 492 613

133 546 185 613 eis
199 546 233 611 in
248 545 374 611 civitate
391 566 521 610 manere
536 546 661 611 licebat.
675 547 771 610 Ionsr.
780 581 822 594 —
831 537 973 631 Sufferre
990 543 1072 631 pati,
1091 556 1126 606 ut
1132 565 1203 631 poe-

10 694 15 729 ,
133 675 198 716 nas
208 648 319 739 suffen
335 651 370 715 in
383 650 474 717 Catil.
490 665 522 715 ct
537 673 597 739 pm
613 652 739 719 Flacco.
753 649 885 714 Passus.

133 844 1189 873 mmmmmmmwmmfflm

248 1043 730 1169 EXCURSUS
773 1042 1098 1163 XXVIII

219 1272 283 1341 to
306 1270 578 1343 ousnonnu
602 1270 694 1338 mo
718 1268 914 1354 cuorus,
941 1269 1038 1337 cnr.
1065 1266 1122 1350 34·

549 1428 786 1455 -Φ--ι

189 1592 290 1680 Qusm
312 1606 407 1680 pater
420 1603 572 1679 patratus
592 1589 719 1654 dedidit.
742 1591 839 1654 Pater
851 1607 1019 1680 patratus,
1045 1592 1201 1657 fetialium

136 1697 311 1785 princeps,
337 1697 411 1784 qui,
435 1697 461 1760 si
483 1695 563 1783 quid
584 1717 660 1759 cum
680 1695 828 1759 hostibus
850 1696 1060 1784 patrandum,
1080 1696 1115 1761 id
1135 1715 1204 1781 est,

10 1874 11 1881 ἵ
134 1817 195 1866 aut
203 1802 293 1884 belli,
305 1817 362 1866 aut
373 1802 460 1889 pacis
474 1823 568 1866 causa
579 1801 823 1891 transigendum
836 1818 938 1883 esset,
952 1804 1064 1891 populi
1075 1806 1201 1868 romani

133 1908 270 1972 nomine
286 1908 442 1995 patrabat.
462 1906 649 1972 Dedebatur
665 1923 774 1971 autem
792 1907 961 1990 hostibus,
978 1909 1034 1996 qui
1057 1932 1132 1973 cum
1156 1911 1202 1975 cis

135 2028 248 2099 pacem
264 2013 397 2094 fecerat,
410 2035 507 2100 quam
521 2014 661 2100 populus
674 2034 828 2078 romanus
841 2028 943 2077 ratam
955 2011 1074 2078 habere
1088 2015 1199 2080 nollet.

135 2118 216 2181 Eam
231 2116 427 2182 deditionem
436 2132 534 2206 pater
543 2130 712 2207 patratus,
728 2140 768 2180 cx
788 2117 944 2181 fetialium
961 2118 1095 2207 collegio
1116 2141 1204 2181 crea·

136 2238 207 2305 tus,
224 2223 377 2311 patrabat.
395 2225 444 2288 De
465 2223 629 2287 deditione
649 2223 833 2309 exemplum
850 2238 898 2285 est
919 2237 1036 2285 notum
1050 2223 1203 2287 omnibus

136 2326 177 2392 de
195 2329 235 2392 Τ.
252 2329 407 2410 Veturio,
431 2343 464 2393 ct
479 2328 535 2415 Sp.
554 2327 741 2408 Postumio,
764 2327 821 2414 qui
841 2325 942 2391 dediti
969 2350 987 2389 a
1005 2328 1203 2392 Samnitibus

135 2432 296 2522 repudiati
308 2449 401 2498 sunt:
413 2432 501 2521 apud
513 2433 638 2498 Livium
651 2431 708 2495 lib.
718 2433 775 2497 lx.
783 2433 833 2496 De
843 2431 997 2497 Mancino
1015 2433 1110 2497 etiam
1126 2448 1202 2497 nota

136 2555 184 2603 est
198 2539 332 2603 historia
346 2561 385 2602 ex
398 2538 571 2601 Plutarcho
587 2538 620 2600 in
637 2537 859 2603 Gracchorum
876 2538 957 2619 rita,
970 2538 1061 2602 Livio
1076 2538 1132 2602 lib.
1147 2539 1202 2601 LV

136 2656 169 2706 et
179 2643 266 2725 LV13
279 2642 407 2706 Valerio
419 2640 475 2707 lib.
488 2644 524 2723 l,
538 2665 606 2730 cap.
622 2642 658 2723 6,
673 2659 706 2706 et
717 2643 886 2718 Cicerone,
897 2643 954 2706 lib.
971 2642 1012 2707 de
1026 2642 1119 2707 Ollio.
1132 2645 1199 2726 Ill,

136 2749 170 2811 in
184 2748 330 2836 Topicis,
348 2765 381 2813 et
398 2748 453 2812 lib.
466 2747 509 2816 dc
523 2750 658 2813 Oratore
677 2750 711 2831 1,
727 2748 777 2812 his
793 2749 899 2812 verbis
920 2771 928 2811 ε
948 2780 961 2803 «
971 2749 1004 2812 Si
1021 2750 1057 2812 C.
1074 2749 1200 2817 Manci-

135 2874 216 2917 num
232 2853 470 2923 nobilissimum
486 2870 584 2941 atque
602 2854 763 2942 optimum
782 2854 907 2933 virum,
926 2876 963 2916 ac
981 2854 1203 2936 consularem,

136 2981 238 3048 quum
249 2977 384 3049 propter
396 2961 549 3027 invidiam
561 2961 753 3026 Numantini
765 2960 894 3027 foedcris
902 2976 994 3048 pater
1004 2975 1147 3047 patratus
1163 2982 1201 3026 ex

136 3065 167 3130 S.
187 3068 223 3131 C.
243 3067 450 3131 Numantinis
468 3066 658 3149 dedidisset,
677 3088 819 3154 eumque
839 3066 884 3129 illi
903 3087 969 3129 non
987 3065 1201 3154 recepissent,

135 3187 310 3260 posteaque
327 3172 498 3237 Mancinus
516 3172 653 3236 domum
669 3173 861 3251 revenisset,
880 3173 1034 3259 usquein
1048 3186 1197 3235 senatum

137 3276 268 3342 introire
279 3275 470 3358 dubitasset,
487 3277 521 3341 P.
538 3276 678 3340 Rutilius
690 3277 734 3341 M.
752 3276 788 3340 F.
802 3276 956 3341 tribunus
970 3275 1013 3366 pl.
1032 3275 1072 3341 de
1086 3293 1199 3341 senatu

133 3382 226 3461 jussit
243 3380 354 3464 educi,
372 3381 463 3470 quod
480 3404 555 3446 eum
571 3383 674 3451 civem
691 3397 824 3471 negaret
842 3405 931 3447 esse:
949 3383 1024 3470 quia
1042 3383 1197 3446 memoria

137 3486 181 3550 sic
197 3503 280 3551 esset
293 3485 477 3574 proditum,
495 3509 592 3575 quem
607 3502 697 3575 pater
714 3510 803 3570 suus,
816 3503 873 3550 aut
886 3487 1026 3576 populus
1038 3485 1200 3551 vendidis-

10 3664 12 3673 ,
136 3608 198 3674 set,
218 3606 275 3657 aut
292 3607 383 3679 pater
400 3608 543 3679 patratus
560 3590 750 3674 dedidisset,
767 3594 795 3655 ei
814 3592 940 3655 nullum
958 3613 1026 3655 esse
1039 3590 1198 3678 postlimi-

137 3697 268 3761 nium».
293 3698 335 3760 Et
361 3696 447 3785 apud
470 3696 688 3784 Pomponium
713 3698 825 3761 JCtum
848 3697 870 3760 l.
894 3699 952 3760 ult.
976 3697 1016 3761 D.
1043 3694 1084 3759 de
1106 3695 1201 3786 legat.

29 3872 32 3875 ,
136 3802 268 3884 «Eum,
294 3802 426 3889 inquit,
451 3803 506 3890 qui
532 3802 673 3891 legatum
688 3803 874 3891 pulsasset,
899 3803 940 3885 Q.
965 3801 1095 3866 Mucius
1123 3799 1199 3865 dedi

136 3902 299 3984 hostibus,
318 3896 458 3992 quorum
482 3921 572 3968 crant
595 3905 705 3994 legati,
724 3903 835 3968 utilius
858 3926 926 3968 esse
947 3903 1061 3967 solitus
1080 3918 1130 3970 est
1148 3923 1199 3969 re-

138 4008 294 4096 spondere
314 4004 437 4100 iquem
451 4013 561 4077 hostes
581 4013 608 4075 si
628 4034 693 4075 non
714 4013 927 4099 recepissent,
945 4010 1115 4098 quesitum
1132 4025 1199 4088 est,

137 4136 173 4176 un
191 4115 267 4179 civis
284 4139 365 4180 rom.
384 4135 587 4182 remaneret:
609 4116 802 4204 quibusdam
824 4116 1079 4182 existimantibus
1098 4137 1202 4205 rema·
