3016 4774
303 399 376 469 ooo
646 399 919 470 EXCURSUS
949 400 1032 468 XX.
1493 484 1494 491 ἵ

197 508 212 563 ,'
299 519 339 583 lit
359 517 538 607 intelligere
554 517 597 583 de
619 541 660 584 eo
678 536 842 611 tempore,
865 542 970 610 quum
996 520 1146 586 Porsena
1165 520 1270 609 regis
1297 522 1407 610 copiis
1493 528 1494 557 ¹

301 624 417 689 urbem
432 624 571 691 obsedit
589 625 682 691 Maro
699 627 746 695 sic
763 627 895 709 extulit,
911 626 1044 693 AEneid.
1062 625 1140 691 vlu
1151 673 1161 708 ,
1174 626 1258 704 646
1276 648 1286 690 ε
1394 656 1396 659 ·
1491 676 1494 727 q

459 813 513 862 Neo
525 829 578 864 non
588 814 750 879 Tarquinium
763 815 869 877 ejectum
882 815 1005 864 Porsenna
1015 812 1118 875 jubebat

460 902 593 968 Accipere,
603 903 748 968 ingentique
759 902 846 953 urbem
859 901 989 955 obsidione
999 900 1134 969 premebat.

299 1063 369 1130 Noc
381 1085 460 1129 sane
472 1064 640 1152 probabile
658 1065 717 1147 sit,
735 1066 771 1129 in
785 1081 852 1129 tam
868 1064 979 1131 multis
998 1063 1174 1153 exemplis,
1188 1066 1394 1155 exemplum

299 1185 366 1235 tam
382 1184 495 1257 aptum
512 1169 611 1235 simul
626 1186 659 1234 et
671 1169 781 1235 nobile
797 1169 852 1234 hic
870 1169 970 1234 tuisse
981 1169 1268 1258 praetermissum,
1281 1193 1395 1259 neque

300 1296 319 1339 e
335 1274 423 1340 notis
444 1276 521 1342 Tar.
542 1292 600 1341 aut
619 1275 716 1365 Tarq.
737 1277 842 1340 faeere
862 1273 985 1357 Carbo,
1002 1274 1135 1340 librario
1153 1275 1302 1341 difficile
1317 1277 1390 1342 fuit.

299 1381 336 1447 P.
357 1382 480 1447 Fruar.
533 1398 537 1405 ‘

345 1487 449 1553 Carbo
464 1510 556 1565 sane,
573 1486 664 1575 quod
681 1509 748 1576 pres
766 1510 801 1552 se
817 1487 880 1552 iert
892 1487 928 1551 P.
944 1487 1128 1569 Manutius,
1144 1488 1255 1553 etalii
1274 1511 1388 1553 reeen-

297 1594 396 1659 tiores
411 1592 569 1674 editores,
585 1594 663 1658 ferri
678 1617 747 1659 non
761 1610 880 1683 potest.
898 1594 983 1660 Nam
1000 1593 1187 1660 Carbonem
1207 1608 1288 1660 non
1306 1617 1387 1660 eon·

297 1713 360 1764 stat
385 1698 427 1762 ab
451 1699 534 1764 urbe
558 1702 662 1765 Roma
690 1701 851 1783 dejectum
873 1723 957 1784 esse,
982 1700 1040 1766 sed
1064 1701 1213 1765 Arimino
1251 1717 1385 1766 tanturn

298 1804 442 1870 exercitu
460 1804 623 1894 Pompeii,
639 1822 678 1871 ut
692 1806 791 1871 tradit
806 1807 944 1896 Appien.
963 1806 1019 1871 lib.
1035 1807 1052 1871 1
1074 1807 1149 1871 Bell.
1165 1807 1263 1871 Civil.
1282 1805 1385 1871 Malui

297 1908 438 1974 retinere
455 1908 547 1998 quod
562 1910 597 1974 in
613 1911 736 1975 Erfurt.
747 1909 881 1999 aliisque
892 1911 976 1976 MSS
993 1927 1095 1976 exstat
1112 1934 1189 1975 oum
1206 1913 1381 1993 victorio,

297 2031 331 2079 et
350 2014 421 2080 Car.
447 2014 632 2105 Stephano,
653 2031 687 2080 et
709 2015 869 2097 Grutero,
896 2038 995 2105 quam
1022 2017 1136 2083 dubias
1161 2034 1195 2082 et
1217 2018 1381 2106 ancipites

297 2121 499 2205 conjecturas
518 2145 594 2187 curn
611 2122 763 2188 Manutio
776 2138 811 2187 et
825 2123 984 2188 lambino
997 2124 1151 2212 recipere.
1172 2124 1288 2191 (ἔω.

343 2228 434 2294 Unde
451 2229 565 2319 dq'ecti
577 2228 728 2295 Gallir’a
750 2229 922 2319 Capitolio
937 2230 1023 2295 Nota
1039 2247 1088 2295 est
1101 2230 1239 2295 historia
1260 2253 1271 2296 t
1294 2228 1375 2295 Gelli
1493 2256 1495 2265 ⁴

238 2345 244 2355 ’
295 2332 385 2399 Urbe
394 2351 488 2423 eapte
494 2352 528 2401 et
537 2335 668 2400 incensa
677 2383 687 2418 ,
697 2358 801 2424 quum
809 2357 917 2401 arcem
930 2356 1030 2400 unam
1041 2335 1191 2425 Capitolii
1206 2336 1326 2424 reliqui
1338 2357 1375 2399 ex

295 2440 452 2505 Romanis
475 2456 642 2524 tenerent,
664 2458 762 2506 nocte
786 2441 945 2507 sublustri
962 2443 1018 2507 alii
1032 2441 1102 2507 aliie
1118 2442 1239 2525 innixi,
1263 2441 1372 2507 suble·

295 2559 473 2630 venterque
488 2545 643 2627 invicem,
660 2545 695 2610 iu
710 2568 878 2611 summum
890 2570 1029 2613 evasere.
1046 2549 1205 2638 clangore
1218 2568 1372 2613 anserum
1493 2508 1496 2659 l

296 2649 343 2716 M.
361 2648 503 2714 Manlius
521 2651 679 2715 excitatus
696 2653 841 2741 primum
856 2653 1002 2735 Gallum,
1020 2655 1079 2743 qui
1094 2655 1162 2735 jam
1184 2654 1220 2719 in
1239 2672 1370 2719 summo
1495 2666 1496 2727 i

296 2755 504 2840 constiterat,
522 2755 690 2841 deturbat,
707 2760 800 2840 cujus
820 2781 914 2824 casus
930 2760 1071 2850 prolapsi
1085 2782 1188 2848 quum
1203 2761 1369 2849 proximos
1493 2730 1496 2869 l

294 2877 471 2945 sterneret,
483 2878 552 2927 tota
563 2864 713 2952 prolapsa
729 2863 812 2927 acies
827 2862 862 2927 in
880 2886 1023 2954 proeoeps
1035 2862 1140 2929 delata
1151 2880 1210 2930 est.
1229 2866 1310 2930 Haeo
1323 2862 1370 2928 Li·
1495 2872 1496 2945 l

294 2966 384 3050 vius,
401 2966 612 3051 Plutarchus,
627 2984 662 3033 et
678 2967 741 3033 alii.
759 2969 863 3032 Horu.
1494 2968 1496 2993 ¹
